4066 6174
615 2120 803 2196 CAPUT
832 2121 1019 2196 XXVIII.

143 2415 378 2509 Imperator
405 2415 609 2489 Lastense
631 2414 785 2489 bellum
803 2415 890 2489 Ras
917 2414 1014 2490 Sela
1042 2414 1230 2490 Christos
1248 2413 1482 2502 committit,

234 2557 278 2622 et
306 2547 582 2622 reluctantem
620 2548 745 2643 cogit,
782 2558 825 2622 ut
862 2538 1042 2645 iniq'uum
1075 2547 1211 2623 locum
1247 2558 1430 2642 occupet,
1459 2570 1482 2622 e

234 2704 314 2778 quo
344 2680 457 2756 illico
484 2681 676 2758 relicitur.

236 3048 264 3091 1.
289 3026 499 3090 Dancazium
523 3028 566 3090 ad
591 3030 756 3091 maiorem
776 3027 1029 3091 hebdomadam
1045 3027 1284 3090 celebrandam
1300 3046 1337 3090 se
1352 3030 1482 3110 recepit
1545 3039 1578 3087 Ρ.
1597 3038 1720 3090 mancus
1737 3054 1831 3092 aecer-

142 3141 345 3225 Imperator,
369 3152 546 3206 aestuante
570 3145 720 3206 maxime
743 3154 890 3226 pectore,
916 3144 1008 3225 quod
1031 3145 1135 3207 sciret
1165 3145 1355 3207 rusticanos
1384 3165 1481 3228 repe·
1507 3096 1829 3232 gffitffiffflus‘hm

144 3260 217 3321 titis
240 3278 379 3322 suorum
404 3257 601 3322 infortuniis
624 3261 783 3331 tumidos,
808 3258 930 3322 Lastae
954 3261 1095 3341 rupibus
1117 3261 1262 3332 omissis,
1286 3270 1360 3323 toto
1375 3280 1483 3344 regno

144 3374 401 3458 Bagamedrino
424 3376 604 3456 potituros,
628 3394 691 3439 nec
707 3376 938 3457 provinciales
960 3376 1145 3457 quidquam
1165 3373 1406 3458 refragaturos,
1422 3379 1482 3441 sed

144 3491 216 3554 illis
239 3510 417 3554 assensum
441 3510 509 3553 non
533 3502 676 3574 gravate
699 3494 930 3573 praebituros3
954 3491 1081 3554 multos
1100 3501 1276 3573 praeterea
1290 3493 1362 3554 suis
1377 3494 1411 3555 in
1428 3512 1483 3554 ca·

142 3607 223 3670 stris
246 3607 366 3668 vivere
390 3623 504 3668 rerum
527 3625 693 3668 novarum
716 3608 899 3680 studiosos
924 3606 982 3687 qui
1005 3608 1260 3670 clementiorem
1284 3608 1351 3670 sibi
1378 3605 1482 3670 fortu-

142 3741 224 3784 nam
247 3721 312 3784 sub
336 3740 427 3783 novo
451 3738 534 3802 rege
556 3722 772 3803 sponderent.
797 3721 876 3785 Non
899 3723 1087 3803 apparebat
1111 3722 1165 3784 cui
1188 3724 1274 3786 tanti
1297 3724 1380 3785 belli
1412 3743 1483 3786 mo·

143 3839 211 3900 lem
236 3838 404 3909 crederet,
429 3856 507 3899 cum
531 3847 646 3900 nosset
669 3837 819 3900 omnium
841 3838 990 3900 hostium
1016 3848 1180 3900 terrorem
1197 3857 1299 3900 unum
1316 3857 1392 3901 esse
1409 3838 1484 3901 Res

140 3951 226 4017 Sela
250 3949 407 4016 Christos
429 3953 490 4035 qui
513 3971 685 4016 recessum
708 3973 806 4016 suum
818 3950 1045 4035 Serquensem
1062 3963 1143 4016 tunc
1159 3955 1295 4017 colebat
1309 3955 1483 4037 podagrae

140 4068 382 4151 aegrotatione
404 4077 439 4131 et
462 4068 567 4130 animi
590 4069 804 4151 aegritudine
828 4067 1014 4141 confectus,
1039 4069 1084 4130 ob
1114 4079 1249 4132 veteres
1279 4088 1381 4151 agros
1411 4088 1482 4132 ere·

140 4194 231 4267 ptos,
255 4193 292 4246 et
315 4180 482 4264 Gojamae
505 4184 743 4265 principatum,
768 4203 829 4266 per
852 4203 959 4247 annos
982 4185 1106 4265 viginti
1131 4184 1352 4267 integerrime
1375 4186 1483 4247 admi·

141 4300 337 4363 nistratum.
361 4297 438 4380 Qua
461 4300 505 4362 de
528 4318 632 4361 causa
655 4319 718 4361 nec
742 4301 817 4381 ipse
839 4299 1013 4371 bellando,
1038 4319 1099 4362 nec
1123 4298 1313 4381 Imperator
1336 4301 1402 4381 ipsi
1433 4302 1482 4363 in·

141 4415 288 4479 vitando
320 4424 401 4485 erat,
437 4433 515 4476 cum
546 4411 648 4477 facile
672 4415 762 4477 elabi
793 4425 918 4495 posset,
950 4415 996 4476 ob
1026 4425 1096 4476 tam
1127 4414 1260 4477 validas
1290 4416 1333 4477 ad
1365 4416 1482 4498 iugum

141 4532 388 4595 excutiendum
414 4531 574 4593 rationes.
599 4526 684 4592 Cum
708 4530 863 4612 patribus
886 4531 992 4593 semel
1017 4530 1081 4592 hac
1109 4531 1151 4592 de
1182 4549 1218 4593 re
1249 4532 1422 4594 collocuto
1445 4551 1482 4594 se

141 4648 268 4712 obtulit
293 4667 326 4728 p.
350 4645 506 4708 Didacus
530 4648 574 4709 ad
598 4646 694 4708 illum
720 4647 974 4717 accersendum,
999 4656 1033 4709 et
1056 4654 1093 4708 ut
1117 4646 1199 4708 belli
1224 4665 1311 4708 onus
1333 4648 1481 4729 suscipe·

140 4774 194 4827 ret
216 4763 471 4834 adducendum,
495 4762 679 4825 dummodo
704 4761 777 4843 ipse
802 4771 936 4844 gratum
971 4762 1112 4824 haberet
1135 4762 1335 4842 obsequium
1364 4773 1398 4825 et
1425 4782 1483 4824 ne·

140 4880 312 4943 cessarias
336 4879 379 4940 ad
402 4886 535 4941 tantum
559 4876 687 4939 bellum
711 4878 946 4940 sustinendum
962 4878 1079 4958 copias
1095 4878 1336 4959 suppeditaret.
1357 4877 1485 4941 Omnia

138 4995 322 5078 pollicitus
345 5004 397 5055 est
421 4991 620 5073 Imperator,
645 5003 679 5055 et
702 5003 810 5074 pater,
834 5012 901 5074 quo
925 5003 998 5054 erat
1021 4994 1152 5064 ardore,
1177 4995 1297 5056 castris
1313 5013 1484 5075 egressus,

140 5110 319 5175 dominica
342 5109 379 5170 in
402 5109 507 5170 ramis
530 5109 732 5190 palmarum,
758 5106 843 5170 feria
863 5118 963 5171 sexta
978 5108 1129 5172 eiusdem
1145 5109 1390 5181 hebdomadae,
1407 5130 1483 5172 cum
