4058 6178
645 566 761 615 LIBER
785 566 824 623 11,
856 565 981 614 CAPUT
1004 566 1044 616 11.
1452 557 1506 616 161

266 731 321 775 20.
345 710 431 775 Cum
454 730 538 796 ergo
568 710 753 775 Pontifices
784 712 937 776 Romani
967 713 1143 795 principes
1173 714 1242 776 sint
1271 715 1424 776 omnium
1447 713 1512 776 Pa·
1575 723 1696 773 Romani
1711 723 1865 774 Pontifices

182 828 401 891 triarcharum
424 838 459 891 et
482 829 743 892 Alexandrinae
766 829 859 892 sedis
882 841 1050 910 parentes,
1082 829 1116 891 hi
1140 848 1223 893 vero
1250 828 1512 910 exquisitissimi
1540 793 1862 916 ζζῃζιζῗζζέἑῖἷᾞ

70 951 85 1002 t.
102 949 158 1008 ilr-
181 962 252 1005 esse
274 944 411 1006 soleant
432 942 582 1007 filiorum
605 944 799 1008 *curatores
822 955 866 1017 et,
893 947 922 1009 si
938 946 1078 1027 gravius
1093 946 1303 1028 delinquant,
1319 944 1434 1008 acerbi
1458 965 1513 1008 ca·
1540 950 1616 987 ’ΝΜ
1640 938 1864 987 ”mmm

180 1061 373 1143 stigatores,
404 1061 528 1123 mirum
559 1080 627 1124 non
658 1070 710 1124 est
744 1060 773 1123 si
812 1061 1082 1144 indulgentiores
1116 1059 1245 1124 fuerint
1275 1062 1310 1123 in
1341 1061 1514 1143 praesules
1540 1022 1696 1059 ‘mm'

183 1174 437 1239 Alexandrinos
459 1177 687 1258 obsequentes
708 1187 743 1240 et
766 1177 923 1239 acerrimi
945 1178 1099 1240 vindices
1122 1177 1157 1239 in
1180 1177 1363 1240 seditiosos
1389 1196 1429 1239 ac
1444 1187 1515 1239 tur·

181 1291 349 1355 bulentos.
366 1290 477 1355 Divus
493 1291 694 1366 Anacletus,
710 1313 731 1355 a
746 1292 849 1355 Petro
865 1301 1015 1374 quartus,
1032 1291 1310 1356 Alexandrinam
1332 1292 1511 1355 ecclesiam

181 1408 364 1470 secundam
399 1410 555 1481 vocavit3
589 1409 619 1471 si
647 1408 797 1471 secunda
826 1419 879 1471 est
909 1409 1020 1490 prima
1050 1407 1191 1471 inferIor
1214 1417 1248 1471 et
1278 1408 1330 1470 illi
1361 1407 1516 1471 subiecta

181 1543 252 1587 esse
288 1524 402 1586 debet.
433 1523 596 1587 Anacleti
627 1543 803 1587 successor
832 1522 1013 1587 Evaristus
1047 1526 1179 1605 peracri
1209 1524 1355 1606 epistola
1384 1522 1515 1606 Egypti

181 1640 364 1720 episcopos
387 1641 543 1722 pupugit,
577 1641 668 1721 quod
699 1641 831 1703 sedium
863 1641 1147 1703 commutationes
1178 1641 1357 1712 ambirent,
1387 1640 1516 1702 eisdem

181 1752 491 1817 ecclesiasticarum
515 1773 693 1817 causarum
717 1756 871 1818 ordinem
895 1765 930 1818 et
950 1754 1023 1818 iura
1049 1755 1294 1837 praescribens.
1311 1753 1409 1817 Idem
1433 1753 1516 1818 fecit

182 1889 207 1931 s.
223 1868 347 1933 Victor
362 1869 542 1933 Demetrio
556 1868 794 1933 Alexandrino
807 1871 982 1953 paschatis
992 1873 1056 1934 rite
1068 1871 1265 1934 celebrandi
1277 1870 1465 1933 calculum:
1483 1880 1517 1933 et

182 1987 282 2049 divus
298 1985 473 2049 Fabianus
488 1985 738 2049 Alexandrinis
753 1996 789 2049 et
803 1986 995 2070 Aegyptiis
1011 1987 1206 2050 chrismatis
1223 1986 1426 2049 conficiendi
1442 2006 1517 2048 cae·

181 2102 372 2174 remonias3
396 2111 431 2165 et
454 2102 554 2164 dilus
577 2101 801 2166 Marcellinus
824 2121 864 2164 ac
887 2080 1008 2185 postea
1024 2102 1194 2166 Eusebius
1210 2113 1322 2166 rectas
1339 2101 1519 2165 Ecclesiae

181 2218 474 2281 administrandae
497 2220 634 2302 regulas
656 2221 888 2302 promulgans.
913 2217 971 2280 An
996 2219 1170 2281 iterandus
1193 2228 1283 2282 esset
1306 2218 1451 2281 collatus
1474 2220 1519 2280 ab

181 2336 357 2399 haeretico
379 2334 527 2416 quodam
543 2335 734 2415 baptismus
750 2335 945 2397 Dionisium
961 2334 1158 2396 Romanum
1175 2333 1343 2397 consuluit
1367 2335 1520 2397 eiusdem

182 2452 332 2515 nominis
354 2449 626 2524 Alexandrinus,
650 2451 709 2532 qui
731 2460 853 2533 postea
875 2451 999 2513 erroris
1021 2450 1246 2522 insimulatus,
1262 2449 1355 2530 quod
1375 2447 1519 2512 Sabellii

180 2586 315 2649 sequax
339 2574 408 2629 tres
422 2584 586 2647 personas
607 2565 786 2630 Trinitatis
801 2566 836 2629 in
853 2585 955 2629 unam
971 2567 1200 2648 restringeret,
1217 2567 1307 2648 apud
1320 2565 1518 2628 Romanum

180 2701 323 2745 causam
335 2682 436 2755 dixit,
449 2697 484 2745 et
496 2683 672 2745 absolutus
683 2692 746 2755 est,
760 2693 847 2746 teste
858 2683 940 2744 divo
952 2680 1156 2753 Athanasi0‚
1170 2690 1205 2744 et
1217 2681 1252 2744 in
1264 2701 1306 2744 eo
1321 2680 1448 2745 iudicio
1460 2701 1517 2763 pa-

178 2795 362 2869 tefactum,
378 2799 413 2860 in
430 2798 591 2860 Romana
607 2817 683 2861 esse
698 2816 895 2880 supremum
910 2796 1089 2860 Ecclesiae
1105 2797 1263 2860 tribunal.
1278 2798 1387 2861 Paulo
1399 2794 1519 2859 Samo-

179 2924 303 2977 sateno
315 2934 353 2977 se
370 2915 530 2995 opposuit
545 2913 730 2985 Maximus,
749 2914 896 2977 Dionisii
912 2932 1100 2985 successor,
1112 2914 1155 2975 ad
1168 2933 1269 2996 quem
1281 2914 1381 2975 divus
1392 2912 1422 2976 F
1422 2912 1519 2976 elixI

179 3049 354 3101 romanus,
379 3029 491 3091 dictus
526 3030 561 3091 in
594 3039 706 3092 vestro
737 3027 937 3112 Haymanot
967 3029 1094 3092 Abbau
1122 3029 1329 3112 Feliquis,uc
1356 3029 1520 3091 lulentam

180 3146 278 3208 misit
302 3145 346 3207 de
385 3143 512 3208 Christi
542 3144 777 3208 incarnatione
804 3147 995 3226 epistolam,
1028 3145 1061 3208 in
1093 3143 1270 3226 Ephesino
1301 3146 1448 3208 concilio
1473 3147 1521 3227 (ut

180 3258 288 3323 refert
312 3258 516 3324 Vincentius
539 3260 739 3341 Lirinensis)
759 3279 975 3343 summopere
999 3261 1183 3324 laudatam.
1207 3260 1296 3323 Ario
1319 3261 1521 3342 presbytero

180 3375 439 3448 Alexandrina
462 3386 637 3458 tamquam
660 3377 811 3449 draconi,
834 3396 880 3438 ex
904 3375 977 3438 Nili
1000 3377 1184 3458 paludibus
1204 3377 1408 3458 prosilienti,
1425 3376 1522 3438 oblu-

180 3491 271 3554 ctari
295 3510 364 3553 non
387 3500 439 3554 est
473 3510 575 3554 ausus
598 3490 802 3555 Alexander
831 3491 1012 3573 episcopus
1042 3491 1320 3564 Alexandrinus;
1344 3492 1404 3554 sed
1428 3511 1465 3553 se
1489 3502 1523 3553 et

179 3607 308 3673 Osinm
323 3608 521 3689 episcopum
545 3605 800 3671 Cordubensem
817 3608 933 3670 multis
947 3607 1125 3671 Ecclesiae
1148 3610 1378 3692 legationibus
1394 3607 1522 3670 clarum

178 3723 438 3787 Alexandriam
471 3721 628 3795 missum,
660 3732 695 3786 et
729 3723 911 3786 concilium
943 3723 1133 3786 Nicaenum
1169 3734 1364 3787 constanter
1397 3723 1523 3786 obiecit

178 3861 206 3904 s.
228 3838 414 3909 'Silvester,
439 3858 540 3920 quem
564 3837 678 3900 dicitis
701 3834 879 3921 Solpetros
902 3847 936 3901 et
959 3838 1185 3903 Selabastros.
1203 3836 1349 3902 Sanctus
1369 3838 1524 3902 Athana·
1572 3851 1575 3855 ·

178 3957 255 4019 sius
282 3956 315 4016 in
339 3973 382 4016 eo
405 3955 553 4017 concilio
572 3954 767 4017 Alexandri
783 3954 948 4017 diaconus
963 3964 997 4017 et
1013 3975 1102 4017 anno
1119 3954 1312 4035 insequenti
1338 3973 1523 4026 successor,

178 4074 226 4135 ab
254 4071 399 4134 Arianis
422 4070 584 4133 atrociter
607 4070 803 4152 exagitatus
826 4080 859 4133 et
876 4071 1139 4153 diligentissime
1163 4071 1425 4152 pervestigatus,
1449 4071 1524 4133 nul·

180 4191 257 4253 lum
283 4187 377 4249 aliud
400 4196 474 4249 toto
498 4188 582 4249 orbe
605 4187 740 4267 asylum
764 4186 829 4248 nisi
852 4186 1044 4249 Ecclesiam
1061 4187 1258 4248 Romanam
1280 4187 1334 4268 (ad
1352 4206 1455 4268 quam
1472 4197 1525 4249 ter

178 4323 350 4389 praesens
373 4301 540 4385 confugit)
565 4313 599 4366 et
620 4305 771 4385 quinque
794 4304 903 4384 ipsius
926 4301 1105 4384 pontifices
1128 4302 1293 4374 Marcum,
1315 4302 1451 4375 Iulium,
1467 4301 1524 4364 Li·

179 4421 331 4489 berium,
356 4417 509 4481 Felicem
532 4417 568 4481 11
591 4428 625 4482 et
649 4418 836 4481 Damasum
861 4427 1072 4500 protectores
1095 4421 1236 4483 invenit.
1261 4417 1337 4500 Qua
1360 4420 1403 4481 de
1425 4438 1461 4481 re
1478 4418 1526 4480 ita

178 4538 288 4598 divus
310 4530 542 4597 Caelestinus:
565 4533 789 4609 Athanaszics,
811 4533 1033 4598 Alexandria
1048 4535 1213 4623 fugatus,
1236 4534 1274 4598 in
1297 4533 1424 4597 nostris
1442 4540 1526 4618 par·

180 4650 277 4715 ntus
300 4648 478 4712 roboratus
498 4653 559 4712 est.
584 4648 654 4711 Hic
676 4649 711 4713 ci
727 4648 982 4736 redintegratam
1003 4656 1055 4713 est
1075 4656 1185 4714 status
1207 4652 1291 4715 etin
1308 4651 1370 4713 hac
1384 4650 1459 4712 sede
1475 4670 1525 4712 re-

179 4766 297 4851 quiem
320 4763 566 4827 commum'om's
588 4764 720 4828 zianensi
741 4785 762 4828 a
784 4786 852 4850 qua
874 4772 1004 4851 semper
1026 4766 1199 4830 catholicis
1220 4763 1442 4849 mbvem'tur(
1466 4767 1487 4845 l.

278 4902 332 4946 21.
355 4878 396 4945 Si
418 4882 519 4944 vobis
534 4881 712 4945 iucundius
728 4892 789 4953 est,
807 4884 918 4964 ipsum
934 4884 1052 4945 divum
1069 4882 1307 4957 Athanasium,
1324 4901 1425 4964 quam
1441 4880 1526 4944 Cae·
1589 4891 1693 4941 ninum
1729 4893 1876 4941 athana·

181 5000 349 5064 lestinum
374 4997 502 5070 audire,
526 4998 619 5061 illius
643 4999 748 5061 verba
770 5019 814 5060 ex
838 5000 946 5080 ipsius
969 4999 1117 5080 epistola
1140 5001 1184 5061 ad
1206 4999 1395 5062 solitariam
1418 4997 1526 5060 vitam
1553 4961 1877 5097 ffio'ssfflssffiss

275 5132 319 5201 (1)
337 5130 452 5197 Epistol.
472 5131 505 5180 ad
523 5131 618 5183 clerum
637 5141 663 5182 et
681 5132 807 5199 populum
829 5132 1028 5197 Constantinop.

265 5256 295 5298 C.
311 5255 422 5296 Baccant.
436 5253 492 5295 Rer.
506 5253 575 5297 Aeta.
589 5255 682 5307 Scrr'pl'.
696 5267 746 5296 occ.
759 5254 825 5295 tired.
840 5277 865 5286 -
881 5253 946 5296 VIII.
