4066 6184
535 603 595 664 272
866 592 1140 644 EXPEDITIONIS
1163 592 1426 643 AETHIOPICAE
1448 592 1531 646 ETC.

533 752 768 829 agnoscentes,
791 743 946 808 vestibus
968 751 1146 815 exuerunt,
1170 741 1290 805 tertius
1313 749 1440 815 tamen,
1460 742 1519 823 qui
1542 760 1588 804 ex
1609 737 1700 804 facie
1715 748 1869 813 noverat,

533 862 684 946 ingentis
704 860 849 944 praemii
873 881 893 924 a
908 870 1055 943 tyranno
1071 859 1250 922 obtinendi
1265 856 1402 930 fiducia,
1422 867 1525 939 caput
1541 856 1693 921 humeris
1707 857 1868 921 decussit

219 984 311 1034 eabae
338 981 506 1034 Christos
623 981 652 1040 6.
677 976 829 1040 Mediam
852 986 998 1040 aetatem
1025 995 1151 1058 prorex
1181 974 1356 1058 exigebat,
1387 972 1551 1037 mediocri
1581 982 1722 1047 statura,
1753 973 1869 1035 colore

185 1063 319 1177 3:22⁸
342 1062 374 1103 θ’
397 1052 506 1104 linea·
534 1095 621 1157 inter
644 1094 867 1176 nigricantem
891 1091 1166 1173 albicantemque
1189 1091 1343 1172 ancipiti,
1374 1088 1510 1172 magnis
1532 1099 1567 1153 et
1593 1089 1775 1153 vivacibus
1790 1108 1870 1151 ocu·

532 1207 643 1273 lorum
666 1209 817 1281 orbibus,
841 1209 1008 1281 tenuibus,
1032 1209 1101 1270 oris
1123 1207 1221 1288 quasi
1251 1206 1295 1268 ad
1319 1205 1483 1269 circinum
1506 1206 1610 1279 ducti,
1635 1204 1869 1279 lineamentis;

532 1325 670 1409 ingenio
694 1326 836 1407 peracri,
859 1324 1025 1407 prudente
1048 1334 1082 1387 et
1106 1333 1245 1406 arguto:
1281 1321 1464 1405 colloquiis
1486 1331 1614 1406 gratus,
1642 1322 1792 1404 pertusis
1825 1342 1867 1384 ex

533 1443 694 1525 largitate
717 1439 884 1512 manibus,
915 1440 1089 1522 equitandi
1120 1437 1357 1520 peritissimus,
1389 1437 1424 1499 in
1454 1436 1557 1501 bellis
1587 1445 1707 1501 contra
1739 1435 1870 1511 Gallas,

532 1557 661 1621 Turcas
676 1565 710 1620 et
733 1556 924 1619 haereticos
946 1552 1068 1619 faustis
1091 1573 1227 1637 semper
1242 1555 1455 1618 successibus
1470 1555 1559 1617 bene
1574 1556 1785 1636 auspicatus:
1804 1552 1870 1616 Im·

532 1674 680 1757 peratori
703 1682 737 1736 et
760 1672 913 1754 Principi
937 1681 1015 1735 ante
1044 1691 1164 1735 omnes
1194 1681 1321 1756 gratus
1354 1668 1454 1734 Illius
1476 1690 1559 1755 erga
1581 1668 1684 1733 fidem
1708 1672 1869 1744 studium,

533 1790 688 1855 ardorem
711 1800 745 1853 et
767 1787 962 1852 firmitatem
986 1790 1015 1852 si
1038 1789 1116 1870 quis
1139 1806 1313 1870 exponere
1335 1788 1452 1861 vellet,
1477 1798 1611 1869 tempus
1634 1796 1669 1850 et
1685 1787 1797 1851 oratio
1814 1788 1870 1850 de·

532 1906 659 1971 ficeret.
683 1906 724 1969 ld
746 1906 847 1969 satis:
874 1916 953 1988 post
983 1906 1229 1987 Imperatorem
1253 1913 1287 1968 et
1318 1903 1395 1967 Ras
1417 1900 1533 1967 Seiam
1558 1901 1714 1968 Christds
1744 1906 1870 1987 primas

534 2022 587 2085 illi
610 2024 740 2104 absque
772 2022 995 2103 competitore
1025 2018 1237 2084 deferendas.
1265 2019 1358 2083 Inter
1387 2020 1518 2104 primos
1541 2021 1593 2083 illi
1616 2039 1743 2083 nomen
1767 2019 1869 2094 dedit,

533 2137 629 2203 illam
654 2138 688 2200 in
713 2138 829 2201 multis
852 2137 1149 2201 dissertationibus
1172 2138 1289 2200 solerti
1313 2137 1463 2221 ingenio,
1480 2134 1565 2200 foris
1587 2156 1628 2200 ac
1651 2135 1759 2210 domi,
1773 2137 1870 2201 hasta

534 2266 569 2319 et
591 2274 651 2317 sua
682 2255 886 2319 auctoritate
916 2254 1156 2337 propugnavit,
1188 2272 1251 2316 nec
1281 2254 1381 2326 ullus,
1413 2273 1454 2315 eo
1485 2261 1675 2335 praesente,
1707 2253 1869 2316 adversus

534 2372 645 2453 ipsam
660 2371 846 2454 quidquam
863 2371 986 2434 mutire
999 2370 1156 2433 audebat.
1170 2368 1318 2432 Multum
1334 2389 1460 2451 operae
1476 2369 1667 2451 insumpsit,
1679 2378 1717 2432 ut
1728 2387 1869 2433 uxorem

534 2506 631 2551 suam
644 2487 783 2550 Phanae
795 2506 947 2550 sororem
959 2483 1159 2550 fratruelem
1171 2485 1401 2568 Imperatoris,
1415 2486 1531 2570 magni
1543 2486 1662 2548 iudicii
1674 2483 1868 2555 foeminam,

536 2605 579 2667 ad
601 2601 702 2667 fidem
725 2603 937 2685 perduceret,
963 2602 1126 2683 illamque
1150 2603 1220 2666 alte
1243 2604 1278 2664 in
1301 2603 1416 2666 cordis
1439 2603 1546 2684 ipsius
1568 2600 1673 2665 fibras
1689 2600 1869 2684 impressit.

223 2725 306 2779 ultus
314 2725 509 2791 parentaliter
625 2738 655 2798 7.
678 2719 790 2782 Tanto
812 2719 887 2782 viro
910 2718 1109 2782 Patriarcha
1132 2719 1188 2781 die
1212 2719 1388 2801 trigesimo
1411 2719 1557 2782 solemni
1581 2728 1751 2799 apparatu
1781 2715 1870 2779 Dan·

187 2799 288 2851 ⁰⁰⁰⁰¹⁰
304 2796 484 2864 panegyrica.
535 2836 619 2898 cazii
643 2833 837 2917 parentavit
856 2843 891 2897 et
914 2835 956 2897 de
972 2834 1066 2896 illius
1082 2833 1240 2896 laudibus
1256 2834 1454 2896 concionem
1473 2833 1619 2896 instituit
1640 2833 1674 2895 in
1692 2834 1755 2895 illa
1769 2834 1870 2895 verba

535 2949 663 3013 Isaiae:
687 2950 808 3013 Iustus
825 2947 930 3035 perit,
952 2953 987 3012 et
1008 2969 1075 3012 non
1098 2953 1150 3013 cst
1171 2949 1234 3033 qui
1254 2948 1411 3034 recogitet
1433 2948 1528 3011 corda
1550 2968 1620 3019 suo,
1644 2953 1680 3012 at
1708 2947 1781 3011 viri
1812 2946 1870 3010 mi·

534 3065 738 3131 serr'cordiae
759 3065 978 3152 colliguntur,
1002 3066 1082 3150 quia
1105 3086 1174 3128 non
1196 3070 1248 3129 erl
1265 3066 1327 3150 qui
1340 3064 1525 3152 titlellz'gat.
1540 3064 1575 3127 A
1583 3063 1682 3152 facr'e
1697 3063 1788 3127 enm
1805 3085 1870 3127 ma-

536 3183 635 3248 litiae
656 3183 811 3247 collectus
836 3188 887 3247 est
917 3182 1029 3246 castus
1044 3181 1100 3265 (ι).
1132 3181 1227 3264 Quae
1257 3184 1430 3264 praesenti
1461 3182 1587 3245 actioni
1616 3192 1650 3245 et
1681 3180 1870 3245 futurorum

537 3302 695 3372 cautioni,
720 3319 872 3362 necnon
897 3300 1108 3362 audientium
1131 3300 1272 3363 utilitati
1295 3297 1370 3361 visa
1397 3309 1476 3362 sunt
1507 3308 1710 3380 opportuna.
1743 3295 1816 3361 Sed
1838 3307 1872 3360 ut

537 3418 656 3479 concio
679 3424 713 3479 et
736 3413 889 3478 defuncti
913 3415 1032 3478 laudes
1054 3415 1181 3478 multos
1204 3414 1353 3477 habuere
1384 3414 1619 3484 aemulatores,
1644 3414 1775 3476 utinam
1804 3414 1871 3475 vita

536 3543 571 3596 et
593 3530 678 3595 fides
702 3540 862 3613 pararent
885 3512 1083 3595 imitatores.
1108 3530 1182 3593 Nec
1207 3530 1242 3592 id
1264 3530 1358 3603 satis,
1375 3531 1437 3593 sed
1452 3529 1509 3592 die
1524 3529 1788 3612 quadragesimo
1807 3525 1872 3592 Ga·

537 3657 651 3711 netam
675 3645 763 3718 Iesu,
787 3645 845 3708 ubi
869 3664 959 3708 uxor
982 3645 1111 3708 luctum
1134 3645 1352 3727 prorogabat,
1372 3645 1415 3708 ad
1439 3644 1533 3706 illius
1549 3663 1670 3726 preces
1686 3642 1869 3718 descendit,

538 3774 571 3827 et
594 3763 683 3827 iusta
706 3763 775 3825 alia
797 3761 904 3825 nihilo
928 3759 1091 3824 inferiora
1114 3762 1258 3844 peregit.
1283 3759 1410 3826 Omnia
1433 3779 1514 3824 vero
1536 3762 1621 3823 haec
1645 3771 1679 3824 et
1703 3762 1773 3824 alia
1803 3779 1870 3824 ma·

539 3880 609 3941 iora
635 3878 764 3941 doloris
787 3887 822 3941 et
844 3878 985 3940 honoris
1009 3889 1229 3940 monumenta
1252 3878 1285 3938 in
1321 3877 1434 3939 virum
1461 3886 1532 3940 tam
1562 3877 1703 3959 egregie
1734 3877 1776 3939 de
1807 3875 1870 3938 fide

539 4005 572 4058 ct
595 3994 739 4076 imperio
763 3995 932 4065 meritum,
955 3995 1031 4056 visa
1053 4003 1131 4057 sunt
1153 3993 1312 4056 omnibus
1335 4012 1397 4055 suo
1420 3993 1527 4076 gradu
1551 3992 1733 4057 collocata.

226 4121 317 4169 Fecur
334 4116 404 4180 nezi
427 4116 512 4168 eoin·
627 4108 675 4171 *8.
701 4107 765 4171 Vir
780 4109 868 4171 alius
891 4108 1153 4181 misericordiae,
1177 4130 1198 4171 a
1220 4106 1308 4171 facie
1325 4110 1476 4172 malitiae
1493 4109 1668 4181 collectus,
1685 4106 1750 4172 fuit
1764 4108 1871 4172 Fecur
1893 4119 1908 4169 t
1921 4127 1967 4172 ιτα·

190 4198 370 4243 ”mum
538 4224 635 4308 Egri,
659 4226 695 4288 id
717 4234 770 4288 est
804 4224 949 4287 dilectus
971 4224 1058 4297 De0,
1086 4225 1163 4287 Ras
1189 4221 1270 4288 Sela
1297 4223 1451 4288 Christds
1481 4225 1690 4288 domesticus
1720 4236 1755 4289 et
1785 4243 1869 4287 nunc
2010 4198 2011 4229 ³

539 4339 574 4403 in
598 4338 763 4404 Goiamae
797 4338 1011 4422 praefectura
1034 4343 1194 4415 vicarius,
1216 4342 1357 4404 coelesti
1380 4360 1507 4422 sponso
1530 4349 1565 4404 et
1588 4360 1735 4422 sponsae
1767 4340 1868 4423 ipsius

539 4455 715 4519 Ecclesiae
739 4457 827 4518 inter
848 4458 976 4538 primos
999 4457 1232 4538 obsequiosus.
1246 4456 1438 4520 Audientes
1453 4458 1544 4520 enim
1562 4454 1693 4530 Gallae,
1710 4458 1769 4540 qui
1784 4458 1869 4520 ultra

540 4572 658 4637 Nilum
682 4574 715 4634 in
739 4592 845 4658 regno
869 4571 1018 4647 Bizamd,
1046 4570 1224 4656 Gojamam
1256 4582 1292 4636 et
1322 4573 1492 4636 Naraeam
1524 4573 1776 4646 disterminant,
1797 4572 1869 4635 Ras

538 4686 619 4751 Sele
634 4687 788 4751 Christds
804 4698 838 4750 et
853 4687 1039 4751 Damotum
1062 4709 1241 4772 proregem
1257 4690 1291 4751 in
1307 4689 1501 4752 Amarense
1516 4707 1660 4773 regnum
1676 4688 1867 4760 decessisse,

539 4814 765 4885 opportunam
789 4814 1027 4885 tempestatem
1055 4805 1145 4868 nacti
1175 4805 1253 4868 illas
1283 4805 1479 4887 provincias
1510 4805 1724 4880 devastandi,
1755 4804 1866 4868 Nilum

538 4921 753 5003 transgressi,
776 4921 810 4982 in
834 4920 1020 4983 Damotum
1043 4941 1145 5004 agros
1168 4933 1200 4985 et
1216 4923 1430 4985 adiacentem
1445 4919 1552 4985 fluvio
1568 4921 1668 4986 Berri
1684 4923 1867 5005 planitiem,

627 5169 668 5236 (ι)
688 5172 761 5228 lsai,
781 5179 823 5233 57,
842 5188 867 5224 n.
891 5183 912 5223 1.
