4166 6182
306 579 524 629 VERBORUM
540 579 620 629 ETC.
637 578 741 642 QUAE
757 579 798 627 IN
815 577 1128 627 INTRODUCTIONE
1144 577 1419 627 CONTINENTUR
1459 577 1537 625 LVIl

241 725 268 775 in
284 741 332 775 suo
349 727 468 790 ingressu
494 725 720 776 commendatitias
739 724 771 774 ad
796 726 845 774 im·

240 833 380 889 peratorem
399 824 489 874 Seltan
506 824 592 887 Sagtd
612 822 778 882 catholicum,
790 835 846 872 xxx

241 948 257 960 -
277 931 362 971 narrat
389 930 463 986 gesta
488 923 603 987 episcopi
632 921 845 987 chrysopolitani

193 1066 196 1071 .
242 1019 266 1067 in
285 1019 386 1084 Mogor,
405 1030 492 1068 xxxiv
512 1045 527 1057 ·
543 1019 588 1068 sed
601 1034 632 1068 ea
644 1019 714 1083 typis
727 1018 859 1067 mandari'

240 1123 314 1172 vetat,
332 1126 428 1173 mir,
448 1123 500 1166 not.
520 1127 535 1164 a
556 1140 570 1155 ·
590 1115 662 1165 Goae
687 1115 759 1164 exsul
790 1130 846 1164 orn·

242 1213 353 1264 nimodis
364 1212 509 1264 catholicos
518 1212 679 1278 Aethiopiae
687 1214 775 1263 iuvare
787 1228 846 1278 pro-

241 1323 320 1378 curat,
339 1323 537 1362 miv-mvn
551 1339 566 1351 ·
579 1313 671 1395 spribit
685 1327 751 1377 opus
766 1330 777 1359 a
790 1313 845 1361 Lux

241 1409 316 1459 Fidei
327 1428 341 1457 n
352 1408 386 1459 ad
404 1409 555 1459 refutandos
573 1425 670 1459 errores
680 1409 847 1475 Aethiopiae,

240 1517 265 1557 et
283 1509 398 1558 Romam
417 1509 506 1567 mittit,
524 1519 612 1558 xxxiv
635 1534 649 1548 ·
677 1511 750 1558 iurat
776 1508 846 1573 lega·

241 1608 337 1656 tionem
355 1621 381 1671 p.
401 1607 557 1671 Hieronymi
576 1607 659 1666 Lobo,
672 1618 747 1656 xxxv
761 1634 775 1646 ·
785 1622 846 1657 con-

241 1703 294 1754 iicit
311 1704 414 1755 tabulas
432 1704 556 1754 inridicas
575 1705 607 1755 de
623 1706 778 1770 martyribus
793 1708 847 1755 Ae-

218 1828 222 1837 ·
242 1803 365 1869 thiopiae,
384 1815 471 1853 xxm
490 1831 505 1842 -
524 1804 616 1854 scribit
634 1814 743 1868 quatuor
767 1804 848 1854 libros

244 1919 257 1951 a
270 1903 453 1968 Expeditionis
479 1902 689 1968 Aethiopicae»,
716 1914 804 1952 xxm
832 1930 845 1941 ·

241 2001 311 2051 solus
330 2001 364 2050 ad
383 2011 492 2051 mortem
513 2015 594 2065 usque
612 2000 779 2066 Aethiopiam
808 2016 848 2051 co·

240 2100 314 2163 gitat,
334 2111 421 2149 mvl
440 2107 466 2150 et
483 2108 538 2152 not.
558 2113 572 2148 2
594 2127 608 2138 ·
628 2116 697 2150 anno
714 2098 780 2165 1656
792 2100 848 2150 Gon

241 2198 267 2246 in
297 2198 472 2248 suburbanum
503 2196 616 2248 Choram
647 2198 776 2256 concedit,
802 2198 848 2247 ubi

241 2304 402 2361 peramanter
427 2297 524 2361 excipit
550 2305 649 2361 patrem
679 2295 847 2346 Franciscum

241 2393 327 2443 Storer
345 2394 372 2443 in
386 2393 556 2459 Aethiopiam
570 2394 737 2457 destinatum,
749 2405 848 2443 mvn

242 2516 257 2530 -
275 2501 301 2541 et
318 2502 418 2556 patrem
440 2491 621 2542 Sebastianum
647 2492 734 2550 Berni,
753 2503 848 2551 xxxiii,

242 2597 294 2639 not
316 2600 326 2637 1
349 2616 364 2627 -
385 2590 411 2638 ln
431 2590 549 2639 morbum
574 2589 675 2648 incidit,
701 2589 785 2638 Goam
813 2605 849 2638 re·

240 2687 347 2737 vertitur
373 2687 461 2751 ibique
488 2688 597 2737 moritur
625 2699 658 2748 29
694 2688 747 2739 ian.
772 2684 847 2752 1656,

242 2796 338 2834 xxxvn
359 2811 374 2824 ·
395 2785 474 2849 paulo
492 2792 553 2835 ante
570 2794 679 2835 mortem
698 2785 803 2848 eligitur
821 2785 848 2834 in

242 2882 466 2948 archiepiscopum
475 2882 602 2948 (inanum,
612 2893 723 2932 xxxvm
732 2891 758 2932 et
768 2891 821 2934 not.
835 2893 845 2930 1

244 3007 258 3018 ·
276 2981 332 3030 eius
350 2981 466 3046 corporis
484 2980 616 3045 animique
635 2980 716 3039 dotes,
738 2991 848 3030 xxxvm

243 3106 257 3117 -
276 3081 385 3129 virtutes
409 3081 534 3144 egregiae,
562 3090 671 3128 mrum
691 3088 716 3128 et
741 3087 795 3130 not.
816 3092 849 3138 23

242 3188 329 3226 mxx
355 3184 383 3227 et
406 3186 460 3227 not.
482 3189 510 3235 13
529 3188 588 3226 xm
609 3177 698 3226 -eius
725 3176 849 3234 delectus,

242 3285 278 3323 xe
296 3283 322 3323 et
340 3283 394 3326 not.
417 3285 444 3337 ις
463 3285 509 3323 xm
538 3283 563 3324 et
590 3283 643 3326 not.
666 3286 722 3331 1,2
750 3302 765 3314 -
793 3277 849 3325 eius

242 3373 326 3436 operis
346 3371 463 3422 historici
484 3390 498 3419 «
508 3372 648 3437 Expeditio
665 3371 847 3437 Aethiopica»

242 3471 325 3521 lantes
357 3470 509 3534 generatim,
542 3482 686 3520 ssu-xum
717 3499 731 3510 -
759 3472 850 3537 singil-

241 3569 329 3619 latim:
348 3569 486 3619 relationes
504 3569 601 3634 scripto
620 3578 748 3634 acceptae,
767 3582 851 3620 xun-

242 3678 296 3716 ην
316 3695 331 3706 -
351 3675 478 3727 oretenus,
490 3679 626 3717 rav-xm
641 3695 655 3706 ·
670 3668 743 3718 dotes
756 3670 850 3733 operis,

242 3777 400 3815 sarr-mu
421 3793 434 3805 -
455 3765 556 3826 menda,
568 3777 648 3815 xnvrr
661 3793 677 3805 -
690 3765 722 3815 de
736 3767 851 3816 editione

242 3865 371 3928 praesenti
390 3862 546 3923 adnotanda,
564 3875 664 3914 xtvnt.

209 3963 299 4021 staca,
318 3973 419 4019 mur,
438 3973 500 4014 rav.

209 4062 318 4122 ssogor,
328 4074 437 4123 regnum
447 4060 473 4108 in
482 4060 567 4108 Indiis
576 4060 755 4115 orientalibus,
765 4071 851 4108 miv

244 4182 259 4197 ·
290 4158 409 4208 turbatur
430 4156 604 4222 abepiscopo
623 4157 851 4222 Chrysopolitano,

244 4266 334 4304 xxxin
348 4282 364 4294 ·
377 4256 469 4304 missio
481 4263 582 4319 patrum
595 4257 621 4307 S.
635 4256 672 4321 1.;
692 4254 783 4304 horum
796 4255 851 4319 epi·

243 4354 312 4403 stola
322 4354 354 4405 de
367 4354 449 4417 gestis
462 4353 499 4401 ibi
514 4370 530 4403 a
545 4352 774 4418 Chrysopolitano,
787 4365 850 4405 ην.

210 4453 317 4511 Monta,
337 4452 401 4502 urbs
420 4450 579 4517 Lusitaniae,
599 4463 636 4505 tv·

514 4802 546 4861 N

209 5046 305 5098 Nickel
312 5044 469 5104 uoniam
480 5049 641 5111 praepositus
650 5046 777 5111 generalis
788 5047 813 5098 S.
822 5047 853 5103 1..

244 5156 339 5199 mill.

898 725 1042 787 Nossueira
1059 740 1086 788 p.
1104 725 1265 774 Bernardus
1283 725 1309 776 S.
1328 724 1360 781 I.,
1385 739 1446 772 suus
1464 739 1541 786 gene-

935 823 997 871 ralis
1020 823 1130 871 vicarius
1158 820 1314 886 Aethiopiae
1342 821 1507 871 constituitur
1525 837 1541 870 a

936 919 1084 985 patriarcha
1097 919 1216 977 Mendes,
1228 930 1314 967 xxxin
1329 945 1344 958 ·
1357 932 1415 968 oum
1428 934 1460 968 eo
1472 935 1541 968 com-

935 1018 1058 1067 mercium
1077 1018 1245 1082 epistolarum
1270 1017 1348 1066 habet
1375 1032 1422 1081 per
1448 1017 1541 1080 viginti

936 1130 1025 1172 annos,
1038 1126 1124 1164 xxxvt
1137 1142 1150 1153 ·
1167 1115 1275 1164 moritur
1284 1124 1382 1178 martyr
1395 1116 1422 1163 in
1432 1113 1541 1164 Aethio-

935 1216 987 1280 pia,
1000 1226 1068 1265 xxvi
1084 1243 1095 1253 ·
1110 1217 1166 1265 eius
1176 1216 1210 1265 ad
1220 1216 1396 1265 Patriarcham
1406 1215 1540 1281 epistolae,

935 1325 991 1364 xiv
1009 1341 1026 1353 -
1044 1330 1119 1379 quae,
1139 1315 1164 1363 in
1178 1315 1342 1364 Lusitaniam
1356 1315 1450 1363 missae
1463 1330 1478 1362 a
1492 1314 1540 1363 Pa·

937 1412 1057 1471 triarcha,
1070 1414 1237 1463 servabantur
1249 1413 1275 1462 in
1289 1413 1417 1462 tabulario
1435 1412 1539 1474 collegii

935 1510 1086 1568 Eborensis,
1105 1521 1185 1566 xuni,
1203 1518 1257 1562 not.
1280 1522 1302 1562 1.

900 1608 1024 1659 Novaria
1042 1609 1084 1675 (a)
1104 1625 1128 1675 p.
1149 1610 1178 1658 tt.
1197 1608 1313 1660 Thomas
1331 1609 1364 1660 Ο.
1377 1608 1446 1658 ΜΜ.
1467 1608 1540 1665 RR„

936 1715 1066 1762 xx1.not.
1088 1720 1111 1760 1.

1208 2059 1237 2120 0

901 2306 985 2364 olda,
1005 2305 1123 2371 aethiops
1142 2305 1294 2364 catholicus,
1313 2305 1459 2369 explorator
1479 2306 1542 2354 mis·

937 2418 980 2453 sus
999 2405 1026 2453 in
1046 2403 1214 2469 Aethiopiam
1234 2420 1249 2452 a
1269 2402 1431 2467 patriarcha,
1444 2414 1507 2455 xcv,

902 2501 1010 2552 Ovledo
1037 2518 1064 2566 p.
1093 2503 1220 2552 Andreas
1238 2504 1264 2550 S.
1279 2502 1310 2560 1..
1328 2501 1475 2567 patriarcha
1491 2505 1542 2551 Ae·

936 2599 1062 2665 thiopiae,
1081 2611 1139 2659 xrs,
1159 2612 1216 2651 xvi.

1211 2942 1238 2999 P

904 3188 976 3236 Paes
994 3200 1022 3248 p.
1042 3186 1148 3248 Gaspar
1166 3184 1192 3236 S.
1212 3185 1243 3241 1..
1262 3195 1337 3236 xciv,

904 3283 1052 3348 Pamphyli
1071 3284 1140 3334 card.
1159 3284 1281 3348 proponit
1300 3283 1326 3331 in
1339 3282 1365 3334 S.
1379 3283 1408 3334 C.
1422 3283 1454 3331 ‹le
1467 3283 1544 3347 Prop.

939 3382 1006 3431 Fide
1042 3382 1230 3431 institutionem
1267 3380 1399 3429 missionis
1437 3381 1544 3429 fratrum

941 3482 1009 3531 MM.
1029 3480 1093 3532 RR.
1113 3481 1139 3528 in
1158 3478 1310 3543 Aethiopia,
1329 3489 1386 3541 xxi,
1406 3486 1459 3529 not
1482 3489 1503 3529 1.

905 3577 1044 3628 Parlslanl
1063 3593 1091 3640 p.
1110 3578 1269 3641 Torquatus
1286 3575 1313 3627 S.
1334 3577 1356 3626 Ι.
1375 3574 1545 3638 exploratore

940 3674 1090 3724 Patriarcha
1117 3676 1211 3723 missus
1242 3674 1267 3722 in
1285 3671 1464 3736 Aethiopiam,
1482 3684 1545 3723 xiv.

905 3770 1023 3823 Petusio
1042 3772 1084 3837 (a)
1104 3787 1123 3836 p
1150 3771 1186 3821 ir.
1206 3769 1333 3833 Ignatius
1351 3770 1384 3819 O.
1398 3770 1466 3820 MM.
1480 3770 1545 3820 RR.

940 3870 1082 3919 destinatur
1101 3870 1127 3918 in
1147 3867 1326 3933 Aethiopiam,
1345 3878 1402 3925 xxi,
1422 3875 1475 3916 not.
1499 3878 1507 3915 i
1532 3893 1545 3904 -

941 3983 1006 4017 unus
1030 3984 1045 4016 e
1072 3967 1211 4016 comitibus
1238 3967 1308 4029 Zaga
1335 3964 1461 4021 Christos,
1490 3975 1547 4027 xxl,

941 4074 993 4117 not.
1013 4076 1028 4125 3
1048 4091 1065 4102 -
1083 4064 1151 4113 male
1170 4080 1196 4112 se
1215 4065 1281 4125 gerit
1300 4065 1326 4112 in
1345 4072 1472 4112 conventu
1486 4062 1548 4110 Pla·

940 4163 1048 4220 centiae,
1067 4174 1124 4219 xxi,
1143 4171 1196 4212 not.
1225 4172 1239 4222 3
1262 4188 1275 4199 -
1289 4160 1473 4225 Ulyssiponem
1487 4175 1548 4209 con-

940 4261 1031 4318 tendit,
1051 4260 1161 4323 indeque
1180 4258 1248 4323 apud
1269 4260 1294 4311 S.
1306 4258 1335 4308 C.
1349 4259 1382 4306 de
1394 4259 1470 4322 Prop.
1482 4257 1549 4306 Fide

942 4358 1052 4407 lesuitas
1071 4366 1183 4414 accusat,
1202 4367 1270 4405 xxiv
1289 4364 1316 4405 et
1334 4366 1386 4406 not.
1409 4367 1431 4407 2.

906 4460 988 4507 Petra
1008 4458 1121 4518 Pagana
1131 4454 1174 4520 (a)
1187 4471 1215 4518 p.
1230 4454 1266 4504 ir.
1281 4453 1423 4504 Antonius
1435 4454 1466 4505 Ο.
1480 4454 1546 4505 ΜΜ.

942 4554 1015 4612 RR..
1035 4554 1100 4603 alter
1119 4570 1134 4602 a
1152 4569 1177 4618 p.
1197 4553 1228 4603 ir.
1239 4552 1385 4614 Virgoletta
1404 4551 1549 4616 praefectus

942 4654 1075 4702 missionis
1088 4650 1258 4715 aethiopicae,
1271 4661 1371 4708 mm,
1383 4661 1448 4707 xxx,
1462 4658 1514 4701 not
1525 4659 1549 4710 3.

907 4752 1015 4808 Petrus,
1036 4748 1245 4805 archimandrita,
1258 4747 1312 4797 edit
1325 4747 1428 4796 Romae
1442 4746 1550 4795 Missale

942 4847 1126 4912 aethiopicum,
1144 4857 1193 4895 xvi
1212 4855 1238 4895 et
1257 4856 1311 4898 not.
1333 4858 1355 4898 1.

908 4946 1057 5010 Philippus
1075 4948 1123 5004 1v,
1137 4946 1283 5010 perdecem
1302 4954 1328 4995 et
1344 4944 1456 5010 amplius
1468 4960 1550 4995 annos

943 5045 1023 5094 instat
1041 5061 1087 5109 pro
1106 5043 1269 5108 expeditione
1288 5044 1369 5108 patris
1391 5043 1497 5091 Ioannis
1517 5042 1550 5090 da

945 5141 1039 5191 Rocha
1068 5143 1095 5195 in
1123 5141 1301 5206 Aethiopiam,
1328 5152 1392 5198 vm,
1421 5151 1473 5192 not.
1502 5152 1512 5187 1
1535 5166 1550 5178 ·

1412 5258 1471 5301 Vlll
