4066 6174
592 604 709 656 LIBER
732 606 772 665 11,
795 604 922 655 CAPUT
948 604 1095 655 XXXIII.
1448 607 1508 669 377

172 762 207 815 et
229 750 374 836 triginta
400 762 533 835 patrum
565 750 738 836 suffragiis
768 749 996 835 Eutychetem
1026 761 1060 814 et
1090 751 1295 814 Dioscomm
1325 751 1511 825 damnavit,

172 869 316 932 duarum
340 879 534 933 naturarum
559 870 594 931 in
617 886 685 932 una
707 870 805 932 verbi
828 888 974 952 persona
996 868 1176 939 unitarum,
1192 870 1250 931 vel
1265 867 1388 931 saltem
1411 866 1511 930 unius

173 986 454 1066 interemptorem
489 1003 567 1047 cum
601 993 792 1048 astruerent
826 985 911 1047 duas
941 984 976 1047 in
999 1003 1101 1048 unam
1129 982 1295 1046 mixtione
1325 992 1360 1046 et
1391 980 1510 1045 coufu-

172 1100 270 1164 slone
293 1102 350 1163 vel
373 1102 473 1163 unius
496 1102 728 1164 internecione
751 1101 930 1164 coaluisse.

263 1232 292 1294 5.
317 1215 449 1280 Eadem
472 1216 538 1289 die,
560 1235 629 1298 qua
658 1216 784 1279 iactum
815 1225 867 1279 est
896 1214 1002 1279 fatale
1031 1215 1262 1297 praeconium,
1294 1213 1401 1277 auditi
1431 1222 1509 1277 sunt
1572 1218 1696 1269 Militum
1724 1221 1760 1270 ob
1777 1235 1857 1304 prse-

173 1331 309 1403 milites,
346 1333 453 1413 aliqui
484 1333 710 1414 procaciores,
742 1332 798 1394 his
827 1331 972 1395 vocibus
1002 1340 1037 1394 et
1067 1329 1322 1412 impudentibus
1363 1330 1509 1394 saltibus
1534 1289 1651 1415 3⁰0?
1670 1292 1856 1343 ennianum

171 1456 305 1511 nostras
327 1447 448 1510 domus
471 1447 708 1529 persultantes,
731 1445 840 1530 Euge,
864 1465 967 1530 euge:
992 1464 1092 1518 evax,
1116 1464 1216 1508 evax.
1241 1444 1353 1508 Nemo
1373 1465 1435 1508 nos
1450 1446 1508 1509 de·

170 1562 289 1644 inceps
322 1561 507 1635 cohibebit,
538 1580 639 1626 nemo
673 1562 913 1635 obluctabitur,
947 1561 1129 1645 quominus
1162 1561 1353 1625 voluntarie
1382 1570 1418 1624 et
1448 1580 1508 1623 vo·

170 1678 315 1759 luptarie
337 1679 505 1751 vivamus,
529 1680 737 1742 concubinas
759 1688 795 1741 et
817 1698 942 1742 uxores
965 1680 1009 1740 ad
1032 1677 1210 1740 libidinem
1234 1696 1447 1740 assumamus
1473 1686 1507 1739 et

169 1790 391 1856 dimittamus.
423 1793 478 1856 Ita
500 1791 642 1868 factum,
664 1813 744 1857 nam
775 1804 854 1856 ante
883 1813 1012 1875 paucos
1039 1811 1174 1856 menses
1204 1793 1373 1856 innumeri
1400 1791 1506 1865 fuere,

168 1908 226 1990 qui
249 1927 386 1982 uxores,
410 1928 452 1973 eo
479 1919 611 1973 tanturn
638 1911 739 1973 titulo
769 1910 861 1990 quod
891 1911 957 1973 sibi
988 1926 1057 1972 non
1080 1909 1267 1990 placerent,
1298 1928 1320 1970 a
1349 1909 1449 1972 thoro
1472 1919 1507 1972 et

167 2026 393 2087 contubernio
416 2026 630 2110 ablegarunt.
646 2025 742 2089 Ante
758 2036 911 2089 coeteras
926 2023 1060 2087 famosa
1075 2023 1270 2107 Onguelavi
1286 2023 1506 2107 Imperatoris

166 2137 249 2213 filia,
272 2141 355 2203 vivo
379 2140 480 2205 Bella
514 2139 668 2205 Christds
691 2144 803 2224 priore
839 2142 925 2213 viro,
947 2151 981 2204 et
1012 2141 1092 2213 alio,
1124 2159 1224 2221 quem
1256 2141 1323 2222 ipsi
1353 2142 1505 2224 superin-

166 2255 314 2320 duxerat
338 2256 430 2320 affini
453 2276 516 2321 suo
539 2255 584 2321 Zai
607 2255 763 2322 Christos
786 2278 832 2320 ex
855 2258 924 2320 alia
946 2276 1061 2320 sorore
1085 2257 1190 2320 viduo
1212 2267 1247 2320 et
1269 2257 1314 2320 ab
1337 2257 1407 2320 alia
1425 2277 1505 2320 con·

165 2381 258 2435 sorte
293 2382 434 2456 propter
471 2393 547 2437 eam
577 2375 778 2447 discedenti,
811 2374 936 2453 Comos,
968 2374 1067 2445 idest,
1101 2374 1230 2436 vicario
1264 2373 1417 2457 generali
1451 2376 1505 2437 sui

165 2486 273 2570 ipsius
295 2496 377 2572 (non
399 2490 491 2553 enim
514 2498 587 2553 erat
609 2492 668 2573 qui
692 2492 923 2566 constituerat)
946 2491 1086 2552 tandem
1109 2490 1270 2571 innupsit.

255 2607 286 2667 6.
312 2603 503 2688 Imperator
524 2625 587 2688 per
610 2607 790 2688 epistolam
819 2607 863 2669 ab
889 2607 989 2669 huius
1018 2605 1182 2669 novitatis
1211 2606 1289 2668 labe
1319 2623 1356 2668 se
1387 2606 1503 2668 statim
1565 2610 1721 2674 Imperator
1741 2614 1777 2662 td
1796 2615 1851 2665 Ru

165 2737 313 2804 purgare
336 2722 446 2785 voluit
469 2740 546 2785 curn
569 2719 674 2785 fratre
697 2742 759 2785 suo
785 2722 861 2786 Ras
891 2720 973 2784 sels
1003 2719 1158 2785 Christos
1186 2740 1290 2803 quam
1320 2720 1377 2783 hic
1407 2722 1502 2784 volui
1529 2680 1651 2745 'mm'

165 2838 403 2910 transcribere,
426 2838 507 2919 quia
530 2840 604 2900 eius
633 2857 741 2912 mens,
772 2847 806 2902 et
835 2840 927 2901 vires
957 2838 1105 2921 intelligi
1136 2845 1280 2919 possunt
1310 2856 1356 2899 ex
1387 2834 1502 2901 fratris

164 2952 399 3035 responsione,
423 2972 511 3035 quae
534 2955 583 3016 ita
604 2953 719 3018 habet.

254 3085 286 3146 7.
312 3069 466 3132 Summis
496 3068 655 3133 lauimus
684 3043 868 3135 attollatur
897 3069 1080 3156 m'rginalis
1103 3069 1243 3155 puritas
1271 3069 1503 3133 sanen'ssimoe

171 3182 329 3269 Virginis
360 3184 509 3259 Merrae,
540 3185 615 3249 Dei
637 3186 823 3272 genitricis,
854 3186 1027 3249 Dominae
1053 3189 1197 3248 nostrae.
1221 3184 1379 3269 Epistola
1401 3183 1502 3248 Setae

164 3296 319 3363 Christos
341 3300 435 3363 serm'
453 3300 603 3364 maximi
622 3302 858 3386 imperatoris.

253 3419 283 3478 8.
307 3415 407 3479 Deus
428 3417 645 3502 omnip0tens,
669 3417 732 3502 qui
751 3422 906 3481 nostrum
929 3437 999 3481 esse
1013 3438 1057 3482 ex
1071 3415 1182 3481 niltilo
1197 3414 1319 3480 eduxit
1331 3420 1366 3479 et
1380 3415 1503 3480 mentis

156 3530 449 3615 pulchritudinem
471 3532 510 3595 in
533 3532 642 3597 cordes
665 3534 780 3597 nostri
799 3534 925 3597 tabulis
948 3532 1110 3618 depinxit
1138 3532 1176 3596 V.
1201 3531 1398 3595 Maiestatis
1423 3551 1501 3618 gre-

39 3654 57 3705 s·
75 3663 134 3717 Ι77.
157 3666 234 3733 gem
252 3648 414 3732 pastores,
437 3646 606 3713 *dominio
628 3669 695 3711 non
718 3648 923 3714 mercenarii
942 3648 1132 3723 abiectione,
1156 3650 1303 3711 truatur.
1320 3646 1377 3710 En
1392 3644 1439 3709 od
1450 3667 1502 3711 rne

161 3762 297 3827 litterae
319 3763 356 3828 V.
381 3764 580 3828 Maiestatis
598 3769 834 3849 pervenerunt,
859 3784 943 3849 quae
965 3746 1098 3828 dieunt:
1112 3765 1261 3827 lecimus
1271 3762 1500 3847 praeconium,

160 3883 201 3942 ut
213 3879 308 3962 fides
330 3879 575 3944 Alexandrina
598 3878 714 3945 redeat
726 3881 817 3944 sr'eut
831 3880 934 3965 prius
948 3879 1090 3966 or'gebat,
1105 3884 1140 3943 et
1153 3879 1214 3963 qui
1227 3878 1420 3942 Romanam
1435 3880 1500 3942 ole-

156 3994 259 4081 gerit,
281 4000 324 4059 nt
343 3996 433 4060 volet
453 4001 488 4059 et
506 3996 573 4059 sili
586 3996 769 4081 plauserit,
793 3997 831 4060 in
854 4017 894 4060 ea
916 3996 977 4060 ille
999 4017 1060 4060 sno
1085 4017 1119 4060 se
1138 3992 1231 4058 modo
1245 3992 1372 4065 hebeat,
1395 3994 1499 4078 sr'qui·

159 4107 233 4173 dem
256 4109 292 4173 ob
315 4109 402 4174 lanc
424 4131 530 4175 unam
552 4130 686 4175 causam
705 4131 791 4198 gens
813 4113 933 4187 omnes,
956 4113 1083 4197 magni,
1101 4110 1215 4196 porm',
1237 4109 1363 4173 rustici
1381 4113 1416 4173 et
1436 4110 1498 4173 rni-

159 4224 239 4289 lites
259 4225 430 4290 nobiscum
452 4226 633 4292 bellantur.
659 4229 755 4292 Haec
776 4229 892 4292 omnia
915 4227 980 4290 scio
1003 4246 1066 4312 quo
1083 4230 1184 4311 poeto
1202 4224 1499 4288 cunctinobiscum

158 4340 366 4427 belligerent,
389 4344 480 4427 quod
500 4343 661 4414 monachi,
685 4348 718 4408 et
739 4345 932 4418 sacerdotes,
956 4343 1074 4428 quiin
1097 4343 1320 4427 dynastarum
1346 4341 1499 4406 ‹tomr'lus

158 4457 369 4529 delitescunt,
394 4458 479 4542 ipsu
501 4456 625 4533 droant,
648 4479 710 4522 nos
731 4463 917 4531 canumet
940 4460 1115 4523 annorum
1138 4457 1299 4522 carnibus
1320 4457 1498 4531 m‘ctrtare,·
1558 4492 1562 4501 ·

157 4577 191 4636 et
211 4577 253 4635 nt
274 4571 341 4635 sili
359 4574 526 4644 credatur,
546 4580 611 4657 per
633 4574 706 4638 Dei
724 4594 844 4638 nomen
867 4575 996 4650 rurant,
1020 4574 1083 4659 qui
1101 4575 1190 4638 vilae
1212 4576 1350 4636 nostrae
1367 4573 1497 4656 princi

152 4687 253 4772 pium
275 4692 335 4763 est,
359 4689 493 4751 crimin
517 4687 679 4753 mundum
703 4691 927 4776 ingredimur,
949 4696 985 4755 et
1006 4689 1130 4753 ultimo
1160 4696 1244 4774 spes,
1275 4708 1349 4751 eum
1371 4688 1411 4750 al
1435 4688 1497 4751 illo

156 4804 360 4868 emittimur.
397 4806 483 4868 Rem
518 4805 629 4869 Melect
656 4805 811 4869 Christos
839 4805 909 4869 sibi
928 4807 1009 4869 ao'eo
1039 4806 1165 4880 r‘ntimi,
1197 4802 1260 4888 qui
1286 4802 1421 4886 saepius
1443 4824 1498 4866 ea·

155 4924 307 4983 strorurn
330 4919 487 4983 dominus
502 4918 593 5006 fur't,
617 4925 651 4983 et
671 4920 719 4984 ed
734 4925 866 4984 tantam
881 4921 1122 4984 mrblr'mitatem
1137 4926 1188 4984 est
1204 4923 1342 4989 euectus,
1363 4917 1401 4984 V.
1414 4917 1498 4980 Ma·

155 5033 259 5097 restas
282 5037 334 5097 est
356 5035 515 5110 intuitus,
538 5041 573 5098 et
594 5037 751 5119 quomodo
773 5036 998 5100 castrensium
1028 5036 1178 5099 omnium
1208 5037 1308 5100 cordo
1343 5038 1381 5100 in
1403 5036 1497 5125 defe-

153 5149 297 5214 ctionem
320 5169 394 5214 oum
418 5172 476 5214 suo
498 5151 695 5215 Sebastiano
718 5158 836 5216 contra
868 5154 904 5216 V.
931 5152 1144 5217 Maiestatem
1167 5152 1372 5216 sollicitavit.
1397 5155 1497 5222 Deus

235 5289 261 5331 C.
278 5289 386 5332 Buccsnr.
402 5291 459 5332 Rer.
474 5291 541 5334 Aeso.
557 5292 647 5344 Script.
663 5304 709 5333 oce.
726 5293 791 5335 r'rred.
806 5315 832 5325 -
846 5292 912 5334 vill.
1386 5302 1414 5349 ⁴⁸
