4166 6182
741 589 1002 641 INTRODUCTIO
1484 592 1541 641 XV

205 737 308 833 picas
336 736 613 834 proscribentes
641 737 784 834 populo
819 753 1083 833 persuaserant
1121 739 1232 811 fidem
1266 738 1489 812 catholicam
1519 764 1541 811 a

204 870 273 944 ritu
301 870 420 945 latino
447 869 643 945 dissociari
674 896 748 945 non
778 896 902 967 posse.
932 871 1113 968 Superius
1141 871 1219 944 dixi
1248 872 1347 944 hunc
1387 873 1540 945 modum

203 1005 339 1101 agendi
369 1004 606 1078 Patriarchae
633 1020 671 1078 et
698 1020 846 1100 patrum
876 1018 1109 1100 praetextum
1149 1004 1399 1101 persecutioni
1437 1031 1541 1101 prae-

202 1137 346 1211 buisse:
362 1138 473 1212 huius
487 1137 588 1211 enirn
605 1163 716 1212 verae
736 1163 871 1212 causae
891 1137 1043 1214 aliunde
1059 1155 1144 1213 sunt
1160 1139 1397 1234 repetendae,
1413 1165 1540 1235 quem-

202 1272 405 1345 admodum
451 1271 640 1356 Almeida,
689 1272 873 1345 Barradas
919 1287 956 1345 et
1001 1271 1083 1368 ipse
1124 1272 1341 1346 Patriarcha
1382 1273 1419 1346 in
1462 1272 1540 1346 suis

200 1404 376 1499 operibus
404 1405 557 1502 egregie
584 1406 887 1479 demonstrarunt
914 1418 951 1478 et
979 1407 1027 1478 ab
1056 1404 1243 1479 historicis
1268 1404 1539 1500 posterioribus

202 1538 273 1611 fide
301 1538 429 1635 dignis
457 1540 717 1613 confirmatum
746 1538 837 1632 est(
863 1544 888 1636 ).

282 1694 342 1748 10.
363 1673 478 1746 Addo
505 1672 679 1768 insuper:
711 1673 846 1747 modus
874 1672 936 1746 ille
956 1672 1095 1769 agendi
1115 1672 1352 1747 Patriarchae
1371 1697 1463 1769 erga
1481 1698 1540 1748 ae-

200 1805 388 1903 thiopicos
416 1806 518 1891 ritus,
539 1805 603 1902 qui
625 1822 753 1881 nostro
774 1807 845 1880 hoc
865 1820 1034 1902 tempore
1055 1806 1319 1881 inexcusabilis
1339 1806 1538 1893 videretur,

199 1939 340 2037 duplici
369 1964 417 2013 ex
444 1940 567 2035 capite
595 1940 745 2013 saeculo
775 1965 857 2013 xvu
886 1938 1055 2013 excusari
1084 1939 1262 2036 potuisse,
1289 1940 1434 2015 scilicet
1461 1956 1538 2015 tum

200 2099 245 2147 cx
273 2073 490 2171 ignorantia
517 2071 749 2168 antiquitatis
778 2086 815 2147 et
843 2072 953 2169 pretii
982 2072 1183 2168 aethiopici
1213 2072 1304 2147 ritus
1340 2087 1377 2147 et
1414 2098 1538 2148 neces·

199 2206 374 2280 situdinis
402 2231 497 2302 quae
526 2206 819 2280 consuetudines
848 2205 948 2280 illius
977 2205 1170 2281 Ecclesiae
1209 2232 1293 2280 cum
1332 2221 1538 2281 ceterarum

199 2339 435 2414 orientalium
473 2340 808 2414 consuetudinibus
845 2339 1113 2429 intercedebat,
1154 2355 1231 2413 tum
1269 2366 1316 2414 ex
1344 2367 1413 2414 usu
1450 2356 1538 2415 tunc

200 2472 381 2569 temporis
409 2488 561 2569 recepto
589 2473 690 2569 apud
719 2498 851 2548 omnes
879 2474 957 2547 fere
987 2473 1242 2548 missionarios
1268 2474 1469 2547 inducendi
1489 2474 1538 2546 la·

199 2606 297 2681 tinos
325 2606 418 2681 ritus
446 2607 543 2681 inter
570 2632 703 2681 omnes
732 2608 895 2703 populos
922 2607 971 2681 ad
1000 2632 1095 2703 quos
1124 2608 1374 2694 mittebantur,
1401 2607 1480 2681 sive
1499 2608 1537 2680 hi

198 2738 338 2814 ethnici
367 2755 503 2826 essent,
533 2740 613 2814 sive
642 2738 885 2825 schismatici,
915 2755 978 2814 aut
1007 2755 1266 2836 protestantes.
1301 2740 1375 2832 Qui
1412 2755 1537 2814 tamen

198 2872 337 2969 agendi
367 2873 513 2960 modus,
543 2899 628 2946 cum
657 2872 919 2947 schismaticos
952 2874 1155 2948 orientales
1192 2876 1240 2948 ab
1277 2874 1415 2948 unione
1452 2900 1538 2949 cum

198 3006 370 3081 Ecclesia
398 3007 581 3081 catholica
612 3007 826 3092 retraheret,
857 3007 1037 3104 paulatim
1076 3007 1280 3104 improbari
1318 3007 1454 3104 coepit,
1488 3023 1536 3095 et,

197 3165 270 3213 non
302 3141 420 3214 modo
448 3139 692 3214 orientalibus
728 3140 777 3214 ad
815 3141 1039 3215 catholicam
1079 3142 1191 3215 fidem
1231 3141 1422 3216 conversis
1450 3167 1539 3217 usus

197 3298 349 3348 suarum
375 3273 611 3370 liturgiarum
632 3273 703 3349 suit
722 3274 927 3370 permissus
942 3276 1005 3371 (2),
1036 3275 1103 3348 sed
1123 3274 1279 3349 omnino
1299 3275 1453 3350 vetitum
1469 3276 1539 3349 fuit

197 3408 407 3487 catholicos
434 3410 482 3481 ab
509 3433 585 3481 uno
605 3407 643 3481 in
675 3408 789 3481 alium
819 3409 929 3482 ritum
949 3407 1107 3483 transire
1127 3410 1189 3506 (3).
1222 3410 1356 3506 Neque
1376 3410 1468 3484 illud
1488 3425 1539 3484 ta-

199 3542 376 3628 cendum,
407 3541 585 3638 potuisse,
616 3567 663 3615 ne
691 3542 815 3617 dicam
845 3542 1020 3617 debuisse
1041 3544 1253 3617 Romanam
1274 3543 1437 3630 Curiam,
1458 3543 1538 3618 sive

272 3797 321 3877 (1)
342 3795 424 3855 Vide
446 3795 528 3855 Her
538 3805 752 3871 genrdter‚
780 3798 943 3858 Handbuch
964 3800 1016 3856 der
1035 3800 1228 3874 Allgemeinen
1252 3799 1537 3875 Kirclicngeschichte,

194 3893 223 3951 11
244 3895 345 3963 Band‚
367 3913 390 3953 s.
414 3908 482 3967 471,
505 3893 654 3971 Freiburg
675 3897 706 3953 in
729 3896 762 3952 B.
790 3896 881 3968 18803
905 3896 1048 3955 Ranhe
1077 3897 1210 3974 Leop,
1234 3897 1257 3954 I
1273 3899 1409 3974 pontefici
1429 3899 1542 3956 romani

195 3992 272 4070 (vers
307 3993 395 4068 ital.)‚
411 4001 452 4051 to.
469 3991 507 4062 II,
523 4012 552 4068 p.
568 4005 643 4066 5003
666 3993 695 4052 G
706 4014 724 4052 u
735 3995 744 4051 i
755 3995 775 4052 d
786 3995 805 4063 i,
832 3993 896 4053 Uno
916 3996 1046 4071 squarrio
1058 3996 1094 4052 di
1105 3999 1196 4053 storia
1209 3997 1395 4054 ecclesiastica
1409 3996 1539 4056 1111111-

192 4094 269 4150 sinia
288 4090 357 4167 (dat
379 4090 557 4162 Bessarione,
578 4110 628 4150 an.
654 4106 738 4167 100),
760 4110 789 4167 p.
815 4095 863 4167 12)
869 4109 877 4162 ;
899 4092 945 4150 La
968 4092 1071 4151 Chicsa
1092 4094 1220 4152 abissum
1242 4114 1256 4150 e
1277 4095 1307 4152 la
1331 4093 1434 4153 Chiesa
1456 4115 1539 4153 rursu

194 4191 291 4268 (dalla
323 4188 433 4247 Nuooa
454 4189 617 4264 Analogia,
640 4191 699 4249 vol.
720 4189 836 4259 XXVI,
858 4190 932 4249 fasc.
958 4187 993 4247 16
1007 4209 1071 4267 apr.
1090 4190 1195 4267 1800);
1222 4191 1410 4250 Massaia
1440 4194 1535 4263 card,

195 4286 218 4343 I
234 4288 307 4346 mr'ei
324 4289 516 4362 trenlact’nque
536 4288 608 4345 anni
626 4288 661 4345 di
678 4289 807 4346 missione
827 4288 969 4346 nell’alta
991 4289 1120 4363 Etiopia,
1143 4291 1202 4349 vol.
1224 4288 1297 4360 XII,
1319 4308 1388 4366 cap.
1413 4306 1434 4360 1,
1456 4309 1487 4348 11.
1508 4307 1536 4365 0.

273 4385 322 4459 (2)
343 4382 457 4457 Quoad
479 4385 648 4461 Aethiopes
669 4384 698 4443 S.
715 4385 749 4443 C.
764 4387 804 4444 de
819 4386 1022 4462 Propaganda
1043 4385 1119 4445 Fide
1135 4388 1196 4446 iam
1213 4388 1287 4446 Inde
1304 4389 1343 4446 ab
1360 4407 1443 4446 anno
1462 4385 1539 4462 1640

195 4482 409 4553 missionariis,
431 4483 484 4558 qui
517 4482 640 4541 Iesuitis
671 4495 891 4555 successerant,
912 4486 1070 4561 praecepit
1097 4494 1130 4542 ut
1159 4504 1265 4565 eorum
1294 4486 1370 4544 ritus
1398 4496 1429 4545 et
1454 4487 1538 4544 litur-

193 4582 275 4656 giam
296 4599 363 4639 11011
384 4588 551 4638 mutarent:
577 4579 724 4640 «Relatis
745 4582 1034 4642 difficultatibus
1058 4584 1266 4659 Congregatio
1288 4586 1408 4643 censuit
1427 4586 1538 4644 instru-

193 4680 331 4738 ctionem
353 4697 421 4738 esse
443 4679 619 4753 faciendam
651 4698 707 4755 pro
739 4681 903 4756 praedictis
935 4682 1137 4741 missionariis
1167 4700 1227 4757 qua
1249 4684 1537 4744 admoneantur...

195 4778 227 4833 2⁰
247 4776 292 4835 Ut
313 4778 397 4835 clrca
419 4776 493 4834 ritus
514 4785 545 4834 et
567 4778 745 4853 praesertim
778 4780 915 4853 liturgias
943 4789 974 4836 et
1003 4780 1109 4837 divina
1138 4781 1239 4838 officia
1268 4790 1475 4857 protestentur
1506 4800 1538 4840 se

194 4877 278 4934 nolle
298 4892 407 4934 eorum
428 4875 519 4932 ritum
541 4876 745 4934 immutare».
767 4876 852 4946 APF,
875 4877 948 4935 Acta
969 4895 1019 4935 an.
1045 4874 1231 4949 1640-1641,
1254 4879 1275 4938 i.
1298 4894 1346 4954 93.

274 4972 320 5050 (3)
342 4972 444 5030 Immo
466 4974 578 5031 nostrIs
598 4974 707 5033 diebus
727 4975 769 5033 ad
789 4976 1033 5050 promovendam
1056 4976 1321 5035 schismaticorum
1340 4978 1536 5035 orientalium

195 5073 433 5130 conversionem
455 5088 636 5129 concessum
658 5074 811 5149 aliquibus
834 5073 1035 5132 missionariis
1058 5074 1146 5132 latini
1169 5076 1244 5134 ritus
1264 5085 1298 5134 ut
1319 5094 1424 5135 eorum
1446 5077 1537 5134 ritum

198 5171 470 5247 amplecterentur.
