4124 6182
684 569 801 618 mssa
825 571 848 628 1,
873 569 998 619 cneus
1022 570 1062 619 11.
1500 579 1538 639 35

204 719 284 789 lum,
309 715 406 781 Goza
428 728 462 782 et
485 719 564 789 alia,
586 737 674 801 quae
698 738 788 781 nunc
811 720 989 782 sublimior
1005 739 1094 783 nunc
1109 719 1280 792 humilior,
1297 718 1389 783 ferro
1404 721 1543 784 videtur

203 836 237 897 in
260 836 344 896 vivo
367 834 483 915 lapide
505 834 634 906 excisa,
658 836 778 897 urbem
807 834 922 907 muris,
952 834 1063 907 minis,
1088 837 1365 918 propugnaculis,
1394 838 1542 899 turribus

203 960 236 1013 et
259 951 532 1013 antemuralibus
555 960 822 1031 repraesentans,
847 960 880 1013 et
904 949 1150 1032 Ulyssiponem
1175 950 1410 1034 magnitudine
1441 953 1541 1016 adae·

202 1085 326 1147 quans;
352 1066 462 1128 tribus
485 1075 615 1129 tantum
640 1068 749 1148 portis
771 1067 833 1129 sed
857 1067 1022 1149 angustis,
1046 1075 1080 1129 et
1111 1086 1199 1148 pene
1230 1069 1382 1150 abruptis
1412 1070 1539 1150 pervia.

202 1179 353 1253 Guixen,
377 1200 446 1262 quo
464 1181 573 1244 veluti
588 1200 724 1244 carcere
740 1181 880 1264 Regum
896 1183 1070 1263 quondam
1085 1180 1148 1244 filii
1164 1182 1207 1245 ad
1224 1184 1404 1264 imperium
1420 1193 1542 1265 postea

202 1297 349 1360 vocandi
375 1299 624 1371 condebantur;
648 1297 760 1381 Legot
784 1298 933 1381 ingentis
954 1298 1184 1362 multitudinis
1206 1318 1328 1381 capax,
1345 1297 1492 1363 fontium
1508 1309 1542 1363 et

202 1411 387 1475 fluviorum
410 1413 518 1484 dives,
551 1411 724 1484 frumenti,
753 1415 876 1481 mellis.
912 1414 1088 1495 pastionis,
1124 1433 1279 1497 gregum,
1312 1424 1540 1478 armentorum

202 1539 236 1591 et
259 1529 433 1611 lignorum
457 1526 568 1592 ferax.
591 1528 763 1592 Ambasel
786 1529 1012 1610 amplitudine
1035 1530 1156 1603 minor,
1184 1532 1246 1593 sed
1275 1531 1464 1594 munitione
1487 1551 1542 1594 su·

202 1645 327 1726 perior,
352 1644 503 1725 quinque
527 1645 691 1707 tabulatis
714 1654 875 1726 tanquam
899 1644 1075 1716 altaribus,
1099 1646 1266 1727 quadrato
1290 1647 1404 1728 lapide
1420 1646 1542 1728 grada-

202 1761 264 1822 tim
289 1760 334 1822 ab
358 1761 428 1822 imo
451 1760 495 1821 ad
519 1779 689 1823 summum
713 1761 933 1843 surgentibus
956 1769 990 1822 et
1010 1761 1077 1822 sibi
1093 1760 1238 1823 invicem
1256 1763 1465 1843 promuralia
1481 1782 1542 1825 ex·

202 1876 413 1946 hibentibus,
426 1874 587 1938 firmatur.
601 1876 773 1958 Reliquos
786 1887 919 1939 montes
935 1877 1172 1959 magnitudine
1187 1878 1396 1941 transcendit
1410 1878 1543 1941 Thabat
1605 1890 1713 1940 ruebat
1737 1888 1890 1939 Mariam.

202 1990 351 2055 Mariam
375 1994 485 2055 aereis
508 1994 651 2074 rupibus
675 1995 849 2076 ingyrum
866 1993 1025 2064 vallatus,
1040 2013 1126 2075 quas
1142 1993 1322 2056 duodecim
1340 2004 1459 2075 portae
1475 2014 1542 2056 non

202 2127 386 2190 gemmeae
408 2119 445 2172 ut
468 2110 628 2171 coelestis
643 2110 830 2172 Ierusalem
848 2108 903 2192 (1),
931 2111 993 2172 sed
1008 2128 1145 2182 saxeae,
1164 2110 1265 2171 clivis
1281 2111 1352 2171 illic
1369 2111 1542 2174 modicum

201 2224 469 2297 subsidentibus,
493 2226 750 2305 pertunderunt.
774 2224 851 2287 Lati
875 2224 1018 2287 interius
1041 2222 1125 2287 fines
1149 2226 1280 2287 duobus
1302 2222 1417 2288 fluviis
1444 2227 1542 2290 uber·

201 2341 263 2403 tim
301 2339 496 2424 irrigantur.
528 2337 670 2421 Septem
705 2339 873 2403 Ecclesiis
903 2339 1113 2411 nobilitatur,
1146 2360 1300 2420 quorum,
1338 2361 1426 2423 quae
1461 2343 1542 2405 divo

202 2457 325 2521 Ioanni
348 2458 463 2521 dicata
485 2468 549 2530 est,
565 2457 781 2538 antiquorum
798 2455 1048 2537 Imperatorum
1065 2457 1293 2520 conditorium
1310 2455 1387 2529 fuit,
1403 2470 1438 2521 et
1453 2479 1542 2522 nunc

202 2575 290 2637 adeo
313 2574 465 2655 quinque
488 2593 604 2637 eorum
629 2572 836 2635 mausolaeis
859 2583 893 2635 et
915 2571 1088 2655 praetiosa
1102 2574 1352 2654 suppellectile,
1369 2584 1406 2636 ut
1420 2574 1542 2656 tapeti·

202 2693 267 2753 bus
290 2701 325 2753 et
357 2689 488 2753 aulaeis
519 2691 562 2752 ab
593 2690 820 2752 invictissimo
850 2708 931 2771 rege
962 2688 1187 2752 Emmanuele
1215 2694 1390 2771 (quantum
1429 2692 1542 2754 conie-

96 2853 103 2868 .
158 2855 165 2867 .
203 2817 296 2868 ctare
320 2805 414 2888 licet)
438 2806 482 2868 ad
505 2807 747 2887 imperatorem
770 2805 940 2867 Davidem
964 2804 1079 2868 missis
1096 2806 1292 2869 illustratur.
1310 2805 1396 2868 Inde
1418 2803 1543 2870 *allata

203 2931 255 2985 est
283 2921 327 2984 ad
358 2921 596 2984 Patriarcham
629 2940 687 2985 ara
717 2922 896 3002 portatieis
919 2922 1176 3004 elegantissima
1207 2921 1391 2985 Lusitanae
1421 2923 1543 2985 domus

202 3047 386 3102 stemmate
409 3038 564 3121 insignis,
589 3048 623 3101 et
646 3038 715 3100 alia
738 3037 891 3101 eiusdem
918 3037 1058 3120 pietatis
1090 3049 1309 3101 monumenta
1339 3038 1466 3101 ibidem
1490 3058 1543 3102 as·

203 3155 335 3218 servari
359 3162 603 3217 memorantur.

295 3290 324 3348 7.
349 3268 440 3331 Auri
464 3269 579 3332 nullae
601 3279 680 3332 sunt
704 3269 739 3332 in
755 3269 945 3351 Aethiopia
963 3279 1117 3332 secturae
1133 3270 1194 3332 sed
1209 3270 1358 3351 plurima
1372 3270 1541 3352 granaria,
1605 3276 1681 3360 Auri·
1707 3279 1795 3327 multa
1824 3288 1893 3329 sunt

204 3382 299 3448 fluvii
324 3405 460 3467 nempe,
484 3405 529 3447 ex
553 3384 678 3467 quibus
702 3383 736 3447 in
761 3385 896 3448 Naraea
919 3396 953 3448 et
977 3386 1055 3448 aliis
1078 3386 1122 3447 ad
1145 3383 1305 3448 Africum
1325 3395 1359 3446 et
1375 3382 1542 3448 Occiden·
1569 3362 1709 3471 {tffin’
1729 3349 1826 3399 nullae
1847 3364 1893 3400 '⁶'

203 3511 272 3564 tem
296 3503 497 3584 regionibus
520 3502 708 3564 lectissima
732 3502 826 3565 illius
849 3521 957 3584 grana
980 3502 1223 3573 extrahuntur;
1247 3520 1427 3583 necparva
1449 3502 1543 3563 illius

203 3629 293 3681 esset
316 3618 418 3699 copia
440 3618 517 3688 nisi,
540 3637 618 3680 cum
642 3619 728 3680 nulli
753 3619 813 3681 alii
837 3619 906 3681 sint
929 3619 1057 3681 nummi
1081 3626 1216 3699 praeter
1238 3619 1321 3680 salis
1349 3619 1542 3687 laterculos,

203 3734 237 3796 in
262 3733 424 3804 Nubiam,
449 3732 653 3817 Aegyptum
677 3745 710 3797 et
733 3732 963 3815 Erythraeum
988 3752 1080 3796 mare
1107 3733 1151 3795 ad
1174 3732 1336 3796 trutinam
1352 3752 1541 3814 appensum

204 3858 453 3932 exportaretur.
476 3847 517 3913 In
540 3848 768 3912 Temheuensi
792 3867 876 3932 agro
899 3869 968 3911 non
991 3851 1118 3912 multos
1145 3858 1223 3912 ante
1254 3868 1361 3912 annos
1391 3850 1475 3920 auri,
1507 3850 1542 3910 in

203 3965 324 4029 Salent
347 3967 482 4048 argenti
505 3966 683 4029 lectissimi
706 3986 795 4028 vena
818 3967 966 4036 emicuit,
990 3985 1094 4047 equo
1110 3965 1258 4027 vidimus
1274 3966 1308 4027 in
1324 3966 1427 4027 domo
1447 3965 1543 4047 regia
1633 4040 1637 4049 ι

203 4082 413 4163 pollubrum,
437 4082 605 4162 aqualem,
629 4084 797 4150 urceolos,
821 4083 973 4163 patinam
998 4091 1032 4144 et
1056 4082 1125 4143 alia
1147 4101 1231 4143 vasa
1254 4083 1290 4143 in
1309 4081 1427 4143 altaris
1444 4079 1542 4142 mini·

204 4199 346 4260 sterium
369 4196 555 4259 elaborata.
580 4192 650 4259 Sed
673 4205 815 4278 utraque
842 4214 931 4258 vena
961 4197 1017 4258 vel
1048 4193 1284 4258 effodientium
1316 4197 1460 4266 inscitia,
1486 4196 1542 4258 vel

204 4312 446 4394 imperantium
469 4313 641 4385 mandato,
654 4313 750 4374 brevi
774 4310 840 4375 fuit
863 4313 1031 4383 obturata,
1056 4330 1098 4373 ne
1122 4310 1254 4374 Tuscae
1277 4322 1336 4374 aut
1351 4312 1410 4373 alii
1426 4311 1543 4374 hostes

205 4429 279 4491 auri
301 4429 360 4491 vel
383 4429 515 4511 argenti
540 4429 727 4510 cupiditate
757 4430 801 4491 ad
831 4429 1063 4510 occupandam
1095 4427 1318 4510 Aethiopiam
1349 4429 1541 4490 incitentur.

204 4543 344 4607 Plumbi
367 4560 488 4625 parum
512 4564 558 4607 ex
580 4544 702 4606 iisdem
727 4541 854 4607 fodinis
877 4546 1070 4615 emebatur,
1094 4547 1172 4625 plus
1194 4543 1369 4625 sulphuris
1392 4563 1438 4605 ex
1453 4543 1543 4615 aliis,
1605 4551 1670 4600 Alia
1688 4550 1812 4601 metalla.

204 4678 267 4723 nec
291 4660 419 4722 nitrum
443 4660 693 4722 desideraretur
715 4661 749 4727 si
768 4660 908 4723 solertia
928 4660 1072 4722 adesset.
1090 4659 1184 4721 Ferri
1202 4657 1333 4721 affatim
1348 4678 1455 4741 regna
1470 4678 1542 4720 om-

205 4776 261 4838 nia
283 4772 476 4846 conferunt,
499 4775 560 4837 sed
584 4774 828 4858 colligentibus
851 4783 1101 4856 temperaturae
1125 4776 1253 4856 ignaris
1284 4773 1430 4855 chalybs
1460 4792 1543 4855 prae

204 4891 265 4953 illo
289 4891 446 4954 vilescit·
459 4887 604 4953 Summo
627 4888 662 4952 in
684 4892 797 4972 pretio
812 4892 864 4953 sal
880 4900 943 4963 est,
959 4890 995 4952 in
1010 4889 1164 4971 Angotis
1179 4899 1213 4952 et
1228 4889 1447 4971 Bagamediri
1463 4909 1542 4952 con·
1606 4899 1654 4948 snt
1682 4898 1782 4949 fossile
1808 4913 1892 4948 num·

203 5004 329 5069 finibus
352 5014 475 5088 sponte
499 5006 535 5067 in
551 5002 705 5077 fossitiis,
721 5016 757 5069 et
773 5005 990 5069 inexhaustis
1012 5014 1152 5069 naturae
1167 5004 1299 5067 horreis
1322 5022 1542 5078 excrescens;
1571 4984 1682 5019 morum
1700 4984 1791 5020 ’Μ
1806 4970 1892 5020 ‘um'

291 5139 332 5205 (1)
351 5139 468 5205 apocal,
487 5151 530 5197 ιι,
552 5149 597 5196 123
621 5138 691 5196 Tou,
714 5149 753 5200 13,
771 5150 812 5190 21.
