4058 6178
671 2089 858 2166 CAPUT
887 2090 1015 2164 XVII.

367 2380 638 2457 patriarchae
665 2383 916 2457 Fremonam
943 2404 1067 2480 usque
1093 2403 1334 2478 progressus

252 2525 298 2590 et
339 2515 383 2589 in
424 2514 551 2610 regiis
591 2516 739 2591 castris
779 2539 829 2590 ex
872 2516 999 2611 ipsius
1040 2539 1209 2593 accessu
1251 2517 1422 2598 laetitia.

265 2883 294 2925 1.
331 2860 552 2924 Patriarchae
586 2863 621 2924 in
653 2860 912 2925 christianorum
944 2863 1118 2944 regionem
1142 2873 1177 2925 et
1200 2882 1295 2925 suam
1327 2863 1507 2927 ecclesiam
1571 2873 1756 2922 communem
1777 2871 1858 2921 naut-

170 2980 238 3041 iam
263 2978 367 3040 illato
389 2986 424 3039 et
448 2988 694 3060 congruentem
717 2978 917 3040 comitatum
940 2987 1052 3049 nact0,
1075 2978 1188 3041 visum
1222 2975 1296 3049 fuit,
1321 2980 1425 3042 sociis
1454 2998 1508 3041 ur·
1535 2942 1856 3079 ffiimfflwss

168 3095 347 3177 gentibus,
363 3092 543 3176 vulgarem
558 3093 713 3156 habitum
728 3112 980 3174 personamque
995 3094 1178 3175 deponere,
1195 3103 1229 3156 et
1255 3095 1508 3176 episcopalibus
1535 3085 1663 3137 ²⁸⁸¹²¹¹¹¹h

64 3220 80 3270 r.
103 3218 141 3271 66.
169 3209 403 3273 indu*mentis
414 3209 639 3272 cohonestari.
652 3206 737 3271 Cum
753 3210 877 3291 quibus
892 3210 949 3271 ubi
966 3229 1004 3272 se
1020 3210 1199 3272 visendum
1215 3210 1309 3272 dedit
1324 3209 1508 3279 Lusitanis,

168 3338 201 3389 et
226 3325 414 3389 catholicis
436 3326 548 3406 ipsum
564 3325 780 3406 stipantibus,
797 3326 821 3386 ii
838 3325 1005 3395 lacrimas,
1019 3344 1064 3387 ex
1080 3325 1269 3407 voluptatis
1283 3327 1509 3390 redundantia

169 3441 412 3512 scaturientes,
436 3441 611 3503 continere
637 3460 706 3503 non
735 3450 929 3522 potuerunt,
961 3459 1039 3503 cum
1070 3442 1106 3503 id
1137 3460 1252 3503 coram
1283 3442 1449 3514 viderent,
1474 3444 1509 3504 in

167 3559 263 3640 quod
290 3558 359 3638 ipsi
383 3567 418 3619 et
441 3558 593 3638 ipsorum
616 3566 776 3637 parentes
799 3554 1047 3618 desideriorum
1069 3576 1206 3620 suorum
1237 3557 1383 3641 sagittas
1412 3558 1510 3621 colli·

168 3683 329 3736 nearunt.
354 3671 500 3735 Decima
521 3671 672 3753 septima·
690 3671 774 3733 iunii
798 3671 872 3734 dies
902 3673 1078 3753 agebatur,
1107 3693 1184 3735 cum
1214 3671 1353 3737 Senafei
1384 3677 1510 3738 montis

166 3809 336 3854 ascensus
359 3799 519 3861 tentatus,
544 3807 644 3870 quem
669 3790 702 3861 ii,
727 3790 785 3871 qui
801 3789 904 3870 paulo
923 3797 1001 3850 ante
1017 3784 1203 3861 Senatum,
1219 3788 1424 3871 Pyraeneos,
1444 3789 1512 3851 Al·

165 3925 304 3989 pesque
326 3906 541 3975 transierant,
566 3904 675 3992 multo
690 3904 867 3967 celsiorem
884 3914 918 3966 et
945 3904 1164 3966 accliviorem
1184 3915 1396 3976 censuerunt,
1413 3924 1511 3986 agre·

165 4026 283 4088 stibus
307 4030 423 4084 tamen
445 4019 558 4083 cedris
580 4020 726 4102 aliisque
750 4020 928 4082 arboribus
952 4038 1019 4082 non
1036 4021 1217 4082 admodum
1244 4022 1406 4101 proceris,
1424 4022 1511 4083 rosis

164 4138 391 4221 simplicibus
413 4146 447 4198 et
470 4135 617 4199 diversis
640 4134 780 4197 floribus
803 4135 964 4199 abundat.
988 4134 1025 4196 A
1048 4136 1243 4199 summitate
1266 4137 1356 4199 vasti
1379 4138 1414 4197 in
1437 4138 1511 4217 pla-

165 4275 251 4318 num
278 4252 466 4316 tenduntur
488 4253 564 4334 agri
587 4249 750 4314 frumenti
773 4252 937 4332 cuiusque
960 4252 1097 4334 generis
1119 4249 1226 4315 effuse
1250 4250 1391 4315 feraces.

263 4390 295 4434 2.
310 4368 461 4431 Primam
479 4376 614 4430 noctem
630 4368 793 4430 duximus
809 4367 843 4428 in
860 4365 1029 4449 Agamea,
1045 4385 1133 4449 quae
1145 4368 1394 4449 amplissimum
1407 4368 1511 4431 habet
1574 4381 1608 4430 1n
1626 4382 1773 4440 agatnen
1796 4392 1860 4443 per·

164 4488 202 4550 in
227 4485 383 4569 Tigraeo
407 4501 514 4565 regno
537 4483 764 4557 territorium
787 4484 928 4565 eiusque
959 4481 1175 4546 Gubernator
1196 4481 1406 4565 pontificiam
1435 4503 1512 4547 coe·
1539 4460 1692 4501 nocetum.

165 4621 251 4664 nam
290 4608 567 4681 praeparaverat,
601 4599 726 4669 vaccis,
762 4598 894 4680 ingenti
931 4597 1168 4678 placentarum
1203 4617 1355 4669 numero,
1395 4600 1513 4661 multis

166 4716 292 4779 mellei
316 4715 389 4775 vini
411 4713 586 4796 amphoris
608 4723 643 4775 et
666 4714 820 4795 pluribus
843 4714 983 4783 sicerae,
1007 4732 1110 4795 quam
1134 4710 1261 4777 Savam
1280 4713 1408 4787 dicunt,
1436 4734 1514 4776 can·

164 4832 284 4895 tharis
308 4827 522 4901 affluentem
546 4831 730 4892 secundam
758 4830 844 4891 bene
874 4830 965 4912 pasti
996 4831 1060 4892 sub
1089 4829 1247 4893 tentoriis
1270 4831 1515 4913 transegimus;

163 4948 312 5011 tertiam
336 4945 428 5026 apud
450 4943 581 5007 Ascam
606 4941 801 5028 Gueorguis
834 4943 1048 5027 praefectum
1087 4944 1205 5008 Amba
1236 4944 1394 5016 Senetae‚
1422 4946 1517 5006 cuius

164 5080 278 5143 supra
301 5057 395 5122 facta
417 5061 557 5125 mentio.
581 5059 666 5123 Inde
689 5079 846 5144 egressos
868 5062 904 5123 in
929 5061 1043 5124 media
1065 5063 1123 5124 uia
1146 5059 1292 5135 solemni
1312 5061 1416 5143 epulo
1432 5069 1518 5122 tam·
