4166 6182
559 587 649 636 XXX
1094 586 1135 634 IN
1139 586 1318 636 TRODUCT
1320 586 1358 636 IO

643 757 702 829 19.
731 735 881 809 Etenim
911 760 995 808 cum
1025 735 1062 807 in
1083 735 1324 831 Aethiopiam
1346 734 1559 831 patriarcha
1578 736 1736 809 Mendez
1758 735 1891 810 missus

558 867 637 954 fuit,
668 870 716 941 ab
745 868 970 965 imperatore
999 868 1127 941 Seltan
1158 870 1287 965 Sagad
1317 869 1390 941 iam
1419 868 1606 942 catholico
1635 868 1776 943 iteratis
1813 894 1890 965 pre-

558 1001 664 1075 cibus
691 1001 888 1098 expetitus,
921 1002 1042 1074 nullae
1072 1026 1140 1097 pro
1168 1026 1214 1076 eo
1242 1001 1573 1076 commendatitiae
1600 1002 1745 1076 litterae
1775 1003 1822 1075 ad
1852 1003 1889 1075 il-

560 1136 636 1210 lum
664 1136 774 1209 datae
802 1136 973 1218 fuerunt;
1002 1135 1051 1208 de
1078 1160 1152 1230 qua
1181 1132 1397 1221 omissione,
1436 1152 1476 1208 ut
1514 1150 1617 1209 notat
1645 1136 1821 1209 Almeida
1852 1134 1888 1208 in

558 1293 626 1341 sua
667 1268 836 1342 Historia
868 1270 933 1365 (1),
975 1268 1057 1363 ipse
1100 1270 1307 1365 Imperator
1353 1268 1535 1366 regnique
1581 1269 1764 1365 primores
1809 1295 1890 1365 gra·

558 1402 652 1476 viter
680 1402 873 1499 conquesti
902 1418 1000 1479 sunt.
1031 1402 1125 1476 Cum
1154 1418 1334 1477 econtra
1362 1403 1492 1500 paucis
1520 1418 1606 1499 post
1633 1402 1742 1477 annis
1761 1402 1799 1476 in
1820 1406 1890 1477 Ae-

558 1535 739 1633 thiopiam
781 1536 819 1609 S.
864 1535 1122 1633 Congregatio
1165 1535 1266 1610 misit
1307 1551 1451 1632 patrem
1495 1538 1676 1612 Veemers
1718 1552 1758 1611 ut
1795 1537 1889 1611 vica·

559 1670 653 1743 rium
683 1670 941 1766 apostolicum,
973 1693 1043 1765 pro
1071 1695 1117 1743 eo
1145 1669 1473 1745 commendatitias
1492 1671 1560 1745 has
1579 1670 1831 1767 amplissimas
1854 1686 1890 1744 et

559 1803 724 1899 triplices
751 1804 833 1876 dari
860 1802 1006 1877 curavit
1032 1804 1081 1876 ad
1111 1802 1392 1901 Imperatorem,
1423 1803 1487 1900 qui
1511 1829 1586 1877 non
1607 1805 1721 1877 modo
1749 1804 1889 1901 episco-

560 1960 648 2033 pum
679 1937 802 2011 Roma
830 1962 903 2011 non
932 1937 1149 2033 expetierat,
1180 1938 1246 2011 sed
1276 1952 1313 2011 et
1341 1936 1507 2024 IesuitaS,
1537 1937 1744 2012 catholicos
1762 1952 1800 2010 et
1817 1953 1889 2012 tres

562 2085 687 2168 patres
715 2070 951 2166 Capuccinos
981 2070 1070 2144 odio
1099 2070 1187 2144 fidei
1216 2087 1334 2145 morte
1362 2072 1625 2156 damnaveram
1646 2073 1695 2144 ad
1710 2073 1888 2145 'Abunam

560 2219 598 2277 et
626 2205 673 2277 ad
703 2205 862 2301 Icceghe
892 2205 1171 2289 monachorum,
1206 2204 1254 2277 de
1291 2230 1448 2301 quorum
1488 2204 1640 2301 flagitiis
1671 2219 1708 2278 et
1736 2204 1825 2277 odio
1852 2204 1888 2276 in

560 2362 756 2411 romanam
785 2339 897 2411 fidem
926 2338 964 2411 S.
986 2336 1241 2433 Congregatio
1261 2364 1283 2411 a
1304 2339 1519 2412 Patriarcha
1547 2363 1614 2434 per
1640 2337 1821 2434 epistolas
1838 2338 1889 2433 (2)

560 2485 597 2544 et
624 2496 647 2544 a
675 2454 780 2567 patre
809 2470 1043 2567 Hieronymo
1072 2472 1178 2543 Lobo
1197 2485 1371 2545 oretenus
1389 2471 1523 2546 edocta
1542 2472 1674 2547 fuerat.
1694 2471 1771 2545 Sed
1789 2472 1889 2567 quod

561 2603 684 2699 magis
712 2604 868 2690 mireris
898 2604 1012 2678 iidem
1034 2604 1087 2676 illi
1106 2604 1169 2699 qui
1190 2604 1369 2700 epistolas
1388 2604 1603 2678 huiusmodi
1625 2604 1674 2677 ad
1697 2603 1889 2678 Fasiladas

561 2737 672 2812 scribi
701 2739 892 2822 curabant,
921 2737 1054 2811 eodem
1085 2752 1253 2833 tempore
1281 2753 1471 2833 tamquam
1501 2762 1610 2811 veros
1638 2737 1777 2813 Christi
1800 2763 1887 2811 mar·

561 2887 662 2979 tyres
690 2872 884 2945 habendos
913 2896 995 2945 esse
1024 2872 1292 2967 profitebantur
1316 2897 1390 2945 non
1412 2873 1526 2944 modo
1546 2872 1679 2945 fratres
1698 2870 1889 2968 Agathan·

559 3006 686 3100 gelum
716 3019 753 3084 et
790 3004 1009 3079 Cassianum
1030 3006 1093 3102 (3),
1132 3006 1198 3078 sed
1235 3021 1272 3079 et
1308 3005 1529 3101 episcopum
1562 3004 1777 3078 Almeidam
1806 3030 1888 3080 cum

562 3137 709 3212 Iesuitis
726 3138 779 3238 (4)
807 3138 908 3213 iussu
937 3138 1130 3212 Fasiladas
1159 3141 1419 3213 obtruncatos!

641 3293 703 3347 20.
733 3271 885 3345 Interim
915 3297 1000 3345 cum
1030 3242 1145 3367 pater
1165 3272 1345 3347 Veemers
1363 3273 1497 3345 eodem
1518 3298 1618 3346 anno
1638 3298 1712 3368 quo
1732 3272 1890 3346 vicarius

559 3405 790 3500 apostolicus
819 3405 1063 3501 inauguratus
1100 3404 1180 3489 fuit,
1220 3421 1417 3500 antequam
1448 3405 1572 3479 itineri
1609 3430 1650 3478 se
1686 3405 1888 3479 committe·

561 3552 627 3623 ret,
658 3538 793 3611 evivis
820 3537 1052 3623 excessisset,
1083 3538 1117 3610 ei
1146 3537 1324 3612 suffectus
1349 3553 1404 3612 est
1428 3539 1604 3612 dominus
1632 3538 1844 3612 Matthaeus
1869 3563 1889 3609 a

641 3794 686 3869 (Ι)
707 3794 773 3852 Lib.
796 3792 879 3863 VIII,
901 3812 927 3852 c.
950 3810 1006 3851 xm
1028 3794 1109 3871 (Iler.
1132 3794 1221 3865 neth,
1245 3794 1303 3853 vol.
1326 3794 1377 3863 VI,
1399 3813 1429 3870 p.
1451 3792 1531 3867 480).

640 3892 685 3967 (2)
706 3891 753 3950 CI.
776 3893 827 3950 cit.
850 3893 1012 3967 epistolam
1028 3892 1067 3949 ad
1083 3892 1112 3948 S.
1127 3889 1288 3968 Congum,
1311 3892 1363 3951 lib.
1385 3891 1436 3962 IV,
1459 3911 1527 3968 cap.
1543 3906 1586 3961 ιν,
1601 3901 1632 3949 et
1647 3892 1720 3949 ibid.
1738 3908 1806 3966 cap.
1821 3904 1887 3957 vm,

560 4007 581 4044 n
612 4003 641 4061 3.
663 3987 708 4045 Ex
729 3991 838 4048 ultimo
859 3990 919 4048 hoc
942 3989 1011 4047 Ioco
1032 3999 1117 4065 patet
1138 3990 1280 4047 Abunam
1302 4008 1370 4048 vere
1392 3990 1580 4065 proditorem
1607 3990 1737 4048 duorum
1766 3991 1887 4047 fratrum

561 4084 807 4162 Capuccinorum
828 4088 962 4145 extitisse
982 4105 1150 4162 eommque
1170 4088 1256 4145 necis
1277 4087 1467 4164 potissImam
1488 4105 1623 4146 causam.

642 4182 686 4261 (3)
706 4184 753 4242 cf.
775 4186 936 4260 epistolam
959 4204 988 4261 p.
1014 4185 1048 4242 Ir.
1070 4186 1198 4243 Antonii
1219 4204 1238 4243 a
1259 4186 1469 4261 Petrapagana
1484 4184 1613 4255 tnnPF,
1629 4185 1650 4242 I
1664 4186 1787 4261 Aegypt.
1802 4183 1887 4249 Aeta,

563 4297 630 4351 211,
653 4282 673 4341 I.
698 4296 766 4354 147;
788 4294 819 4340 et
839 4284 949 4340 Lettcre
969 4284 1042 4358 volg.
1064 4300 1136 4341 ann.
1161 4282 1232 4355 1671
1256 4285 1418 4359 epistolam
1439 4284 1468 4342 S.
1490 4280 1609 4360 Congl⁵
1629 4285 1669 4342 ad
1697 4284 1887 4342 secretarium

562 4381 610 4440 SS.
633 4380 757 4438 Rituum
779 4379 912 4456 cingat·
931 4396 966 4453 24
989 4381 1089 4438 martii
1117 4379 1200 4453 1671.

640 4482 685 4551 (4)
711 4503 724 4530 ‹
741 4478 936 4537 Patriarchae
957 4480 1150 4554 Aethiopiae.
1167 4478 1294 4537 Relatae
1316 4479 1438 4537 fuerunt
1458 4479 1478 4536 S
1510 4477 1632 4556 Congai
1653 4522 1660 4536 .
1683 4522 1690 4537 .
1714 4520 1721 4536 .
1742 4478 1887 4555 Amplitu-

561 4578 643 4635 dinis
664 4587 734 4635 tuae
756 4577 964 4652 epistolae...
991 4587 1021 4635 et
1042 4578 1181 4653 quamvis
1210 4595 1292 4635 mors
1323 4579 1460 4654 episcopi
1494 4577 1626 4636 Nicaeni
1647 4587 1678 4635 et
1698 4595 1821 4636 suorum
1842 4592 1887 4632 ca·

561 4677 683 4734 tholicis
705 4677 794 4734 valde
816 4678 954 4734 luctuosa
974 4678 1092 4746 existat,
1114 4677 1187 4751 quia
1208 4684 1312 4733 tamen
1333 4688 1490 4752 martyrum
1510 4676 1630 4750 sanguis
1656 4675 1886 4733 christianorum

561 4792 665 4832 semen
685 4776 814 4849 antiqua
845 4775 1010 4833 traditione
1041 4783 1182 4831 censetur
1208 4784 1238 4831 et
1260 4774 1395 4849 martyrii
1427 4773 1637 4850 praerogativa
1659 4772 1761 4830 Deum
1781 4791 1817 4831 ac
1837 4771 1886 4826 ho-

562 4873 660 4929 mines
682 4873 847 4939 laetificare
878 4873 1046 4941 consuevit,
1072 4880 1196 4947 sperant
1223 4890 1293 4929 cum
1321 4872 1489 4930 Sanctitate
1510 4870 1671 4929 Sua'Emi
1692 4870 1797 4928 Patres
1817 4870 1885 4927 Iutu-

561 4988 676 5028 rum...
698 4969 734 5026 In
756 4969 832 5027 actis
852 4969 881 5026 S.
903 4971 937 5027 C.
960 4969 1117 5044 praedicta
1137 4968 1355 5037 describentur,
1377 4978 1418 5035 ut,
1439 4987 1509 5026 cum
1535 4970 1599 5027 fieri
1621 4969 1742 5045 poterit,
1758 4969 1884 5027 testium

561 5067 756 5141 depositione
778 5067 964 5125 firmentur...
987 5067 1113 5136 Romae,
1136 5083 1155 5140 q
1177 5067 1278 5123 martii
1304 5064 1419 5138 1641».
1446 5066 1544 5144 (APF,
1570 5068 1680 5125 Latere
1707 5067 1804 5137 latriae,
1823 5073 1883 5129 etc,

563 5165 621 5220 vot.
645 5163 698 5231 IX,
722 5165 742 5221 f.
769 5178 845 5235 1325.
