4166 6182
531 563 569 606 22
866 555 1141 604 EXPEDITIONIS
1164 554 1426 604 AETHIOPICAE
1450 556 1530 604 ETC.

529 685 737 766 Inspiciatur
760 706 792 768 p.
819 663 986 749 Bernardi
1003 686 1199 769 Nogueirae
1215 684 1363 766 epistola
1380 685 1439 747 lib.
1457 707 1487 763 4,
1504 704 1578 767 cap.
1598 706 1613 748 2
1620 704 1650 764 3,
1668 704 1700 747 n.
1727 704 1755 765 7,
1772 688 1867 748 cuius

529 803 637 863 verba
660 802 734 864 sine
761 802 892 882 pudore
908 819 1101 883 proponere
1129 821 1197 864 non
1224 820 1414 882 possumus
1437 802 1493 863 vel
1517 797 1691 873 Claudius,
1716 802 1866 883 Impera-

529 917 614 979 toris
629 914 744 987 frater,
760 917 820 998 qui
836 918 948 998 ipsum
965 917 1149 999 aliquando
1165 938 1186 979 a
1201 917 1391 978 catholicae
1405 914 1486 978 fidei
1501 917 1731 980 restituendae
1745 904 1865 979 'animo

530 1033 688 1104 abduxit,
716 1043 750 1094 et
773 1045 844 1095 tres
878 1035 1074 1095 sacerdotes
1101 1035 1134 1093 in
1164 1032 1256 1094 illius
1290 1034 1405 1094 odium
1442 1032 1625 1095 trucidavit
1642 1033 1696 1115 (ι),
1721 1053 1798 1095 cum
1822 1035 1864 1096 de

531 1146 723 1210 manifestis
753 1147 902 1210 Abunae
934 1146 1055 1219 Marci,
1087 1149 1144 1229 qui
1176 1147 1397 1209 Patriarchae
1429 1167 1607 1211 successor
1629 1169 1674 1209 ex
1698 1147 1865 1231 Aegypto

529 1275 671 1331 vocatus
694 1262 768 1335 fuit,
792 1270 920 1346 stupris
943 1274 978 1326 et
1001 1263 1221 1345 nepotaribus
1244 1265 1333 1325 inter
1363 1264 1509 1326 curiales
1525 1283 1640 1326 coram
1657 1263 1865 1346 Imperatore

529 1390 696 1461 ageretur,
721 1381 755 1442 in
780 1399 822 1441 eo
845 1399 1007 1442 consessu
1031 1379 1136 1440 dixit:
1164 1378 1399 1441 Patriarcham
1427 1379 1518 1441 mala
1541 1398 1726 1459 numquam
1749 1375 1867 1439 fabula

529 1495 636 1559 fuisse
660 1497 803 1569 laesum,
831 1516 893 1558 nec
917 1495 1065 1557 similem
1089 1497 1119 1558 ei
1144 1495 1335 1576 praelatum
1359 1497 1393 1557 in
1418 1494 1607 1577 Aethiopia
1630 1514 1792 1576 umquam
1816 1495 1866 1555 vi·

529 1632 605 1674 sum
629 1613 686 1674 vel
709 1615 743 1674 in
767 1624 942 1693 posterum
965 1613 1161 1681 videndum,
1186 1612 1252 1673 nisi
1276 1612 1365 1673 idem
1391 1613 1425 1673 in
1449 1630 1525 1674 eam
1550 1613 1676 1683 redeat,
1697 1621 1756 1673 aut
1778 1610 1865 1672 alius

530 1731 574 1791 ab
597 1749 648 1797 e0.
673 1750 694 1791 a
716 1750 784 1811 quo
800 1729 875 1809 ipse
891 1729 1015 1790 missus
1030 1739 1092 1799 est,
1109 1729 1263 1790 mittatur
1279 1728 1332 1810 (2).
1358 1726 1458 1809 Quod
1483 1728 1611 1790 dictum
1627 1728 1780 1809 graviter
1799 1726 1865 1788 Im·

531 1855 721 1926 peratorem
749 1845 895 1929 pupugit
919 1846 964 1906 ob
987 1844 1123 1925 culpam
1148 1844 1182 1904 in
1207 1845 1315 1905 altero
1339 1844 1542 1906 dimittendo
1566 1854 1601 1906 et
1625 1845 1660 1905 in
1684 1845 1793 1906 altero
1816 1845 1866 1905 in·

530 1962 672 2023 vitando
696 1962 892 2031 admissam,
916 1972 950 2022 et
979 1961 1012 2022 in
1039 1958 1238 2021 Clau*dium
1263 1961 1415 2041 graviter
1430 1970 1622 2022 commotus
1648 1970 1702 2021 est
1724 1959 1863 2028 Abuna‚
1892 1966 1909 2016 t
1930 1963 1985 2023 rba.
2052 1940 2053 2007 }

530 2088 563 2139 et
590 2075 837 2157 Imperatorem
863 2076 897 2137 in
921 2076 1078 2138 eumdem
1097 2074 1244 2136 irritavit
1267 2086 1302 2137 et
1325 2076 1415 2137 unde
1438 2085 1611 2156 sumptum
1628 2076 1761 2138 initium
1778 2077 1866 2137 eius-

530 2193 609 2254 dem
639 2191 673 2253 in
701 2212 779 2253 eum
803 2191 1002 2254 rebellionis
1033 2201 1066 2252 et
1103 2191 1354 2253 internecionis.
1388 2189 1425 2253 Si
1452 2191 1615 2253 maiorem
1646 2192 1865 2254 dilectionem

532 2328 631 2371 nemo
646 2308 760 2380 habet,
784 2306 909 2370 Christi
935 2307 1076 2369 Domini
1098 2307 1306 2377 testimonio,
1330 2327 1433 2389 quam
1457 2317 1494 2369 ut
1517 2307 1667 2369 animam
1692 2327 1788 2369 suam
1807 2327 1865 2388 po·

531 2433 589 2486 nat
613 2425 689 2504 quis
705 2442 768 2505 pro
791 2424 913 2485 amicis
936 2424 1016 2494 suiS,
1041 2441 1129 2502 quae
1154 2422 1262 2485 maior
1277 2441 1439 2502 umquam
1463 2422 1580 2485 extitit
1600 2423 1740 2485 dilectio
1763 2444 1864 2506 quam

532 2540 592 2602 illa
616 2559 683 2621 qua
703 2540 861 2601 dominus
878 2538 1097 2600 Zamarianus
1112 2538 1343 2600 tembenensis
1358 2558 1404 2600 ex
1417 2524 1555 2619 ¹patrum
1571 2558 1687 2601 amore
1703 2536 1866 2611 fortunas,¹

530 2652 792 2735 praefecturam,
816 2665 983 2736 cognatos
998 2664 1033 2715 et
1048 2651 1138 2715 filios
1161 2673 1328 2735 suumque
1344 2664 1446 2735 caput
1462 2655 1496 2715 in
1521 2663 1714 2717 extremum
1735 2658 1866 2736 pericu-

532 2771 612 2841 lum,
636 2772 693 2832 vel
716 2769 830 2851 potius
854 2771 1042 2850 perniciem
1066 2770 1233 2850 proiecit?

620 2885 674 2948 De
701 2885 820 2948 insano
845 2886 906 2947 illo
921 2886 1029 2947 dicto:
1057 2910 1070 2941 ι
1088 2884 1332 2967 Aethiopicam
1348 2886 1619 2967 persecutionem
1643 2907 1711 2949 non
1727 2907 1774 2949 ex
1789 2885 1866 2950 fidei

531 3021 702 3075 romanae,
726 3003 787 3064 sed
812 3022 857 3063 ex
881 3000 1085 3064 Iesuitarum
1109 3000 1189 3063 odio
1213 3001 1419 3064 concitatam
1438 3028 1454 3059 »
1494 3023 1562 3065 non
1593 3013 1644 3065 est
1675 3022 1735 3065 cur
1766 3005 1866 3065 modo

533 3119 683 3199 eloquar,
708 3137 786 3180 cum
802 3128 853 3180 tot
873 3117 1009 3188 atletae‚
1033 3119 1091 3198 qui
1107 3117 1255 3179 Iesuitae
1272 3136 1339 3178 non
1364 3128 1470 3190 erant,
1494 3127 1528 3180 et
1551 3120 1755 3201 sanguinem
1771 3138 1865 3181 suum

532 3253 696 3316 generose
728 3244 761 3296 et
791 3233 937 3315 prodige
968 3230 1172 3305 effuderunt,
1202 3243 1255 3295 tot
1286 3232 1402 3295 oribus
1432 3235 1612 3297 veritatem
1643 3233 1864 3297 buccinentur

532 3360 615 3432 quot
639 3349 781 3411 vulnera
804 3359 1014 3431 receperunt,
1043 3360 1077 3411 et
1107 3349 1278 3411 contraria
1307 3350 1485 3412 temeritas
1515 3351 1599 3412 satis
1626 3346 1803 3412 confutata
1824 3351 1866 3411 sit

532 3483 609 3527 cum
633 3483 695 3526 suo
719 3474 858 3526 auctore
881 3464 942 3526 lib.
966 3485 998 3541 4,
1031 3483 1106 3546 cap.
1132 3484 1183 3544 29,
1215 3485 1247 3527 n.
1276 3484 1325 3526 11.
1350 3462 1448 3527 Haec
1480 3475 1558 3526 sunt
1584 3484 1673 3546 quae
1700 3474 1745 3536 te,
1768 3466 1865 3527 bene·

531 3580 612 3641 vole
635 3580 752 3651 lector,
785 3581 950 3643 monitum
982 3580 1096 3651 velim,
1127 3591 1251 3652 certus,
1282 3581 1311 3642 si
1339 3600 1380 3642 ea
1409 3579 1529 3662 primis
1560 3579 1679 3660 digitis
1710 3580 1864 3662 attingas,

533 3697 650 3757 statim
668 3696 846 3757 mendacia
862 3716 883 3757 a
897 3706 933 3758 te
949 3696 1143 3758 damnanda
1158 3707 1191 3758 et
1208 3697 1388 3758 veritatem
1404 3697 1518 3757 animo
1535 3694 1760 3758 inserendam.
1770 3694 1863 3757 Vale.

622 3896 658 3951 (ι)
678 3892 737 3942 Lib.
754 3904 779 3952 4,
798 3906 820 3942 c.
845 3903 909 3949 1,n.
931 3901 954 3952 3.
977 3919 1003 3927 -
1027 3890 1068 3953 (2)
1088 3892 1145 3943 Lib.
1166 3905 1190 3953 4,
1209 3908 1231 3941 c.
1254 3891 1293 3942 18.
1313 3908 1338 3943 n.
1360 3899 1382 3949 7.
