4058 6178
636 569 751 618 mass
774 571 797 628 1,
822 569 947 619 casus
974 570 1070 621 xvn.
1454 579 1512 638 137

180 731 286 799 genua
300 709 444 801 fatear)
469 719 535 778 toto
556 715 631 780 aiae
653 713 804 788 mcuesu,
827 736 886 780 nec
908 737 930 778 a
951 716 1028 789 sole,
1053 738 1112 779 nec
1134 738 1155 781 a
1177 718 1246 781 solo
1268 722 1370 802 caput
1382 721 1445 781 aut
1453 724 1515 802 pes

183 827 311 900 doluit:
333 849 393 892 nec
423 830 564 894 memini
590 851 741 915 unquam
772 836 869 895 tanta
899 852 951 895 me
970 832 1118 917 potitum
1150 832 1388 896 incolumitate.
1416 831 1515 896 Unus

183 964 225 1007 ex
253 944 361 1016 sociis,
385 945 451 1020 cui,
473 946 509 1008 ob
538 948 689 1032 corporis
717 946 926 1033 tenuitatem,
948 946 1237 1011 valetudinarium
1261 945 1514 1033 frequentanti,
1593 1006 1597 1013 .

182 1060 372 1143 superiores
395 1060 625 1125 Conimbricae
640 1062 761 1147 plures
792 1061 1026 1127 immunitates
1054 1067 1290 1137 concesserant
1319 1082 1378 1126 nec
1401 1062 1514 1147 philo·

181 1175 333 1260 sophiam
344 1176 463 1261 potuit
475 1197 580 1241 manu
590 1178 735 1263 propria
757 1178 965 1253 conscribere,
984 1178 1148 1263 potiorem
1164 1178 1269 1242 huius
1283 1178 1421 1242 itineris
1430 1185 1514 1263 par·

176 1296 247 1354 tem
268 1292 371 1377 pedes
393 1312 431 1355 ac
455 1292 530 1356 sine
558 1293 676 1357 calceis
705 1293 852 1379 reliquos
877 1294 1042 1379 praeibat,
1072 1314 1147 1358 cum
1177 1295 1252 1358 sine
1280 1295 1353 1357 ullo
1382 1294 1515 1357 obsonio

180 1412 364 1491 praeparce
388 1407 485 1471 miti'o
505 1407 640 1483 incocto,
670 1408 729 1472 sed
752 1410 893 1494 gratius
923 1409 1091 1494 quibusvis
1116 1410 1269 1475 bellariis
1295 1415 1328 1473 et
1355 1409 1513 1493 cupediis,

181 1527 392 1593 vesceretur:
414 1523 473 1586 hac
493 1527 534 1587 ut
553 1523 604 1587 sit
625 1530 824 1611 argumento
851 1546 911 1593 nos
933 1546 954 1587 a
973 1524 1048 1589 Deo
1069 1525 1216 1589 coelestis
1234 1524 1365 1588 auxitii
1378 1523 1512 1608 pabulo,

179 1637 270 1701 si'eut
291 1638 516 1703 itraeliticnm
532 1640 697 1723 populum
720 1640 758 1703 in
787 1660 896 1704 memo
920 1647 985 1725 per
1000 1661 1108 1703 annos
1130 1639 1362 1726 quadraginta
1384 1659 1513 1705 manna

176 1753 340 1837 pluuiali,
362 1759 578 1819 sustentatos.
601 1755 675 1819 Sed
692 1760 734 1819 ut
758 1754 824 1831 itte,
848 1776 926 1819 mon
956 1755 1015 1819 ubi
1028 1756 1216 1840 promissae
1250 1755 1398 1842 regionis
1424 1753 1511 1841 fru-

176 1890 236 1955 ges
262 1869 426 1956 gicstomt,
456 1875 617 1955 expertus
645 1874 697 1934 est
721 1871 788 1935 sibi
813 1871 979 1935 coelestem
1009 1872 1110 1936 illum
1136 1872 1260 1936 vi'etum
1289 1870 1436 1955 deficere,
1466 1871 1514 1934 sic

180 1984 294 2069 ati‘qid
312 2005 357 2049 ex
378 1984 516 2060 nostris,
540 2006 621 2070 quos
641 1987 715 2050 mae
737 1986 904 2072 asperitas
926 1988 1121 2058 duraverat,
1145 2008 1218 2050 eum
1241 1980 1442 2070 Aethiopiae
1459 2006 1513 2049 sa-

181 2101 328 2165 turitati
346 2105 382 2165 et
402 2101 510 2185 quieti
528 2122 563 2165 se
585 2101 798 2177 dedidissent,
829 2103 962 2178 morbis,
993 2103 1144 2187 quamuis
1173 2102 1359 2174 lenioribus,
1384 2101 1516 2166 tentari

179 2220 368 2301 coeperunt.

271 2352 301 2411 5.
334 2332 530 2418 Aethiopia
559 2334 685 2398 Patres
711 2332 887 2399 admodum
918 2335 1102 2409 reuerendi,
1132 2355 1199 2398 non
1229 2333 1293 2397 illo
1323 2338 1381 2404 est,
1412 2354 1511 2417 quam
1574 2339 1770 2404 Aethiopia
1797 2356 1857 2392 non

88 2488 94 2500 ·
130 2461 152 2509 7.
178 2447 228 2511 ibi
250 2446 389 2512 ani*mo
418 2448 628 2513 delineamus
657 2451 717 2514 sed
745 2449 798 2533 (si
820 2450 1038 2514 Lusitaniam
1061 2470 1129 2513 non
1151 2449 1306 2534 superat)
1330 2448 1516 2533 sufficienti
1538 2412 1857 2546 ffiffimffiffn

178 2564 384 2628 amoenitate
404 2570 439 2628 et
459 2566 550 2629 aeris
571 2566 773 2629 salubritate
789 2571 953 2650 praestat.
980 2565 1087 2629 Cuius
1108 2564 1310 2628 habitatores
1339 2564 1373 2626 si
1398 2563 1512 2627 aerius

178 2681 336 2744 culturae
357 2678 508 2744 sardium
531 2686 665 2745 acueret
685 2701 753 2744 non
778 2681 886 2744 solum
915 2680 1013 2745 nihil
1039 2681 1171 2755 deesset,
1201 2700 1264 2765 quo
1289 2679 1380 2742 uitae
1405 2699 1511 2742 neces·

177 2796 281 2861 sitati
300 2796 539 2868 consuleretur,
563 2795 623 2860 sed
638 2797 784 2860 multum
799 2796 996 2860 delici'anim
1010 2801 1206 2880 superesset.
1223 2794 1420 2878 Multiplici
1424 2792 1510 2880 fru-

177 2917 302 2982 mento,
326 2912 501 2983 uenientis,
523 2911 692 2999 gregibus,
717 2912 823 2987 melle,
852 2913 936 2976 laete
966 2917 999 2975 et
1026 2911 1144 2994 butyro
1174 2908 1329 2974 abundat.
1362 2910 1462 2991 Quod
1481 2911 1515 2973 si

176 3026 321 3111 antiqui
340 3031 475 3090 nostrae
490 3027 658 3114 famitiae
675 3028 848 3111 principes
862 3047 920 3090 nec
944 3030 1027 3088 tosto
1050 3025 1098 3089 ad
1113 3027 1224 3112 ignem
1247 3022 1366 3089 hordeo
1377 3021 1510 3110 samem

175 3140 296 3206 sedare
313 3147 487 3225 poterant,
511 3142 550 3205 id
568 3142 730 3207 bellorum
753 3148 833 3206 tucia
861 3141 1082 3205 saeui'entium
1113 3140 1356 3225 importunitas
1388 3140 1509 3228 effecit.

175 3259 225 3321 Et
240 3277 333 3320 nunc
347 3277 422 3321 vere
437 3256 507 3321 dici
519 3259 617 3322 licet:
646 3257 755 3321 «Alii
766 3258 1002 3320 laboraverunt
1016 3261 1051 3320 ct
1064 3276 1124 3318 nos
1135 3256 1173 3318 in
1190 3255 1315 3319 labores
1327 3276 1443 3321 eorum
1458 3256 1510 3319 in·

175 3371 428 3456 troimmus(1);
444 3383 494 3436 et:
524 3372 608 3436 Cum
621 3373 752 3437 laetitia
767 3372 924 3437 metimus
935 3377 1066 3457 segetes,
1079 3392 1223 3456 quarum
1238 3371 1308 3456 ipsi
1317 3373 1424 3435 multo
1435 3392 1510 3435 eum

168 3487 317 3570 ploratu
340 3487 469 3551 semina
492 3492 604 3551 terrae
626 3486 899 3551 mandaverunt»
922 3487 977 3571 (2).
1000 3485 1059 3550 Sic
1082 3508 1145 3550 nos
1168 3490 1202 3550 in
1226 3489 1287 3551 illa
1309 3488 1463 3569 epistola.

267 3605 299 3667 6.
322 3602 488 3685 Baylurio
511 3603 672 3666 dimissus
695 3604 803 3667 nostri
827 3605 993 3666 adventus
1015 3605 1059 3666 ad
1090 3604 1333 3686 Imperatorem
1363 3605 1509 3675 nuntius,
1571 3605 1856 3658 nuntiassemus-

172 3718 300 3800 ipsum,
324 3728 359 3781 et
383 3719 489 3799 insius
511 3730 623 3782 castra
645 3739 712 3782 non
736 3720 900 3782 mediocri
932 3719 1061 3782 laetitia
1084 3720 1259 3801 respersit;
1283 3721 1344 3782 sed
1375 3718 1509 3781 Danca·
1537 3678 1854 3813 ffiffiffiffi⁸

171 3833 237 3896 lini
260 3834 361 3917 regni
385 3836 618 3897 cunctationes
641 3834 959 3897 Mahometanorum
989 3832 1134 3916 perfidia
1164 3845 1198 3897 et
1224 3835 1374 3917 regionis
1405 3835 1510 3896 incle-

171 3950 305 4012 mentia
327 3949 484 4011 nonnihil
508 3951 640 4012 timoris
663 3948 865 4013 affuderunt.
886 3949 937 4013 At
952 3970 1029 4012 cum
1045 3952 1271 4012 renuntiatum
1300 3948 1374 4021 fuit,
1391 3969 1509 4013 omnes

171 4064 383 4127 Fremonam
407 4063 594 4127 incolumes
617 4066 798 4146 appulisse,
823 4076 857 4127 et
881 4066 928 4127 ibi
953 4074 1095 4128 exarata
1118 4064 1336 4128 Patriarchae
1364 4066 1510 4146 epistola

170 4202 191 4243 a
216 4190 316 4262 patre
341 4179 496 4242 Antonio
527 4180 731 4251 Fesnandio,
763 4181 882 4243 vicarii
912 4182 1084 4261 generalis
1114 4201 1234 4244 munus
1261 4182 1418 4252 obeunte,
1443 4181 1509 4243 Im-

170 4296 326 4377 peratori
351 4296 467 4358 oblata
490 4305 589 4369 esset,
613 4297 735 4358 erectis
760 4297 833 4376 ipse
856 4298 889 4357 in
916 4298 1049 4359 coelum
1081 4299 1205 4359 oculis:
1229 4296 1334 4359 Nunc
1363 4297 1510 4359 dimittis

169 4431 310 4475 seruum
335 4414 431 4473 ίπππι
455 4410 612 4485 Domine,
635 4411 678 4472 ad
705 4408 878 4474 Simeonis
901 4413 1110 4493 exemplum,
1131 4422 1235 4475 teret
1262 4413 1410 4494 amplius
1432 4432 1510 4494 pro·

170 4524 362 4596 nunciavit,
387 4544 462 4587 cum
486 4526 659 4588 insomnes
681 4539 826 4608 quatuor
849 4536 967 4589 noctes
982 4528 1157 4608 proximas
1174 4529 1219 4589 ob
1234 4527 1427 4590 nuntiorum
1443 4538 1510 4590 tar·

169 4644 318 4705 ditatem
343 4642 561 4706 traduxisset.
586 4641 685 4704 Illico
708 4642 804 4725 regni
829 4661 987 4723 proceres
1011 4645 1044 4705 in
1071 4644 1184 4705 aulam
1214 4643 1349 4714 accivit,
1373 4652 1409 4704 ut
1433 4663 1510 4706 cum

169 4757 299 4821 iisdem
324 4766 440 4819 tantae
465 4756 656 4838 voluptatis,
672 4759 818 4839 gratiam
843 4757 1120 4831 communicaret,
1143 4769 1177 4822 et
1207 4758 1339 4838 inclyto
1363 4757 1512 4821 senatori

168 4872 199 4934 T
201 4873 281 4935 ecla
312 4866 450 4933 Selasse
480 4870 579 4942 Tino,
611 4891 749 4934 suorum
780 4892 978 4935 arcanorum
1008 4874 1178 4956 participi,
1209 4874 1395 4943 mandavit,
1419 4885 1456 4937 ut
1479 4874 1512 4935 in

263 5119 306 5187 (1)
325 5120 429 5177 Ioann„
447 5134 472 5184 4,
491 5137 508 5170 n
537 5131 579 5183 33.
599 5147 633 5158 -
652 5123 690 5187 (2)
710 5122 809 5175 Psalm.
831 5133 888 5185 125,
907 5136 932 5169 n.
953 5124 977 5172 e.

254 5241 283 5284 C.
296 5241 407 5295 flaccus,
420 5243 477 5284 Rer.
495 5243 564 5285 met.
577 5242 670 5293 senze.
684 5254 731 5284 occ.
744 5242 812 5284 cited.
828 5264 852 5273 -
865 5241 933 5283 VIII.
