4166 6182
526 608 565 655 VI
1065 606 1325 657 INTRODUCTIO

525 756 627 829 bavit
654 780 698 828 ac
728 755 868 828 litteras
896 755 1123 850 apostolicas
1151 770 1228 828 tum
1254 755 1349 851 patri
1370 756 1568 851 Alphonso
1588 758 1758 843 hender,
1779 775 1856 832 tum

525 892 692 986 patribus
720 888 868 962 Didaco
897 889 1015 962 Secco
1044 905 1081 963 et
1113 889 1239 962 loanni
1269 892 1319 963 da
1347 891 1489 974 Rocha,
1516 891 1552 962 in
1573 890 1776 987 episcopos
1797 917 1858 964 au-

525 1023 674 1096 xiliares
700 1047 785 1095 cum
806 1022 1054 1096 successionis
1074 1023 1151 1097 iure
1171 1023 1337 1108 delectis,
1360 1023 1562 1097 mittendas
1586 1023 1740 1096 curavit,
1762 1024 1855 1098 Cum

525 1181 614 1228 vero
642 1156 902 1229 tantummodo
931 1154 1074 1228 litterae
1103 1180 1171 1251 pro
1199 1155 1414 1229 Patriarcha
1441 1172 1478 1229 et
1501 1182 1569 1252 pro
1593 1155 1774 1253 episcopo
1794 1158 1858 1230 Ni·

525 1316 642 1363 caeno
680 1289 843 1383 (Didaco
881 1288 1013 1377 Secco)
1050 1289 1319 1386 Ulyssiponern
1358 1290 1625 1387 pervenissent,
1666 1316 1713 1363 ne
1755 1316 1858 1364 mora

524 1422 664 1496 diutius
692 1423 979 1519 protraheretur,
1013 1421 1075 1495 die
1110 1447 1151 1495 12
1194 1421 1316 1496 martii
1352 1428 1447 1512 1623
1487 1423 1525 1496 in
1563 1424 1705 1520 templo
1733 1422 1858 1497 Socie-

524 1556 610 1630 tatis
629 1571 759 1630 sancto
780 1556 912 1629 Rocho
932 1555 1057 1629 dicato
1078 1555 1297 1651 Alphonsus
1316 1557 1475 1630 Mendez
1494 1570 1532 1631 et
1551 1556 1719 1631 Didacus
1738 1557 1858 1631 Secco

525 1690 562 1762 in
590 1688 791 1785 episcopos
820 1687 1030 1783 inaugurati
1069 1703 1154 1761 sunt
1182 1714 1205 1761 a
1233 1688 1388 1762 domino
1425 1689 1663 1763 Ferdinando
1701 1690 1858 1763 Martins

524 1822 790 1896 Mastarenhas
831 1822 1013 1917 episcopo
1053 1821 1279 1917 Algarvensi
1317 1838 1354 1896 et
1394 1823 1582 1918 generalis
1625 1822 1859 1917 Inquisitoris

525 1980 677 2029 munere
705 1956 896 2050 fungente.

604 2108 639 2179 3.
671 2089 755 2161 Hoc
785 2089 868 2163 loco
897 2086 1113 2182 priusquam
1142 2088 1190 2161 ad
1219 2088 1295 2162 alia
1323 2089 1542 2186 progrediar
1562 2090 1714 2185 paulum
1740 2088 1858 2163 subsi-

524 2238 619 2296 stam
641 2237 679 2295 ut
698 2221 881 2317 quaedam
900 2221 948 2294 de
968 2246 1004 2316 p.
1025 2221 1075 2294 da
1094 2222 1226 2295 Rocha
1246 2221 1440 2318 attingam,
1458 2222 1593 2318 quibus
1613 2222 1707 2295 ratio
1728 2223 1858 2295 redda-

525 2371 583 2428 tur
610 2381 675 2429 cur
703 2354 779 2439 ille,
800 2354 863 2451 qui
887 2354 925 2427 in
945 2353 1188 2450 Aethiopiam
1208 2357 1328 2429 luerat
1346 2356 1554 2430 destinatus
1573 2371 1763 2451 tamquam
1783 2354 1859 2451 epi-

524 2513 662 2586 scopus
690 2487 880 2562 auxiliaris
908 2490 1156 2573 Patriarchae,
1186 2489 1296 2562 huius
1324 2490 1471 2563 labores
1503 2488 1540 2562 in
1576 2488 1754 2563 missione
1782 2513 1856 2561 non

524 2621 815 2718 participaverit.
847 2623 907 2696 De
931 2623 1003 2698 hoc
1024 2635 1246 2719 argumento
1267 2647 1387 2717 neque
1407 2622 1593 2708 Almeida,
1615 2648 1736 2717 neque
1756 2623 1857 2695 Men-

524 2757 593 2829 dez
622 2755 659 2828 in
689 2756 767 2830 suis
794 2756 960 2831 historiis
987 2757 1192 2853 quidquam
1222 2755 1392 2829 innuunt.
1416 2757 1522 2829 Tunc
1541 2756 1640 2829 enim
1661 2757 1763 2852 apud
1784 2756 1858 2852 ple·

525 2913 659 2985 rosque
688 2889 887 2963 historicos
905 2889 1018 2962 etiam
1046 2889 1246 2963 Societatis
1265 2914 1386 2962 canon
1412 2889 1563 2985 vigebat
1582 2889 1710 2962 omnia
1728 2890 1855 2972 ferme,

524 3046 620 3117 quae
648 3021 859 3116 legentibus
886 3024 987 3095 bono
1006 3024 1180 3119 exemplo
1203 3047 1285 3095 esse
1305 3046 1379 3094 non
1401 3035 1582 3118 poterant,
1604 3021 1753 3095 silentio
1773 3045 1855 3094 esse

526 3155 741 3251 premenda.
771 3153 959 3245 Quantum
990 3179 1080 3228 vero
1109 3155 1180 3267 hoq
1209 3180 1231 3227 a
1259 3153 1473 3228 sinceritate
1502 3169 1539 3227 et
1567 3155 1721 3249 proprio
1746 3152 1857 3226 histo·

525 3289 590 3362 rici
620 3286 742 3361 officio
772 3288 820 3361 sit
848 3289 1009 3361 alienum
1040 3313 1151 3362 nemo
1180 3313 1254 3360 non
1284 3287 1397 3361 videt.
1429 3289 1468 3360 ln
1498 3288 1632 3383 quavis
1668 3286 1768 3359 eninr
1803 3310 1858 3360 so·

525 3421 659 3495 cietate
688 3421 949 3494 nonnullorum
987 3446 1132 3495 errores
1159 3434 1196 3493 et
1228 3421 1328 3504 vitia,
1369 3446 1464 3516 quae
1503 3419 1708 3493 identidem
1745 3418 1856 3492 histo·

524 3553 603 3627 rico
631 3555 840 3626 enarranda
858 3569 1068 3637 occurrunt,
1090 3554 1453 3648 praeterquamquod
1474 3553 1634 3649 posteris
1663 3553 1856 3639 monitum,

525 3701 622 3772 sunt,
652 3686 764 3759 veluti
793 3686 830 3759 in
861 3686 1017 3783 pictura,
1047 3689 1211 3771 umbrae,
1242 3687 1377 3781 quibus
1410 3686 1531 3783 magis
1568 3685 1733 3759 eminent
1765 3701 1858 3759 cete-

525 3845 649 3893 rorum
678 3819 833 3916 egregia
860 3822 971 3893 facta.
1001 3820 1118 3915 Igitur
1144 3819 1326 3915 quidquid
1354 3844 1400 3892 ex
1428 3820 1663 3892 documentis
1697 3818 1857 3902 ineditis

526 3979 621 4048 quae
650 3954 697 4026 ad
726 3954 867 4027 calcem
889 3954 1059 4038 referam,
1081 3954 1129 4026 de
1149 3968 1254 4050 patre
1278 3953 1327 4025 da
1347 3953 1489 4037 Rocha,
1511 3954 1559 4025 ab
1577 3951 1658 4026 eius
1676 3952 1858 4026 electione

526 4087 563 4160 in
592 4086 813 4183 episcopum
843 4111 960 4181 usque
989 4088 1037 4159 ad
1066 4086 1147 4159 eius
1175 4085 1330 4171 obitum,
1360 4110 1429 4181 pro
1457 4101 1559 4158 certo
1588 4085 1755 4181 comperi
1774 4109 1858 4158 can·

525 4221 613 4292 dide
642 4220 820 4316 aperiam,
850 4234 962 4314 atque
991 4219 1042 4291 ita
1069 4220 1175 4291 locus
1203 4218 1239 4289 in
1269 4217 1425 4290 historia
1458 4217 1692 4312 aethiopicae
1718 4216 1859 4290 missio·

526 4353 584 4427 nis
612 4356 661 4426 ob
689 4352 878 4426 silentium
916 4367 1108 4425 auctorum
1144 4352 1324 4423 obscurus
1360 4350 1486 4444 aliqua
1522 4351 1604 4422 luce
1632 4350 1857 4422 offundetur.

526 4486 690 4560 Mirabar
718 4486 888 4583 profecto
917 4484 1131 4558 Almeidam
1162 4482 1199 4556 in
1229 4482 1398 4556 Historia
1424 4484 1472 4555 de
1501 4507 1558 4567 e0,
1588 4497 1736 4578 praeter
1761 4505 1861 4554 men-

526 4621 666 4695 tionem
695 4619 902 4703 electionis
933 4644 979 4690 ne
998 4619 1152 4690 verbum
1187 4616 1338 4712 quidem
1367 4616 1513 4701 fecisse,
1542 4629 1578 4687 et
1606 4614 1859 4688 Patriarcham

526 4755 563 4828 in
592 4770 660 4828 sua
685 4754 934 4849 Expediuvne,
952 4750 1016 4824 lib.
1048 4752 1109 4836 lV,
1139 4775 1221 4846 cap.
1243 4776 1297 4834 rx,
1328 4752 1365 4820 in
1386 4775 1460 4843 quo
1479 4748 1717 4822 continentur
1735 4744 1863 4842 elogia

527 4902 673 4983 patrum
701 4886 765 4983 qui
794 4886 942 4958 fuerant
979 4883 1212 4977 aethiopicae
1250 4879 1419 4953 missioni
1457 4878 1609 4963 addicti,
1649 4904 1685 4950 n.
1722 4903 1779 4963 11,
1811 4878 1862 4950 de

527 5036 632 5117 patre
650 5022 700 5094 da
720 5020 852 5094 Rocha
871 5016 964 5090 nihil
985 5017 1055 5090 nisi
1076 5014 1269 5111 ingenium
1289 5028 1326 5086 et
1345 5012 1538 5085 scientiam
1561 5012 1744 5085 laudasse.
1766 5010 1862 5085 Cum

526 5180 614 5231 vero
635 5155 725 5227 mihi
748 5154 783 5226 in
807 5177 938 5224 manus
959 5147 1195 5245 pervenerint
1214 5146 1440 5217 documenta
1458 5146 1683 5240 synchrono,
1708 5168 1861 5216 causam
