4124 6182
840 2157 1028 2233 CAPUT
1056 2159 1109 2231 V.

481 2451 746 2528 Christianae
773 2451 989 2546 religionis
1018 2453 1061 2526 in
1088 2451 1315 2548 Aethiopia
1343 2418 1473 2548 origo.

403 2816 429 2858 1.
455 2797 632 2860 Indicatae
656 2798 781 2860 iudaici
804 2798 916 2860 cultus
940 2800 1028 2859 inter
1052 2797 1244 2862 Abassinos
1271 2797 1406 2881 origini,
1436 2817 1648 2878 consequens
1711 2814 1801 2864 Divus
1837 2815 1996 2865 Matthaeus

305 2923 370 2985 est,
395 2924 431 2976 ut
448 2913 653 2977 christianae
676 2915 942 2995 praedicationis
966 2914 1112 2976 exordia
1135 2914 1374 2987 subiiciamus;
1399 2933 1466 2975 non
1489 2912 1647 2993 equidem
1675 2884 1996 3020 {ffaeffssc‘ffipffffi

309 3049 330 3090 a
357 3028 438 3091 divo
473 3027 651 3092 Matthaeo
674 3039 822 3111 sumpta,
846 3029 997 3110 quinon
1021 3029 1056 3089 in
1080 3027 1246 3108 superiori
1271 3029 1335 3090 hac
1365 3027 1563 3108 Aethiopia,
1587 3029 1648 3091 sed
1674 3027 1775 3079 Nouia.

309 3146 343 3206 in
368 3141 538 3214 inferiore,
563 3165 651 3226 quae
674 3146 811 3226 proprie
834 3145 958 3206 dicitur
982 3142 1097 3205 Nubia
1121 3153 1154 3204 et
1178 3144 1213 3203 in
1238 3162 1305 3223 qua
1328 3161 1417 3204 nunc
1441 3142 1528 3205 adeo
1559 3142 1647 3205 chri-

308 3261 420 3323 stiana
443 3262 477 3323 in
502 3261 665 3324 masculis
687 3271 721 3323 et
745 3259 914 3323 foeminas
941 3261 1079 3322 nomina
1109 3232 1144 3320 et
1174 3260 1209 3320 in
1240 3260 1412 3321 montibus
1441 3259 1648 3340 templorum

309 3377 457 3459 vestigia
481 3389 673 3449 cernuntur,
694 3377 943 3439 studiosissime
967 3376 1156 3447 insudavit3
1181 3375 1241 3436 sed
1265 3393 1286 3434 a
1306 3376 1445 3456 reginae
1468 3373 1648 3446 Candacis,
1710 3397 1766 3446 sed
1783 3396 1929 3445 eunuchus
1952 3408 1997 3443 re·

309 3492 343 3553 in
362 3491 481 3555 Meroe
504 3493 578 3555 sive
608 3489 752 3555 Goiama
782 3492 971 3563 residentis,
1006 3492 1173 3559 eunucho,
1198 3511 1218 3552 a
1242 3489 1404 3573 Philippo
1427 3492 1572 3553 diacono
1595 3511 1648 3553 sa·
1675 3468 1757 3529 ‘³¹²⁸‘
1776 3466 1923 3515 ⁰⁸²⁶&ss

309 3609 476 3671 lutaribus
499 3608 674 3691 baptisimi
698 3610 796 3690 aquis
819 3611 852 3670 in
878 3610 934 3670 via
951 3609 1094 3670 initiate.
1112 3606 1192 3669 Hoc
1208 3609 1298 3669 enim
1316 3618 1450 3688 praeter
1473 3609 1648 3688 antiquam

308 3723 422 3806 gentis
453 3724 546 3786 illius
576 3725 793 3787 traditionem
829 3735 862 3786 et
890 3724 1019 3786 nullam
1050 3723 1201 3785 culturae
1231 3724 1340 3786 sancti
1371 3724 1470 3784 huius
1501 3724 1647 3804 apostoli

308 3841 343 3902 in
368 3840 570 3921 aethiopicis
593 3838 691 3902 fastis
714 3841 771 3901 vel
805 3840 976 3902 mentibus
1000 3842 1210 3911 memoriam,
1236 3850 1315 3902 ante
1342 3841 1506 3901 ducentos
1530 3859 1647 3911 annos,

310 3955 485 4037 Alphonsi
501 3955 633 4018 Tostati
649 3954 838 4018 Abulensis
855 3956 1008 4037 episcopi
1025 3965 1136 4018 aetate
1150 3954 1205 4039 (1),
1223 3955 1373 4018 Nubiani
1390 3955 1496 4037 legati
1512 3955 1649 4018 Romae

180 4125 187 4137 .
247 4122 255 4143 ,
275 4126 281 4137 .
309 4072 545 4153 prodiderunt.
563 4070 639 4152 Quo
655 4093 701 4134 ex
716 4084 871 4154 tempore
887 4067 1146 4134 ma*hometana
1162 4074 1268 4154 pestis
1286 4090 1427 4153 regnum
1445 4071 1530 4133 illud
1542 4081 1650 4133 totum

309 4188 435 4249 invasit
459 4197 494 4250 et
518 4188 633 4249 omnia
657 4185 729 4250 fere
752 4189 964 4270 apostolicae
988 4188 1252 4269 praedicationis
1275 4188 1406 4249 semina
1429 4188 1589 4268 corrupit.

402 4324 431 4367 2.
455 4303 543 4366 Eum
567 4322 651 4365 vero
674 4304 864 4366 eunuchum
888 4302 1060 4366 Hebraeis
1084 4302 1193 4366 fuisse
1217 4305 1336 4367 ritibus
1363 4305 1536 4365 excultum
1564 4303 1651 4366 sicut
1712 4318 1998 4382 Eunuchusillepro·

310 4426 344 4479 et
359 4431 511 4481 caeteros
527 4421 636 4501 ipsius
651 4420 798 4501 gentiles
822 4419 1103 4501 Apostolicorum
1123 4419 1276 4481 Actuum
1294 4420 1381 4481 liber
1396 4419 1554 4491 ostendit,
1570 4420 1649 4480 dum
1677 4390 1786 4451 ‘dm'
1804 4399 1872 4439 “⁸‘'

311 4553 390 4595 eum
413 4535 516 4596 tradit
539 4537 676 4598 venisse
699 4535 957 4617 lerosolymam,
981 4545 1018 4597 ut
1042 4537 1202 4598 adoraret
1225 4546 1259 4597 et
1282 4534 1394 4597 isaiae
1418 4536 1565 4598 lectione
1593 4537 1650 4597 de·

313 4649 471 4711 lectarum
484 4650 538 4733 (2),
563 4649 649 4712 Cum
671 4661 785 4714 tamen
810 4653 883 4732 ipse
907 4670 969 4712 nec
994 4652 1156 4713 sacerdos
1172 4661 1273 4724 esset,
1290 4671 1353 4712 nec
1370 4653 1552 4732 episcopus
1567 4662 1601 4713 et
1618 4654 1651 4713 in

314 4783 411 4827 curru
434 4786 494 4847 per
517 4776 738 4829 transennam
762 4790 782 4829 a
798 4768 943 4829 diacono
967 4768 1129 4839 eruditus,
1153 4766 1377 4849 evangelicae
1401 4767 1649 4835 observantiae,

317 4883 426 4963 magis
449 4880 577 4944 famam
601 4901 705 4962 quam
727 4884 929 4954 doctrinam,
956 4884 1114 4964 illiusque
1145 4885 1389 4965 perennitatem
1414 4884 1447 4943 in
1472 4903 1567 4944 suam
1592 4903 1650 4963 pa·

400 5102 441 5171 (1)
460 5106 566 5170 Proleg.
587 5106 616 5152 in
635 5106 748 5163 Mottlz„
771 5118 796 5167 9,
817 5116 856 5166 13.
880 5135 905 5141 -
928 5104 969 5171 (2)
990 5106 1053 5161 Act,
1075 5104 1097 5161 8,
1117 5121 1142 5157 ¹1·
1163 5114 1194 5163 27
1215 5114 1241 5152 et
1261 5115 1302 5164 32·
