4058 6178
551 584 611 642 232
881 576 1152 626 EXPEDITIONIS
1176 577 1436 627 AETHIOPICAE
1463 577 1543 627 ETC.

548 727 772 790 summatibus
794 744 835 787 ac
858 724 1109 806 probatissimis
1138 723 1393 788 catholicorum.
1426 723 1570 808 Saepius
1600 736 1716 807 patres
1738 729 1873 788 connixi

549 840 692 915 fuerant,
716 840 777 905 sed
800 839 935 913 frustra,
959 850 995 904 ut
1019 840 1209 924 Aethiopia
1239 842 1470 914 extruderent,
1493 861 1572 904 eum
1602 853 1719 905 tamen
1741 842 1874 904 illorum

549 958 687 1021 vincula
708 958 906 1040 pecuniaria
928 958 1131 1029 retinebant,
1153 958 1276 1039 quibus
1296 977 1426 1022 merces
1449 958 1579 1021 credito
1602 959 1798 1021 tradiderat.
1814 957 1875 1022 Est

549 1076 651 1146 enirn,
674 1073 766 1157 quod
799 1084 950 1137 mutuum
974 1075 1083 1147 datur,
1114 1074 1220 1136 instar
1250 1074 1351 1145 hami,
1383 1075 1442 1155 qui
1472 1094 1550 1138 esca
1580 1076 1747 1138 abductus
1776 1072 1875 1138 facile

550 1190 714 1263 hauritur,
737 1210 800 1254 nec
823 1200 943 1273 postea
966 1193 1031 1254 nisi
1054 1210 1130 1253 cum
1154 1192 1246 1253 vitae
1269 1191 1450 1272 dispendio
1473 1191 1652 1254 evomitur.
1677 1190 1875 1273 Imperatori

549 1307 653 1370 etiam
677 1306 888 1388 periculosus
910 1306 1018 1387 ipsius
1040 1324 1216 1389 regressus
1238 1305 1418 1368 videbatur
1440 1306 1533 1386 quod
1557 1308 1702 1378 timeret,
1725 1326 1767 1369 ne
1789 1309 1875 1389 apud

550 1421 679 1485 Turcas
693 1420 933 1484 Lusitanorum
956 1432 990 1484 et
1017 1419 1266 1484 Abassinorum
1283 1423 1492 1494 societatem,
1510 1424 1610 1506 quasi
1629 1424 1712 1505 ipsis
1727 1424 1872 1493 noxiam,

551 1540 731 1609 incusaret,
753 1556 856 1620 quarn
878 1539 1016 1620 saepius
1038 1538 1254 1619 impudenter
1276 1549 1311 1601 et
1335 1539 1494 1602 indecore
1517 1539 1752 1602 cavillabatur.

241 1670 324 1717 sum
350 1673 444 1747 monet
471 1666 525 1746 pa·
642 1674 669 1716 2.
694 1653 928 1716 Patriarcham
952 1673 973 1715 a
995 1654 1163 1736 principio
1186 1664 1301 1735 patres
1323 1656 1473 1717 iacturae
1497 1676 1517 1717 a
1540 1654 1669 1717 Iudaeo
1703 1656 1818 1718 illatae
1843 1666 1876 1718 et

205 1738 367 1859 ἓξὲξ*
379 1734 524 1856 fflffl:
551 1772 736 1833 damnosae
752 1771 925 1832 doctrinae
945 1771 1201 1833 admonuerunt.
1218 1768 1263 1832 Et
1280 1772 1483 1852 cumprime
1498 1772 1639 1835 obvium
1657 1772 1828 1835 habuisset
1842 1773 1874 1834 iu

205 1881 330 1931 absim
551 1884 682 1949 foribus
704 1886 802 1949 aulae
825 1885 901 1948 Ras
924 1884 1005 1949 Sela
1027 1883 1182 1949 Christds
1208 1887 1241 1969 (a
1263 1906 1341 1969 quo,
1358 1888 1387 1949 si
1404 1905 1472 1949 non
1488 1887 1699 1959 credebatur,
1719 1889 1764 1951 ob
1778 1891 1873 1950 novi·

550 2004 632 2065 tatis
648 2002 845 2064 illecebram
861 2001 1028 2065 benevole
1045 2002 1257 2082 audiebatur)
1272 2001 1446 2065 hominem
1462 2005 1683 2076 commonuit,
1707 2016 1743 2067 ut
1767 2023 1787 2065 a
1808 2003 1875 2066 suis

551 2117 677 2181 fabulis
701 2118 735 2180 in
758 2118 859 2180 rudes
874 2118 1077 2200 spargendis
1092 2119 1289 2189 abstineret,
1306 2129 1340 2182 et
1356 2138 1473 2183 secum
1489 2132 1607 2203 ageret
1623 2121 1652 2184 si
1674 2121 1757 2201 quid
1773 2120 1873 2183 vellet

551 2236 594 2298 de
606 2233 785 2317 Scriptura
800 2232 905 2298 Sacra
920 2245 953 2298 et
971 2234 1063 2298 illius
1078 2236 1358 2317 interpretatione
1374 2236 1520 2298 edoceri.
1545 2232 1623 2317 Qui,
1641 2238 1693 2298 sui
1721 2245 1875 2317 quaestus

550 2352 772 2416 excusatione
794 2372 883 2422 usus,
900 2351 1085 2433 respondit,
1103 2370 1207 2413 unum
1230 2352 1296 2414 sibi
1311 2370 1388 2413 esse
1404 2370 1481 2413 cum
1505 2352 1676 2414 mercibus
1692 2353 1871 2434 negotium.

552 2469 676 2532 Postea
699 2467 931 2531 Patriarcharn
955 2469 1126 2540 convenit,
1150 2477 1185 2531 ut
1209 2468 1302 2530 illius
1328 2478 1419 2530 esset
1443 2468 1533 2550 apud
1555 2466 1799 2548 Imperatorem
1821 2468 1873 2528 de·

552 2596 708 2667 precator
738 2604 805 2665 quo
835 2585 901 2647 sibi
932 2604 952 2645 a
978 2585 1048 2647 suis
1079 2585 1291 2647 debitoribus
1321 2585 1500 2665 pecuniam
1531 2584 1620 2646 solvi
1649 2584 1791 2654 iuberet,
1821 2581 1871 2644 vel

551 2721 630 2765 suas
653 2720 783 2764 merces
808 2700 988 2772 redhiberi,
1009 2699 1101 2780 quod
1117 2698 1266 2763 officium
1290 2700 1351 2763 ille
1374 2719 1442 2762 non
1458 2701 1671 2771 detrectavit,
1694 2710 1766 2761 tum
1789 2699 1872 2780 quod

553 2816 761 2901 intelligeret
787 2836 824 2880 se
840 2816 988 2879 iustitiae
1004 2817 1238 2897 procurandae
1254 2836 1321 2879 non
1337 2817 1422 2879 solis
1437 2816 1643 2887 christIanis,
1660 2816 1721 2877 sed
1737 2815 1873 2877 ethnicis

553 2944 654 3017 atque
677 2934 813 2996 Iudaeis
835 2952 909 2995 esse
932 2934 1133 3004 debitorem,
1153 2941 1226 2995 tum
1250 2934 1340 3015 quod
1364 2933 1424 2996 illa
1450 2952 1526 2995 osse
1549 2942 1665 3013 posset
1680 2951 1764 2995 ansa
1786 2931 1871 2993 illum

553 3051 653 3113 citius
683 3048 872 3130 Aethiopia
895 3048 1057 3130 pellendi.
1088 3046 1174 3111 Cum
1197 3067 1281 3111 vero
1304 3049 1364 3111 ille
1390 3058 1616 3117 cunctaretur,
1640 3066 1705 3110 nec
1729 3067 1749 3109 a
1771 3047 1872 3129 perni-

553 3169 647 3229 ciosa
669 3166 825 3228 doctrina
855 3166 1037 3227 multorum
1068 3166 1206 3227 auribus
1237 3165 1423 3247 ingerenda
1456 3146 1621 3226 otiaretur
1647 3174 1680 3226 et
1705 3165 1808 3243 aliqui
1833 3182 1872 3224 ex

553 3282 757 3363 primoribus
778 3281 872 3342 illius
887 3281 1091 3362 contagione
1108 3290 1222 3342 esseut
1246 3276 1362 3342 infecti
1383 3288 1417 3341 et
1439 3280 1621 3360 praecipue
1647 3288 1786 3341 senator
1800 3278 1873 3340 Les·

554 3418 636 3461 sana
659 3394 824 3469 Christds,
848 3397 891 3459 de
914 3416 981 3478 quo
1005 3395 1104 3468 infra,
1128 3399 1186 3479 qui
1211 3397 1366 3459 Psalmos
1391 3396 1540 3459 habebat
1565 3396 1658 3459 illius
1682 3396 1872 3478 interpreta-

553 3514 704 3576 tionibus
727 3524 761 3575 et
786 3514 875 3577 notis
905 3514 1114 3596 deturpatus,
1139 3533 1216 3576 eum
1240 3532 1355 3575 coram
1382 3521 1539 3576 senatore
1562 3511 1651 3574 Tino
1678 3521 1714 3575 et
1736 3512 1873 3575 Daniele

553 3625 682 3711 Serage
705 3626 866 3701 Messard,
890 3629 947 3710 qui
971 3630 1079 3693 veluti
1109 3628 1231 3692 flamen
1260 3630 1398 3692 curIalis
1420 3637 1454 3690 et
1484 3631 1570 3711 regii
1602 3629 1721 3691 sacelli
1744 3645 1873 3709 praeses

554 3746 668 3807 oleum
692 3744 894 3826 Imperatori
918 3747 952 3807 iu
976 3747 1197 3808 coronatione
1220 3743 1370 3807 infundit
1400 3744 1470 3828 (qui
1494 3744 1596 3807 ambo
1619 3758 1718 3807 erant
1746 3754 1779 3806 et
1801 3741 1871 3804 fidei

554 3873 587 3923 et
611 3859 808 3942 Scripturas
832 3859 986 3943 apprime
1008 3861 1186 3945 callentes)
1210 3862 1305 3924 iussit
1326 3861 1494 3934 accersiri,
1510 3871 1544 3924 et
1561 3861 1671 3943 rigide
1698 3859 1871 3941 praecepit,

555 3997 596 4038 ne
618 3996 698 4040 suos
721 3995 851 4039 errores
873 3987 909 4038 et
938 3978 1163 4040 deliramenta
1193 3978 1406 4059 simplicibus
1437 3978 1471 4038 in
1502 3979 1681 4039 doctorum
1713 3977 1872 4038 mentibus

554 4094 769 4165 obtruderet3
793 4093 899 4155 multa
922 4095 1013 4155 enim
1037 4092 1224 4165 effutiebat,
1247 4113 1335 4175 quae
1366 4112 1433 4155 nou
1465 4094 1575 4155 solum
1599 4112 1678 4155 curn
1700 4090 1768 4154 fide
1794 4090 1873 4153 chri·

555 4210 665 4271 stiana
688 4210 895 4292 pugnabant,
920 4211 981 4271 sed
1004 4229 1081 4272 cum
1105 4212 1180 4291 ipsa
1201 4207 1387 4290 Scriptura,
1404 4229 1505 4292 quam
1522 4208 1607 4289 ipse,
1632 4227 1707 4270 cum
1736 4207 1873 4269 Iudaeus

555 4332 654 4396 osset,
679 4326 916 4388 intemeratam
939 4326 1110 4387 custodire
1134 4327 1320 4387 tenebatur.

246 4450 316 4498 uec
353 4448 527 4497 curiatum
646 4460 674 4519 3.
699 4439 774 4511 Ille,
797 4459 875 4502 cum
898 4453 931 4503 et
955 4443 1120 4524 sanguine
1143 4452 1176 4503 et
1201 4441 1315 4502 indole
1339 4441 1480 4502 iudaeus
1503 4450 1603 4510 esset,
1628 4438 1790 4502 intentam
1814 4436 1874 4498 sibi

211 4520 529 4640 fflffumssffi
556 4557 651 4617 litem
674 4565 883 4619 contestatus
906 4567 958 4619 est
981 4560 1171 4639 negatione,
1196 4559 1313 4619 dicens
1336 4576 1356 4618 a
1378 4575 1415 4618 se
1438 4554 1608 4619 neminem
1624 4574 1785 4637 umquam
1807 4571 1874 4614 eru·

213 4660 529 4796 gffiffgffiffflm
556 4671 675 4734 ditum.
698 4668 769 4733 Sed
791 4690 877 4753 opus
900 4692 966 4734 non
991 4670 1056 4735 fuit
1075 4674 1214 4735 testium
1239 4674 1376 4736 alIunde
1391 4680 1545 4743 evocatu,
1570 4691 1647 4733 cum
1671 4671 1739 4733 duo
1763 4670 1813 4732 illi
1827 4687 1873 4730 se·

558 4798 693 4849 natores
716 4799 749 4850 et
773 4786 898 4869 plures,
922 4788 980 4869 qui
1004 4790 1153 4859 aderant,
1178 4791 1329 4851 unanimi
1360 4789 1512 4851 oratioue
1546 4784 1754 4849 affirmarent
1784 4782 1873 4847 Salo·

557 4921 689 4964 monem
714 4903 858 4966 diversis
882 4904 967 4966 locis
990 4904 1187 4968 do*centem
1211 4925 1232 4967 a
1254 4924 1291 4967 se
1314 4906 1466 4967 auditum
1490 4914 1523 4967 et
1547 4903 1634 4966 nihil
1654 4904 1766 4965 acrius
1792 4899 1874 4963 velle
1898 4904 1911 4950 t.
1928 4906 1956 4944 ¹¹⁰

558 5018 765 5080 adstantium
789 5020 911 5081 animis
934 5021 1133 5101 insculpere,
1159 5039 1260 5101 quam
1292 5039 1354 5082 nec
1378 5020 1563 5089 Christum,
1586 5038 1689 5098 quem
1710 5014 1874 5080 christiani

557 5143 751 5198 reverenter
773 5135 928 5209 colimus,
948 5134 1059 5199 Deum
1084 5156 1169 5210 esse,
1199 5156 1260 5199 nec
1284 5135 1485 5201 Iudaeorum
1510 5133 1673 5199 Messiam
1697 5133 1805 5196 Deum
1829 5127 1873 5191 f-
