4124 6182
544 580 605 623 100
877 573 1149 624 EXPEDITIONIS
1172 574 1433 625 AETHIOPICAE
1458 576 1539 625 ETC.

210 729 363 814 ¹Publicae
388 730 513 792 disputa·
631 741 660 784 2.
685 718 913 805 Congregatis
936 723 1086 785 breviter
1109 742 1149 785 ac
1172 723 1358 804 prudenter
1379 721 1557 806 praefatus
1587 733 1640 787 est
1670 722 1871 804 Imperator,

194 803 341 924 {lffifff‘
360 802 414 852 Μ’
433 800 512 851 Μ’
541 837 657 899 audire
680 857 728 907 se,
751 838 962 919 perniciosas
985 840 1074 901 inter
1096 858 1155 901 eos
1178 839 1221 902 de
1243 838 1319 911 fide,
1343 858 1431 922 quae
1454 860 1521 902 una
1548 850 1681 903 tantum
1708 858 1784 902 esse
1800 857 1873 920 pos·

540 963 603 1024 set,
628 952 860 1016 dissensiones
882 950 1040 1036 flagrare,
1064 954 1142 1016 aliis
1166 956 1251 1017 duas
1274 957 1309 1018 in
1333 954 1469 1020 Christo
1493 964 1641 1027 naturas,
1665 956 1744 1018 aliis
1773 973 1872 1017 unam

541 1068 786 1141 statuentibus;
810 1070 905 1132 cordi
929 1070 994 1132 sibi
1019 1089 1104 1143 esse,
1129 1081 1177 1143 ut,
1204 1072 1395 1134 rationibus
1416 1072 1597 1153 pensitatis
1620 1082 1655 1133 et
1679 1071 1778 1133 libris
1801 1088 1875 1151 per·

542 1184 718 1257 volutatis,
742 1187 870 1248 veritas
894 1198 1102 1268 agnoscatur
1124 1196 1170 1258 et,
1187 1188 1310 1269 sopitis
1326 1188 1568 1260 simultatibus,
1584 1188 1724 1269 publico
1736 1204 1874 1268 praeco-

543 1303 601 1363 nio
624 1303 797 1382 sequenda
820 1312 1042 1384 proponatur.
1065 1301 1153 1365 Mox
1176 1303 1338 1366 catholici
1354 1304 1584 1385 producendis
1607 1301 1875 1384 evangeliorum,

543 1418 810 1498 apostolicarum
827 1418 1018 1481 litterarum
1034 1430 1068 1481 et
1092 1417 1292 1501 Haymanot
1317 1419 1445 1482 Abbau
1468 1421 1675 1483 testimoniis
1694 1419 1877 1500 diligenter

544 1543 645 1596 antea
679 1535 937 1615 praemeditatis
969 1535 1162 1598 incubuere.
1193 1534 1254 1598 Ad
1284 1554 1428 1617 quorum
1459 1536 1668 1598 auditionem
1702 1534 1876 1601 haeretici,

543 1651 668 1732 gelatis
690 1651 900 1731 praecordiis
923 1660 957 1713 et
978 1648 1142 1714 fraenatis
1159 1651 1270 1722 labiis,
1286 1652 1577 1734 obstupescentes,
1597 1661 1632 1715 et
1648 1651 1791 1713 duorum
1808 1650 1877 1712 die-

543 1783 617 1827 rum
641 1766 804 1837 inducias,
829 1777 865 1828 ut
889 1770 1054 1830 maturius
1077 1767 1315 1839 deliberarent,
1329 1768 1562 1848 deprecantes,
1578 1766 1716 1829 veritati
1733 1766 1877 1848 linguas,

232 1885 413 1969 imperatorie
437 1899 517 1948 ΡΜ·
544 1881 701 1961 quamvis
724 1901 791 1945 non
815 1902 935 1946 omnes
958 1884 1072 1955 corda,
1095 1884 1316 1956 dediderunt;
1340 1903 1442 1966 quam
1472 1882 1666 1966 Imperator
1695 1882 1878 1963 praeconio

196 1971 315 2081 {ffiffi
334 1957 515 2079 mm&
545 1998 705 2060 amultis
728 2018 892 2060 annorum
916 2001 1079 2062 centuriis
1108 1998 1320 2081 Aethiopiae
1351 2001 1511 2064 insolenti
1545 2001 1643 2062 iussit
1674 1998 1876 2061 denuntiari.

550 2111 643 2175 Unus
666 2125 799 2177 tantum
824 2115 1009 2178 monachus
1032 2135 1135 2179 unam
1158 2127 1315 2179 naturam
1340 2117 1512 2180 mordicus
1546 2113 1735 2179 defendens
1762 2111 1878 2175 cathe-

545 2229 621 2291 licis
644 2232 790 2293 traditus
812 2242 864 2294 est
888 2231 1101 2299 erudiendus.
1125 2244 1159 2295 et
1182 2243 1261 2314 post
1285 2232 1416 2314 aliquot
1440 2233 1571 2295 dierum
1597 2230 1816 2294 intervallum
1836 2229 1878 2290 ad

545 2343 791 2427 Imperatorem
816 2347 991 2419 adductus,
1016 2349 1060 2410 ab
1084 2349 1191 2429 ipsius
1206 2359 1430 2430 praeceptore
1445 2348 1588 2412 Abbate
1604 2344 1723 2410 Merca
1738 2355 1879 2427 rogatus

545 2473 609 2534 est,
632 2483 711 2525 num
736 2465 803 2526 iam
834 2466 943 2545 probe
976 2466 1061 2528 duas
1091 2468 1125 2529 in
1153 2466 1290 2529 Christe
1323 2475 1461 2529 naturas
1492 2466 1672 2529 distinctas
1702 2475 1736 2527 et
1764 2464 1878 2526 incon·

546 2575 641 2640 fusas
663 2579 882 2661 dispexisset.
905 2579 971 2643 Ille
994 2601 1072 2644 cum
1095 2601 1293 2645 assensurus
1316 2583 1428 2663 primo
1444 2583 1628 2653 videretur,
1645 2580 1829 2642 collectum
1845 2580 1878 2639 in

545 2695 816 2758 examinatorem
840 2698 1053 2760 stomachum
1071 2698 1188 2761 multis
1203 2698 1384 2780 opprobris
1400 2699 1620 2770 exoneravit;
1647 2713 1790 2777 quorum
1810 2693 1879 2763 ille,

546 2828 608 2889 pro
632 2812 782 2873 muneris
807 2813 859 2874 sui
891 2815 1105 2887 auctoritate,
1136 2816 1329 2896 impatiens,
1361 2813 1644 2877 contumeliosum
1669 2831 1690 2874 a
1712 2811 1879 2873 iudicibus

547 2927 647 2988 morti
670 2928 856 3001 addictum,
881 2929 1000 2993 maluit
1023 2929 1172 3011 flagellis
1191 2933 1225 2993 in
1242 2933 1356 2993 curiae
1371 2930 1544 2993 vestibulo
1559 2928 1743 3011 proscindi,
1760 2936 1879 3008 putan-

546 3042 647 3113 tibus,
671 3045 729 3125 qui
754 3045 906 3117 aderant,
932 3046 1028 3108 illum
1052 3047 1173 3110 violati
1197 3047 1371 3128 praeconii
1395 3065 1524 3127 poenas
1548 3046 1720 3115 exolvere,
1748 3053 1784 3105 et
1815 3042 1878 3104 sibi

547 3159 612 3220 nisi
637 3159 799 3240 exemplo
822 3162 992 3224 cautiores
1014 3160 1144 3234 fierent,
1169 3162 1331 3244 aequales
1352 3173 1491 3225 taureae
1514 3161 1632 3242 pulsus
1647 3160 1835 3222 imminere.

200 3278 519 3402 00ξίᾞὲἒὲῗῶῐέξᾶ
638 3295 667 3352 3.
691 3272 727 3336 Α
750 3276 821 3339 suis
836 3278 1031 3342 admonitus
1046 3277 1184 3351 Abuna,
1205 3298 1329 3362 graves
1345 3297 1407 3361 per
1422 3279 1576 3341 nuntium
1593 3285 1755 3358 quaestus
1770 3273 1880 3355 Impe-

200 3424 327 3474 ΛΜΝ,
547 3394 650 3454 ratori
674 3394 811 3465 obiecit,
836 3396 937 3476 quod,
962 3415 998 3456 se
1022 3395 1172 3465 absente,
1201 3406 1333 3458 tantum
1365 3396 1400 3458 in
1431 3395 1553 3457 castris
1568 3391 1745 3475 negotium
1769 3390 1880 3453 absol·

547 3509 663 3572 visset.
688 3509 750 3572 Cui
776 3512 844 3581 ille,
869 3511 904 3572 id
927 3531 974 3581 se,
999 3509 1168 3574 fovendae
1191 3511 1287 3592 pacis
1302 3511 1416 3574 studio
1431 3512 1557 3594 egisse3
1573 3510 1603 3571 si
1625 3519 1743 3570 tamen
1762 3507 1880 3568 adesse

548 3625 643 3695 velit,
667 3646 804 3707 operam
829 3628 997 3698 daturum,
1021 3639 1058 3690 ut
1081 3628 1269 3708 disputatio
1293 3627 1507 3689 instauretur.
1532 3623 1666 3687 Annuit
1689 3622 1828 3692 Abuna,
1848 3632 1881 3683 et

548 3741 604 3803 die
628 3742 770 3823 abipso
793 3744 1005 3824 praestituta,
1029 3763 1127 3806 suum
1150 3761 1266 3805 secum
1290 3742 1490 3805 satellitium
1518 3740 1665 3804 induxit.
1680 3737 1752 3801 Sed
1767 3737 1881 3800 catho-

548 3856 605 3918 lici
643 3857 751 3920 nihilo
775 3861 1019 3922 contractiores
1049 3861 1121 3922 eius
1151 3860 1310 3929 adventu,
1342 3859 1392 3920 sic
1423 3857 1533 3919 eidem
1565 3855 1827 3918 auctoritatibus
1849 3864 1880 3914 et

550 3975 739 4037 rationibus
763 3995 801 4037 os
824 3976 1089 4058 praecluserunt,
1110 3987 1146 4037 ut
1163 3976 1294 4037 nullum
1310 3975 1361 4037 illi
1378 3985 1479 4043 esset,
1495 3971 1561 4035 nisi
1578 3972 1612 4034 in
1630 3970 1789 4034 inanibus
1804 3987 1881 4032 ana·

549 4094 720 4164 thematis,
745 4090 926 4175 effugium3
950 4111 1037 4173 quae
1060 4110 1205 4174 surgens
1227 4092 1346 4153 iratior
1368 4092 1401 4153 in
1426 4109 1546 4152 omnes
1576 4089 1717 4151 duarum
1749 4098 1881 4150 natura·

551 4228 625 4270 rum
649 4222 833 4272 assertores
855 4209 1016 4271 vibravit.
1033 4208 1093 4269 Ad
1109 4226 1210 4288 quem
1226 4206 1327 4269 Bella
1346 4204 1517 4269 Christds:
1536 4204 1644 4275 Fidei,
1663 4205 1783 4286 inquit,
1804 4222 1880 4266 con·

550 4327 745 4395 troversiae‚
770 4344 832 4388 nec
856 4324 1061 4386 sacerdotali
1080 4324 1198 4407 gladio
1222 4342 1285 4386 nec
1305 4318 1621 4391 excande*scentia‚
1638 4320 1697 4383 sed
1715 4319 1882 4382 audiendo
1929 4357 1985 4400 .'.

550 4452 585 4502 et
619 4442 754 4503 obiecta
777 4441 997 4503 dissolvendo
1020 4438 1194 4502 finiuntur.
1225 4440 1328 4502 Illum
1359 4458 1443 4521 ergo
1474 4437 1664 4520 Imperator
1695 4448 1732 4498 ut
1764 4437 1882 4498 iterum

551 4558 683 4619 sederet
707 4568 742 4619 et
767 4575 865 4620 aures
888 4557 1110 4637 disputationi
1134 4558 1230 4618 daret
1254 4555 1381 4638 adegit.
1418 4552 1514 4636 Quae
1538 4573 1614 4616 cum
1637 4552 1781 4615 ulterius
1808 4570 1882 4632 pro·

550 4673 749 4742 traheretur,
774 4674 822 4735 sic
846 4674 953 4754 ipsius
976 4674 1087 4735 victus
1110 4682 1162 4735 est
1186 4673 1328 4742 animus,
1361 4683 1396 4734 ut
1425 4673 1571 4754 ingenue
1599 4666 1765 4731 fateretur
1792 4666 1885 4730 nulla

550 4809 616 4869 ope
641 4790 757 4871 negari
781 4809 881 4870 posse
905 4790 986 4869 quin
1010 4790 1141 4851 duabus
1164 4789 1294 4850 naturis
1317 4785 1474 4849 Christus
1496 4786 1694 4848 muniretur.
1725 4780 1885 4845 Secundo

552 4906 656 4986 igitur
679 4907 862 4986 praeconio
885 4926 930 4967 ex
953 4906 1102 4967 Abunae
1126 4905 1298 4968 sententia
1321 4905 1444 4985 capitis
1466 4921 1614 4983 poenam
1636 4898 1829 4981 Imperator
1844 4897 1887 4959 iis

551 5023 689 5091 indixit.
713 5023 771 5104 qui
803 5023 931 5104 duplici
962 5032 1084 5084 natura
1114 5020 1287 5083 Christum
1318 5037 1461 5082 vernare
1493 5015 1734 5080 inficiarentur.
1765 5014 1887 5077 Disce·

552 5140 689 5201 dentem
706 5149 819 5201 tamen
837 5137 999 5201 Abunam
1016 5138 1228 5219 potentiores
1244 5135 1417 5207 haeretici,
1435 5143 1468 5197 et
1486 5134 1519 5196 in
1536 5133 1656 5214 primis
1672 5149 1789 5193 eorum
1805 5140 1887 5191 tunc
