4058 6178
626 650 742 700 ussa
765 652 805 710 11,
829 651 954 702 caeur
978 654 1014 704 v.
1419 658 1479 723 ¹95

145 796 357 876 pediendos:
380 805 514 879 patrum
537 799 815 862 commoditatem
839 809 874 863 et
901 801 1138 864 necessitatem
1174 801 1244 866 alte
1274 804 1480 885 introspexit

144 930 274 992 prorex
304 910 401 977 Caba
429 910 595 989 Christos,
617 915 775 996 idemque
798 917 954 998 patribus
984 918 1152 999 impulsor
1182 915 1256 991 fuit,
1280 929 1317 982 ut
1339 939 1371 1001 p.
1397 920 1481 982 Bar·

144 1028 280 1090 radium
305 1049 348 1091 eo
370 1030 588 1093 dimitterent.
620 1028 690 1094 Sed
720 1032 857 1095 sinistro
880 1029 1010 1095 facturn
1040 1043 1093 1096 est
1120 1033 1218 1096 aliter
1249 1044 1287 1097 ut
1313 1052 1396 1096 mox
1419 1036 1481 1098 illa

144 1141 365 1224 praefectura
387 1146 421 1207 in
445 1145 585 1209 Teclam
608 1145 810 1231 Gueorguis,
838 1148 1061 1230 Imperatoris
1087 1169 1251 1232 generum
1275 1171 1320 1212 ex
1341 1148 1480 1232 Ongue-

144 1261 215 1321 lavi
237 1257 324 1333 filia,
347 1258 596 1335 transferrem,
619 1273 655 1326 et
678 1263 819 1327 caninae
842 1264 1042 1347 sagacitatis
1060 1266 1306 1347 sycophantae,
1329 1265 1479 1348 Impera-

143 1377 211 1437 tori
235 1377 282 1438 ad
307 1396 423 1439 aurem
446 1377 654 1451 allatrarent,
678 1398 779 1460 posse
802 1380 898 1442 illam
924 1382 1144 1443 residentiam
1167 1381 1312 1444 multum
1335 1401 1397 1444 suo
1417 1382 1479 1444 im·

143 1493 239 1573 perio
260 1494 531 1566 incommodare;
546 1492 729 1558 Lusitanos
744 1497 895 1559 omnium
912 1498 1105 1559 mortalium
1122 1498 1376 1561 robustissimos
1391 1517 1477 1569 esse,

142 1619 260 1689 patres
291 1628 377 1672 vero
405 1610 658 1683 solertissimos,
691 1630 754 1673 nec
781 1613 960 1685 ecclesias,
992 1614 1054 1676 sed
1085 1632 1180 1676 arces
1211 1614 1335 1685 moliri,
1363 1614 1392 1677 si
1427 1614 1478 1675 illi

142 1727 307 1808 ingruant
331 1745 376 1787 ex
399 1723 508 1799 India,
532 1724 596 1789 hos
619 1723 693 1790 fore
716 1729 868 1809 ipsorum
892 1737 1136 1810 receptatores;
1160 1731 1189 1792 si
1205 1729 1313 1793 semel
1329 1730 1391 1792 has
1407 1748 1479 1791 mu·

100 1885 105 1899 .
143 1842 295 1903 nitiones
319 1842 441 1905 armati
465 1851 640 1924 occupent,
665 1845 699 1906 in
719 1854 894 1907 aeternum
909 1846 1079 1917 haesuros,
1096 1846 1131 1908 id
1148 1845 1215 1908 iam
1232 1846 1479 1927 experientiam

142 1957 177 2018 in
199 1954 337 2028 Turcis,
360 1928 650 2039 tempore'Malec
664 1955 824 2042 Seguedi,
841 1960 1008 2024 docuisse.
1024 1957 1062 2023 Si
1079 1958 1232 2023 Lusitani
1247 1959 1388 2042 propter
1403 1961 1479 2022 viae

142 2071 397 2155 longitudinem
424 2074 541 2136 venire
571 2075 769 2145 detrectent,
793 2074 922 2139 Turcas
952 2095 998 2138 ex
1026 2077 1219 2157 propinquo
1250 2076 1477 2138 advolaturos.

141 2187 368 2270 Imperatoris
390 2207 510 2271 parum
532 2191 695 2254 interesse
711 2190 949 2255 Lusitanorum
965 2212 1008 2254 an
1024 2190 1209 2255 Turcarum
1225 2193 1270 2254 sit
1286 2191 1477 2273 vectigalis.

140 2304 294 2367 Tantum
317 2305 516 2386 phaleratae
539 2307 626 2369 istae
649 2307 799 2370 rationes
821 2326 903 2390 erga
925 2307 1169 2389 Imperatorem
1192 2308 1341 2379 valuere,
1358 2316 1394 2370 ut
1410 2306 1479 2369 De·

140 2423 269 2484 baroae
295 2421 412 2484 sedem
437 2422 625 2503 negaverit,
650 2442 726 2484 cum
750 2443 876 2487 nausea
898 2433 1011 2486 tamen
1035 2424 1227 2504 permiserit
1250 2432 1288 2485 ut
1314 2422 1479 2506 Adegue·

140 2538 214 2608 dae,
239 2538 337 2619 quod
361 2538 526 2620 oppidum
557 2538 609 2600 illi
633 2540 677 2601 ad
699 2539 764 2601 tria
789 2538 947 2601 milliaria
979 2541 1122 2610 adiacet,
1153 2550 1186 2601 et
1217 2538 1370 2620 patribus
1400 2548 1478 2601 ante

40 2697 47 2709 .
95 2699 101 2711 .
139 2653 278 2735 aliquot
302 2673 409 2716 annos
432 2655 477 2716 ab
492 2655 567 2736 ipso
583 2673 781 2718 concessum
797 2653 917 2727 fuerat,
934 2652 1173 2718 enumeretur.
1191 2654 1334 2717 Aemuli
1353 2665 1478 2723 tamen,

139 2770 366 2851 exploratum
390 2770 555 2833 habentes
578 2788 718 2853 aegrum
735 2770 954 2852 Imperatoris
969 2770 1119 2834 animum
1136 2789 1218 2854 erga
1235 2779 1385 2833 nostram
1401 2790 1477 2832 cum

138 2886 226 2948 mari
250 2884 427 2957 viciniam,
443 2886 501 2948 ubi
517 2894 615 2967 pater
630 2887 732 2949 aedes
747 2888 791 2949 ad
807 2888 953 2968 primum
968 2887 1157 2949 tabulatum
1174 2885 1300 2958 evexit,
1325 2887 1404 2949 illas
1426 2887 1478 2948 di·

138 3003 285 3074 siecere,
301 3001 461 3064 simulato
476 3001 696 3083 Imperatoris
711 3005 888 3085 rescripto,
905 3003 996 3086 quod
1012 3011 1049 3065 ut
1064 3002 1123 3064 ille
1138 3021 1274 3083 semper
1289 3004 1477 3085 negaverit,

137 3120 186 3182 ita
209 3137 248 3181 se
277 3114 405 3198 frigide
428 3136 505 3180 cum
529 3119 787 3182 demolitoribus
810 3121 892 3202 egit,
915 3127 952 3181 ut
974 3117 1148 3179 videretur
1178 3118 1329 3199 ipsorum
1360 3138 1478 3181 ausum

138 3254 183 3297 ex
207 3235 308 3297 illius
338 3245 431 3304 nutu,
462 3233 519 3296 vel
550 3235 821 3298 dissimulatione
851 3233 1051 3318 profectum.
1081 3234 1275 3318 Utcumque
1304 3242 1419 3297 tamen
1443 3236 1478 3297 id

137 3360 280 3433 gestum
303 3346 416 3420 fuerit,
440 3349 569 3413 ibidem
592 3350 724 3432 aliquot
746 3371 854 3414 annos
881 3362 980 3433 pater
1002 3350 1187 3434 permansit
1210 3360 1245 3414 et
1268 3351 1408 3413 uberem
1432 3371 1477 3412 ex

137 3465 208 3529 suis
232 3465 414 3528 laboribus
436 3462 583 3529 fructum
607 3467 758 3550 collegit,
783 3487 927 3549 eumque
957 3468 1051 3531 Deus
1080 3478 1118 3531 ut
1147 3467 1291 3530 hilarem
1322 3467 1477 3530 datorem

137 3581 324 3665 diligebat,
347 3579 397 3642 sic
421 3580 511 3644 enim
535 3601 678 3645 amoena
700 3580 790 3647 facie
812 3603 890 3645 cum
913 3585 1071 3647 omnibus
1092 3604 1130 3647 se
1157 3585 1191 3646 in
1221 3583 1286 3646 hac
1317 3583 1478 3645 missione

137 3699 294 3779 gerebat,
320 3705 357 3759 ut
380 3699 424 3759 ab
447 3695 490 3759 iis
513 3696 671 3771 Facatae,
694 3700 729 3762 id
753 3712 805 3763 est
826 3711 923 3782 pater
946 3702 1057 3764 laetus
1079 3702 1257 3763 diceretur.
