4124 6182
552 565 594 623 90
883 559 1159 610 EXPEDITIONJS
1181 558 1444 610 AETHIOPICAE
1468 559 1549 610 ETC.

551 708 695 769 cultates
710 716 929 778 morarentur,
945 704 1113 780 Socinios,
1130 707 1246 769 David
1258 708 1474 789 imperatoris
1488 717 1712 790 pronepotem
1729 726 1775 769 ex
1791 717 1879 788 patre

551 821 733 886 Faciladas
762 823 836 885 sive
866 822 1021 885 Basilide
1051 832 1086 885 et
1116 842 1182 886 avo
1200 823 1338 896 lambo,
1371 825 1416 886 ob
1447 825 1618 907 denegata
1648 822 1714 886 sibi
1745 833 1880 904 patema

550 937 691 1018 praedia
714 957 768 1001 res
792 938 857 1001 iam
883 947 964 1001 tunc
987 948 1170 1002 novantem
1193 949 1227 1002 et
1250 940 1380 1022 rapinis
1402 939 1599 1012 inhiantem,
1623 938 1749 1020 sceptri
1773 949 1808 1001 et
1830 958 1877 1000 co-

551 1072 654 1115 ronae
678 1056 812 1118 obiectu
838 1056 1041 1118 inescarunt.
1066 1054 1181 1136 Quem
1200 1056 1258 1118 ille
1281 1057 1421 1118 hamum
1444 1057 1494 1119 sic
1518 1066 1674 1118 aestuose
1697 1055 1878 1125 devoravit,

550 1178 587 1231 ut
611 1169 738 1233 Iacobo
761 1189 807 1232 ex
823 1170 958 1233 Naraea
973 1172 1127 1234 redeunti
1144 1172 1265 1234 cedere
1282 1191 1466 1255 numquam
1483 1172 1517 1234 in
1533 1171 1684 1234 animum
1701 1169 1879 1239 induxerit,

550 1287 611 1348 sed
647 1286 700 1348 illi
733 1306 795 1369 per
823 1297 893 1350 tres
924 1308 1041 1359 annos,
1074 1308 1111 1351 se
1142 1286 1319 1351 obfirmate
1354 1307 1540 1370 opponens,
1570 1287 1716 1370 septimo
1746 1287 1879 1349 tandem

550 1402 651 1464 huius
674 1403 793 1474 seculi,
817 1403 940 1466 aetatis
963 1422 1046 1467 vero
1070 1404 1249 1487 trigesimo
1272 1405 1383 1476 tertio,
1400 1413 1502 1468 sexto
1518 1405 1594 1467 idus
1613 1405 1755 1466 martias
1771 1401 1806 1464 in
1822 1398 1879 1464 Go-

551 1518 661 1579 iamae
684 1537 807 1599 campo
831 1518 995 1600 Agamna
1018 1539 1085 1581 una
1108 1539 1185 1581 cum
1209 1519 1338 1582 Abuna
1364 1519 1482 1583 Marco
1508 1519 1640 1582 Turcae
1671 1519 1826 1581 habitum
1849 1519 1879 1578 in

241 1639 470 1723 1⁶075socinios
491 1641 521 1691 in
550 1634 632 1695 duto
655 1644 689 1696 et
712 1653 819 1716 regno
842 1644 875 1697 et
898 1635 971 1697 vita
993 1635 1203 1716 spoliaverit,
1226 1634 1342 1698 Malae
1364 1633 1516 1719 Seguddi
1542 1636 1577 1698 in
1601 1634 1713 1716 prima
1744 1635 1879 1716 inaugu-

201 1724 521 1832 ἓῖἒωζωζξζζὲῃέῗ
549 1751 689 1819 ratione,
714 1760 835 1832 postea
857 1747 977 1814 Seltan
1000 1748 1152 1834 Seguedi
1176 1752 1314 1814 nomine
1337 1763 1526 1834 assumpt0;
1542 1751 1626 1813 satis
1642 1750 1781 1833 quidem
1798 1750 1880 1811 inter

203 1855 320 1913 ΨΜ·
549 1865 700 1928 omnium
720 1868 875 1949 gentium
890 1867 1063 1949 principes
1078 1869 1317 1950 generositate,
1334 1868 1515 1949 prudentia
1530 1880 1564 1929 et
1583 1886 1696 1930 rerum
1712 1875 1877 1947 gestarum

549 1981 784 2063 magnitudine
807 1982 968 2066 glorioso,
992 1982 1019 2046 si
1045 1985 1185 2067 egregie
1208 1993 1404 2065 coeptorum
1421 1982 1611 2046 claritatem
1628 1992 1790 2045 constans
1809 1999 1878 2061 per-

549 2099 759 2159 severantiae
782 2117 908 2161 corona
931 2107 1140 2162 exornasset.
