4124 6182
720 2106 906 2182 CAPUT
934 2107 1002 2181 IX.

190 2401 390 2478 Faederis
432 2400 539 2474 inter
574 2400 802 2475 Lusitanos
839 2411 881 2475 et
917 2400 1147 2475 Abassinos
1184 2399 1302 2494 origo
1345 2399 1530 2496 illiusque

280 2556 499 2631 processus
539 2556 662 2631 usque
708 2536 760 2609 ad
798 2534 983 2629 auspicia
1019 2534 1138 2629 regni
1174 2533 1317 2608 Seltan
1354 2532 1530 2627 Seguedi

280 2669 485 2747 Socinios.

285 3036 312 3078 1.
338 3014 537 3078 Faederalis
560 3017 648 3078 inter
670 3014 852 3078 Lusitanos
875 3024 909 3078 et
932 3014 1125 3078 Abassinos
1151 3016 1412 3078 necessitudinis
1428 3035 1531 3078 causa
1593 3020 1795 3082 Propagandae
1814 3019 1878 3069 ndei

193 3129 257 3194 fuit
280 3127 423 3194 ¹'ardens
445 3132 676 3213 piissimorum
691 3130 889 3193 Lusitaniae
915 3130 1057 3214 Regum
1073 3131 1108 3192 in
1132 3130 1243 3193 Deum
1259 3130 1409 3193 charitas
1432 3141 1466 3194 et
1481 3133 1531 3194 in·
1557 3089 1880 3212 {ssssdigffiffffl

192 3248 400 3310 exhaustum
417 3247 511 3309 illius
526 3245 608 3309 fidei
622 3247 861 3329 prorogandae
876 3247 1025 3309 studium
1041 3256 1075 3309 et
1102 3248 1318 3309 concertatio.
1340 3244 1424 3309 Cum
1441 3248 1531 3310 enim
1559 3232 1660 3284 ΜΨ*

192 3382 238 3424 ex
249 3360 364 3424 Marci
379 3362 478 3424 Pauli
493 3361 608 3424 veneti
623 3362 899 3443 peregrinatione
914 3372 948 3424 et
964 3362 1208 3424 monachorum
1231 3361 1275 3423 ad
1299 3361 1532 3425 Florentinam

192 3478 366 3559 synodum
389 3475 632 3540 confluentium
652 3476 819 3540 relatione
834 3478 1066 3559 agnovissent,
1087 3478 1121 3539 in
1144 3474 1287 3539 Oriente
1311 3476 1531 3540 christianum

192 3593 376 3674 quemdam
411 3591 559 3674 Regem,
598 3591 727 3654 dictum
758 3590 1001 3674 Presbyterum
1032 3591 1206 3663 loannem,
1239 3592 1318 3655 latis
1347 3593 1533 3674 provinciis

192 3710 402 3790 imperitare,
430 3708 523 3770 illius
554 3706 725 3770 amicitiae
755 3716 790 3770 et
820 3708 1070 3770 communionis
1112 3705 1325 3771 affectandae
1363 3708 1533 3770 desiderio

193 3824 335 3895 incensi,
360 3842 438 3885 eum
462 3842 530 3904 qua
552 3833 653 3895 terra,
677 3843 745 3905 qua
769 3825 855 3886 mari
877 3842 1042 3906 quaerere
1066 3833 1259 3904 caeperunt.
1283 3822 1532 3886 Maritimarurn
1597 3831 1669 3881 Mari
1687 3845 1736 3881 eos
1750 3830 1881 3893 princeps

192 3937 455 4021 expeditionum
479 3939 656 4021 incaeptor
679 3936 744 4002 fuit
767 3940 927 4021 princeps
951 3938 1124 4002 Henricus
1154 3936 1280 4002 Christi
1311 3940 1441 4002 ordinis
1464 3960 1534 4002 ma·
1561 3902 1882 4036 ffiffissefflffl

193 4055 311 4137 gister‚
335 4053 475 4117 Ioannis
498 4054 515 4116 l
542 4053 643 4127 filius,
660 4054 977 4118 mathematicamm
994 4056 1118 4118 artium
1134 4064 1168 4117 et
1184 4055 1339 4118 illibatae
1355 4055 1534 4127 castitatis,

193 4170 441 4233 solertissimae
475 4189 586 4233 rernm
611 4171 811 4233 coelestium
834 4180 868 4233 et
891 4172 1139 4234 mundanarum
1165 4171 1397 4253 indagatricis,
1422 4172 1535 4253 gloria

193 4286 415 4368 conspicuus;
438 4283 611 4368 perfector
634 4284 855 4349 felicissimus
877 4305 940 4349 rex
956 4285 1171 4358 Emmanuel,
1191 4306 1279 4359 cum,
1297 4286 1440 4349 dimisso
1456 4306 1533 4349 cum

194 4403 303 4465 tribus
326 4400 472 4463 navibus
495 4400 774 4484 Argonautarum
797 4401 1007 4484 peritissimo
1030 4411 1065 4465 et
1088 4400 1359 4465 fortunatissimo
1383 4399 1497 4465 Vasco
1514 4423 1535 4464 a

196 4515 316 4588 Gama,
341 4513 518 4580 Orientem
540 4515 705 4599 patefecit
728 4528 762 4580 et
786 4516 879 4580 illius
894 4536 998 4600 gazas
1014 4519 1049 4580 in
1065 4516 1277 4580 Lusitaniam
1294 4517 1438 4581 invexit.
1453 4516 1534 4580 Ter·
1597 4528 1683 4576 Tem
1701 4528 1822 4577 ioannes
1834 4538 1883 4576 rex

194 4634 352 4695 restrium
376 4651 459 4694 vero
481 4631 627 4696 Ioannes
649 4632 683 4695 Π
706 4634 766 4716 qui
788 4642 924 4716 praeter
946 4635 1033 4696 alios
1064 4634 1310 4715 exploratores,
1336 4634 1427 4695 maio
1454 4633 1534 4695 anni
1562 4599 1588 4649 11
1607 4597 1704 4649 mm
1724 4596 1883 4661 explorato·

195 4748 373 4810 millesimi
396 4747 695 4827 quatercentesimi
718 4750 923 4832 octogesimi
946 4749 1092 4831 septimi,
1116 4750 1254 4812 Petrum
1278 4745 1533 4812 Convillanium

195 4874 229 4927 et
251 4863 475 4945 Alphonsum
500 4883 520 4925 a
542 4864 651 4927 Paiva
673 4865 830 4928 arabicae
854 4865 994 4947 linguae
1017 4883 1078 4946 per
1099 4884 1202 4947 quam
1226 4865 1392 4927 callentes
1424 4864 1534 4927 Mem·

194 4979 288 5063 phitn
313 4998 393 5043 cum
416 4979 586 5043 mandatis
608 4980 797 5062 expedivit,
821 4999 864 5042 ne
887 4981 976 5053 inde,
1001 4980 1205 5061 Presbytero
1228 4979 1357 5042 loanne
1374 4978 1532 5062 inexplo-

194 5106 278 5171 rato,
303 5095 467 5160 redirent

274 5235 303 5280 C.
317 5234 428 5278 Bssccul.
443 5234 501 5278 Rer.
513 5233 582 5278 Aelk.
595 5234 686 5288 δαίμ.
700 5248 745 5277 occ.
761 5235 826 5277 r'ned.
844 5256 868 5265 -
881 5233 950 5278 VIII.
1457 5247 1481 5277 ιι

1562 4669 1649 4720 ribus.
