4066 6184
574 563 636 621 288
906 571 1179 623 EXPEDITIONIS
1202 573 1464 625 AETHIOPICAE
1487 574 1568 625 ETC.

571 720 718 803 gratiam
748 719 971 803 Imperatoris
1001 721 1159 795 obtinuit,
1189 740 1414 805 quamquam,
1445 732 1482 786 ut
1516 723 1616 787 nobis
1646 726 1759 788 visum
1790 736 1839 789 est
1866 737 1896 791 et

571 844 708 919 tempus
737 839 897 910 ostendit,
925 839 1122 921 ambiguam
1146 849 1181 905 et
1203 839 1408 904 simulatam.
1432 838 1509 904 Etsi
1532 842 1623 904 enim
1651 840 1846 906 Patriarcha
1866 852 1896 909 et

571 961 686 1035 patres
708 955 843 1037 saepius
867 954 961 1018 illius
983 974 1082 1019 auree
1104 955 1259 1039 repetitis
1290 955 1501 1021 orationibus
1530 959 1758 1031 obtudissent,
1787 958 1897 1041 depre-

571 1079 698 1142 cantes,
723 1089 765 1132 ne
788 1069 868 1134 illas
890 1069 967 1134 Ras
990 1072 1276 1136 obtrectatoribus
1299 1072 1434 1155 patulas
1456 1074 1647 1156 praeberet,
1671 1092 1815 1157 quorum
1831 1077 1897 1138 uni-

572 1206 648 1249 cum
672 1195 761 1250 esset
784 1187 933 1249 studium
956 1184 1099 1250 fratrum
1122 1187 1254 1251 animos
1284 1188 1441 1252 diversos
1470 1206 1584 1273 agere,
1616 1198 1654 1253 ut
1683 1187 1766 1252 fidei
1788 1198 1821 1253 et
1841 1191 1897 1253 im·

571 1303 656 1384 perii
680 1303 875 1366 vastitatem
900 1304 1165 1386 negotiarentur,
1182 1312 1217 1367 et
1244 1307 1317 1387 ipse
1334 1304 1436 1368 dictis
1450 1324 1488 1367 se
1503 1307 1662 1369 assentiri
1677 1324 1746 1368 nou
1762 1306 1897 1369 obscure

260 1425 403 1511 ooinma
423 1425 468 1476 iul
493 1425 545 1510 ire·
571 1419 764 1492 indicasset,
789 1429 991 1501 conceptum
1014 1431 1151 1503 pectore
1174 1440 1343 1484 venenum
1367 1421 1424 1484 die
1448 1421 1566 1495 altera,
1588 1431 1772 1504 postquam
1786 1441 1830 1484 ex
1848 1441 1899 1484 ca·

224 1497 544 1620 ffifssmssussrffitffi
572 1535 651 1597 stris
675 1553 833 1618 egressus
856 1544 908 1598 est
931 1535 1140 1609 Patriarcha,
1164 1538 1325 1609 evomuit,
1349 1535 1566 1619 Gojamensis
1580 1535 1816 1621 praefecturae
1831 1557 1898 1601 ver·

223 1641 401 1694 transfertur.
572 1669 650 1713 sura
673 1650 717 1712 ab
741 1670 782 1712 eo
805 1669 920 1713 rursus
942 1651 976 1713 in
1001 1648 1105 1715 Sarsa
1126 1650 1283 1715 Christos
1305 1652 1596 1737 Bagamedrinum
1617 1672 1800 1738 proregem
1815 1651 1899 1717 facta

572 1776 605 1829 et
629 1767 794 1829 militibus
817 1786 857 1829 ac
881 1766 1031 1848 praediis
1052 1766 1244 1849 potioribus
1266 1768 1299 1830 in
1324 1769 1519 1851 Principem
1542 1771 1763 1842 transmissis,
1779 1778 1816 1833 ut
1829 1768 1899 1833 Ras

572 1883 635 1943 vix
657 1881 799 1945 haberet
823 1902 890 1964 quo
913 1879 1039 1945 famem
1063 1884 1208 1956 sedaret,
1233 1893 1290 1948 aut
1313 1904 1390 1947 cum
1414 1885 1538 1967 quibus
1560 1904 1623 1967 pro
1645 1886 1783 1968 imperii
1814 1886 1899 1949 inco·

572 1998 727 2060 lumitate
750 2007 929 2081 pugnaret.
947 1997 1106 2081 Pugnant
1122 2009 1236 2062 tamen
1252 2000 1423 2064 hostiliter
1439 2010 1559 2065 contra
1573 2022 1611 2064 se
1626 2003 1810 2085 principes,
1825 2003 1899 2065 dum

572 2110 649 2175 fidis
672 2133 713 2175 ac
736 2111 882 2176 fortibus
909 2115 1107 2197 palpatores
1136 2112 1342 2199 praeferunt,
1373 2118 1423 2181 sic
1455 2119 1545 2180 enim
1576 2119 1697 2181 horum
1728 2115 1899 2200 perfidiam

573 2231 803 2303 corroborant,
828 2240 862 2294 et
886 2231 920 2294 in
944 2232 1015 2294 illis
1038 2233 1172 2315 imperii
1196 2251 1321 2296 nervos
1344 2234 1531 2297 succidunt.

260 2355 545 2408 Parrinrehrmeuam
661 2350 693 2410 8.
717 2346 790 2409 Nec
813 2366 896 2410 vero
919 2347 954 2410 hi
979 2348 1053 2410 lolii
1077 2358 1111 2411 et
1133 2368 1263 2412 avenae
1286 2350 1476 2413 consitores
1499 2350 1720 2414 Patriarchae
1742 2360 1777 2414 et
1801 2349 1900 2433 patri·
2009 2406 2010 2429 ,

224 2438 252 2477 er
268 2442 286 2491 Ρ
287 2437 361 2478 ‘⁸¹⁶⁸
373 2431 543 2492 pungebant,
572 2464 635 2526 bus
659 2466 855 2546 parcebant,
879 2464 941 2527 sed
964 2465 1041 2528 Ras
1063 2474 1097 2528 et
1120 2466 1200 2528 illos
1222 2467 1256 2528 in
1285 2466 1443 2529 eumdem
1466 2463 1667 2530 fasciculum
1683 2466 1900 2551 colligabant

572 2579 754 2664 Negabant
777 2583 868 2644 enim
885 2581 982 2643 illum
999 2581 1042 2644 de
1058 2582 1249 2645 commodis
1264 2581 1401 2664 imperii
1417 2583 1603 2664 quidquam
1618 2581 1806 2646 sollicitum
1821 2600 1900 2652 esse,

571 2697 633 2759 sed
656 2715 717 2759 sua
740 2706 774 2759 et
797 2715 934 2760 suorum
958 2698 1144 2761 liberorum
1168 2699 1273 2772 lucra,
1297 2708 1432 2781 patrum
1455 2696 1583 2763 favoris
1607 2718 1768 2763 securum
1794 2709 1829 2763 et
1849 2719 1901 2763 au·

571 2811 649 2874 xilii
672 2811 913 2875 Lusitanorum
937 2814 1162 2898 negotiosum,
1186 2816 1328 2898 agitare.
1352 2814 1482 2887 Patres,
1507 2834 1575 2878 non
1594 2815 1735 2897 templa,
1759 2816 1823 2879 sed
1841 2813 1902 2878 Lu·

570 2930 691 2992 sitanis
714 2929 810 2991 illico
834 2931 986 2992 venturis
1009 2949 1113 3003 arces,
1138 2952 1159 2994 a
1182 2932 1306 3014 quibus
1329 2931 1468 2995 excludi
1486 2951 1658 3015 nunquam
1673 2933 1821 3015 possint,
1837 2952 1901 2995 mo·

570 3045 636 3108 liri.
660 3044 706 3108 Et
730 3045 825 3108 mille
848 3045 917 3109 alia
940 3046 1061 3109 deliria
1085 3045 1254 3129 suspicaci
1282 3049 1423 3111 cerebro
1453 3048 1693 3120 obtrudebant,
1710 3068 1802 3131 quae
1825 3048 1901 3132 ipse,

570 3181 648 3224 cum
671 3180 791 3225 sereno
814 3172 904 3226 esset
928 3163 1054 3237 animo,
1077 3166 1312 3246 pernoscebat,
1340 3164 1402 3228 sed
1432 3184 1509 3228 cum
1540 3164 1687 3238 turbido,
1718 3165 1901 3238 titubabau

570 3297 646 3340 cum
671 3280 715 3342 ab
738 3298 827 3342 anno
850 3280 1133 3363 quinquagesimo
1156 3279 1303 3363 septimo
1325 3281 1502 3363 praeteriti
1517 3282 1657 3354 saeculi,
1681 3300 1750 3362 quo
1766 3280 1836 3345 huc
1850 3301 1903 3364 pe-

570 3395 649 3456 dem
672 3394 788 3458 intulit
810 3395 1005 3477 patriarcha
1027 3393 1184 3469 OvietuS,
1212 3407 1306 3461 tanta
1336 3398 1518 3461 sanctitate
1547 3408 1581 3461 et
1604 3397 1793 3480 prudentia
1813 3416 1903 3481 prae·

570 3510 688 3593 signis,
713 3509 797 3592 ipse,
821 3519 855 3573 et
879 3531 997 3574 omnes
1020 3511 1128 3594 ipsius
1151 3515 1235 3576 socii
1259 3522 1293 3577 et
1315 3523 1431 3596 patres
1454 3532 1514 3576 eos
1537 3515 1692 3587 insecuti,
1716 3522 1754 3578 et
1778 3536 1826 3579 ex
1847 3516 1903 3578 im·

569 3627 782 3710 potatoribus
805 3625 1003 3710 Zadenguil,
1027 3627 1181 3701 Iacobus,
1206 3638 1240 3692 et
1262 3630 1407 3711 ipsemet
1422 3626 1581 3693 Socinios
1600 3649 1661 3713 per
1675 3639 1771 3697 totos
1786 3631 1904 3715 viginti

570 3762 687 3816 annos,
711 3742 863 3805 unanimi
894 3762 1062 3807 consensu
1092 3743 1327 3818 iudicaverint,
1359 3747 1488 3828 absque
1519 3746 1635 3827 aliquo
1665 3744 1903 3815 Lusitanorum

570 3868 747 3921 caemento
764 3858 945 3921 Romanae
960 3857 1039 3922 fidei
1055 3860 1341 3924 substructionem
1358 3880 1426 3924 non
1437 3880 1538 3944 posse
1550 3862 1586 3924 in
1598 3862 1800 3945 aethiopica
1809 3881 1904 3927 arena

569 3974 721 4036 solidari.
747 3974 819 4036 Nec
842 3973 919 4037 Ras
941 3974 1147 4057 quid*quam
1170 3977 1224 4040 his
1247 3978 1427 4041 adversum
1452 3976 1485 4040 in
1504 3986 1652 4041 mentem
1675 3979 1831 4053 subibat,
1852 3986 1904 4047 aut
1926 3987 1987 4047 [135.

570 4091 637 4153 sibi
660 4100 718 4153 aut
741 4088 822 4153 filiis
846 4090 993 4154 maiores
1014 4092 1161 4156 honores
1184 4094 1336 4176 optabat,
1360 4114 1462 4177 quam
1485 4113 1573 4177 quos
1596 4094 1648 4156 illi
1671 4093 1768 4158 ultra
1789 4094 1904 4178 viginti

570 4226 678 4270 annos
699 4207 864 4290 insignita
888 4209 996 4291 ipsius
1026 4210 1136 4273 virtus
1166 4220 1200 4274 et
1230 4212 1389 4275 militaris
1418 4213 1600 4295 prudentia
1630 4222 1903 4283 coacervaverat

570 4320 640 4386 Sed
663 4332 716 4386 tot
738 4334 835 4387 erant
858 4323 1104 4398 criminatores,
1128 4325 1295 4409 aquibus
1318 4326 1509 4411 Imperator
1531 4326 1720 4391 identidem
1743 4329 1906 4395 advorsus

570 4440 668 4502 illum
691 4440 900 4522 pulsabatur,
924 4451 961 4503 ut
984 4438 1121 4506 facilem
1145 4453 1292 4506 mentem
1316 4464 1337 4506 a
1363 4462 1425 4506 sua
1455 4444 1536 4508 sede
1567 4452 1602 4507 et
1632 4453 1724 4508 statu
1758 4445 1906 4513 dimove·

570 4566 653 4619 rent.
677 4554 724 4620 Et
746 4557 813 4620 ista
836 4578 903 4621 non
927 4559 1068 4622 minima
1090 4558 1191 4625 fuerit
1214 4579 1260 4623 ex
1283 4559 1478 4642 catapultis,
1500 4578 1589 4641 quae
1608 4556 1690 4624 fidei
1714 4568 1752 4625 et
1777 4558 1905 4645 imperii

570 4674 735 4738 stationes
758 4674 965 4740 deiecerunt.
