4166 6182
537 547 574 607 16
870 556 1142 607 exesuraroyrs
1166 557 1428 607 asseruercns
1451 559 1530 607 Ere.

531 726 634 787 quam
659 704 849 767 vocationis
871 716 1026 785 tempore
1050 703 1316 785 antiquissimus,
1331 706 1506 768 excoluit?
1530 706 1660 769 Iisdem
1674 708 1808 770 damnis
1832 719 1864 770 et

532 823 703 884 aerumnis
726 822 956 884 involvuntur.
980 818 1070 899 Quid
1095 820 1137 882 de
1162 819 1337 890 Armenia,
1362 841 1462 902 quam
1495 822 1757 885 Bartolomaeus
1785 843 1864 886 suae

532 939 636 1020 pellis
651 937 787 1000 exuviis
804 935 1021 999 nobilitavit?
1036 932 1239 998 Schismatis
1253 950 1289 999 et
1301 936 1480 999 haeresum
1494 939 1696 1001 tumultibus
1708 940 1862 1001 laniatur.

533 1054 625 1135 Quid
648 1055 690 1116 de
713 1053 880 1135 Aegypto
896 1063 930 1115 et
945 1051 1070 1123 Nubia,
1086 1051 1296 1134 Aethiopiae
1315 1054 1537 1123 contermina,
1553 1074 1639 1136 quas
1662 1056 1761 1116 divus
1776 1054 1864 1117 Mat·

532 1173 631 1235 theus
654 1172 707 1233 sui
730 1169 903 1251 evangelii
927 1167 1054 1231 lumine
1077 1168 1283 1231 illustravit?
1310 1168 1455 1231 Rudera
1477 1178 1609 1232 tantum
1633 1180 1666 1233 et
1697 1172 1864 1233 cadavera

531 1288 720 1370 ingentium
745 1287 966 1348 ecclesiarum
990 1305 1010 1346 a
1033 1284 1186 1345 ducentis
1210 1285 1308 1346 annIs
1331 1304 1536 1357 eversarum,
1553 1295 1587 1347 et
1603 1285 1863 1349 christianorum

532 1404 706 1465 nominum
731 1403 870 1463 umbrae
888 1402 921 1462 in
944 1400 1140 1462 hominibus
1160 1410 1333 1481 apparent.
1350 1398 1400 1462 Ut
1422 1401 1466 1462 ad
1488 1400 1734 1482 propinquiora
1750 1400 1863 1462 venia-

532 1540 616 1591 mus,
630 1531 667 1582 ut
684 1537 808 1602 magna
823 1537 903 1599 pars
916 1515 1130 1588 Germaniae,
1147 1514 1292 1586 Galliae,
1310 1515 1425 1597 Belgii
1438 1527 1472 1578 et
1484 1527 1556 1579 tota
1567 1515 1680 1579 Dania
1695 1527 1730 1578 et
1742 1513 1864 1577 Svecia

531 1638 576 1700 ab
610 1638 749 1718 antiqua
779 1644 812 1696 et
843 1633 1031 1715 apostolica
1060 1630 1127 1694 fide
1158 1631 1351 1703 deficerent,
1382 1634 1466 1696 satis
1496 1630 1590 1695 fuere
1625 1642 1771 1696 tartarea
1804 1632 1864 1693 illa

531 1753 686 1815 Lutherii
710 1762 743 1813 et
766 1749 900 1812 Calvini
925 1750 1070 1811 classica
1092 1749 1184 1810 vitae
1199 1747 1391 1811 libertatem
1408 1750 1650 1831 permittentia.
1668 1746 1716 1811 Ut
1732 1747 1864 1829 Anglia

531 1866 738 1931 infinitarum
763 1878 796 1929 et
812 1867 877 1928 sibi
894 1868 1137 1928 contrariarum
1154 1865 1332 1928 haeresum
1356 1864 1503 1930 flammis
1521 1863 1759 1950 conflagraret,
1776 1867 1863 1928 scin·

531 1987 607 2050 tilla
626 1986 778 2047 libidinis
802 1983 945 2045 Henrici
962 1981 1049 2044 VIII
1072 1980 1185 2045 efficit.
1207 1983 1404 2045 Florentem
1429 1984 1463 2045 in
1483 1981 1627 2065 Iaponia
1642 1981 1862 2044 christianam

531 2099 633 2163 fidem
658 2102 744 2162 levis
768 2099 972 2181 suspicionis
995 2119 1076 2162 aura
1100 2101 1280 2181 oppressit,
1306 2098 1381 2162 fore
1404 2110 1440 2161 ut
1463 2099 1526 2161 sub
1546 2100 1653 2179 ipsius
1668 2098 1784 2180 palleo
1800 2095 1863 2158 Hi-

531 2236 712 2298 spanorum
736 2235 831 2277 arma
854 2216 1126 2297 sugrederentur.
1151 2212 1247 2295 Quae
1267 2234 1350 2297 ergo
1366 2215 1453 2277 alias
1468 2216 1563 2277 orbis
1577 2216 1737 2297 regiones
1752 2214 1864 2275 divisa

531 2329 780 2393 labefactarunt
803 2351 844 2392 ea
864 2331 1094 2412 conglobatim
1113 2332 1146 2392 in
1163 2330 1387 2411 Aethiopiam
1404 2328 1559 2412 *agmine
1576 2326 1669 2392 facto
1685 2329 1862 2391 irruerunt.
1891 2330 1911 2386 i·
1933 2342 1996 2393 13³·

531 2447 664 2510 Nullibi
689 2449 723 2508 in
746 2467 787 2510 ea
810 2449 1032 2518 intermissae,
1047 2447 1311 2509 domesticorum
1334 2446 1514 2516 bellorum,
1539 2446 1681 2508 obtentu
1704 2444 1794 2516 fidei,
1808 2465 1863 2507 oc-

531 2564 694 2634 cidiones,
717 2571 936 2625 externorum
959 2564 1100 2625 timores
1123 2564 1214 2625 veris
1238 2565 1394 2633 maiores,
1412 2562 1567 2632 avaritia,
1592 2560 1732 2633 invidia,
1752 2561 1864 2624 carnis

531 2681 678 2752 licentia,
699 2676 881 2741 confinium
904 2678 1089 2741 Turcarum
1115 2690 1149 2742 et
1172 2678 1328 2741 Arabum
1353 2678 1524 2759 exemplis
1547 2679 1683 2749 nutrita,
1700 2696 1864 2759 praeceps

530 2796 641 2857 malae
657 2795 910 2857 consuetudinis
934 2794 968 2856 in
992 2796 1226 2877 polygamiam
1243 2805 1276 2856 et
1292 2795 1596 2865 clrcumcisionem,
1612 2814 1658 2855 ex
1674 2795 1864 2856 inveterata

529 2910 687 2992 Aegypti
698 2913 912 2991 contagione,
928 2907 1064 2983 flumen,
1081 2912 1143 2972 vix
1159 2910 1222 2973 ulli
1237 2912 1384 2973 adverso
1400 2921 1539 2992 pectore
1554 2912 1768 2981 tranandum,
1782 2912 1864 2991 quin

530 3027 674 3107 cymbae
698 3026 820 3088 rectori
844 3025 929 3088 vitio
949 3026 1051 3088 tribui
1075 3025 1194 3108 possit,
1212 3027 1240 3088 si
1264 3045 1353 3089 nunc
1377 3026 1474 3088 illam
1490 3026 1603 3088 medio
1620 3027 1713 3088 alvio
1730 3023 1864 3088 fortiter

530 3142 695 3223 impellat,
710 3162 798 3204 nunc
822 3153 920 3205 caute
944 3162 1038 3205 oram
1063 3143 1166 3225 legat,
1190 3145 1265 3226 ipsa
1288 3151 1403 3205 tamen
1426 3141 1588 3205 fluctuum
1605 3141 1863 3223 importunitate

529 3260 573 3321 ad
596 3259 741 3322 latentes
764 3269 876 3340 syrtes
899 3259 1069 3329 allidatur,
1094 3270 1130 3322 ut
1155 3279 1264 3340 neque
1288 3260 1422 3322 medico
1445 3261 1501 3321 vel
1526 3258 1696 3341 chirurgo,
1721 3262 1761 3330 si,
1785 3279 1862 3321 cum

529 3375 594 3455 ipsi
611 3375 859 3436 medicamenta
871 3376 955 3436 scite
967 3377 1151 3455 applicent,
1165 3386 1324 3455 aegrotus
1340 3395 1401 3438 sua
1417 3376 1679 3456 intemperantia
1690 3374 1861 3438 efferatur.

528 3487 663 3552 Scimus
686 3492 775 3552 enim
793 3491 960 3553 coelestes
984 3492 1135 3553 medicos
1151 3490 1299 3554 dixisse:
1318 3489 1519 3554 Curam‘mus
1534 3491 1733 3554 Babz'lonem
1749 3495 1783 3554 el
1796 3512 1862 3554 non

527 3609 580 3668 est
592 3611 714 3668 sanata
731 3605 784 3688 (1).
803 3605 944 3669 Curetz'o
960 3606 1052 3670 nobis
1066 3606 1240 3669 commissa
1251 3613 1309 3679 est,
1327 3609 1437 3689 inquit
1454 3608 1554 3671 divus
1570 3608 1778 3680 Bernardus,
1794 3628 1862 3670 non

526 3722 661 3784 sanatt'o
678 3721 738 3805 (2);
763 3724 842 3802 quia
869 3742 971 3785 <non
995 3732 1045 3784 est
1069 3725 1104 3784 in
1137 3724 1270 3785 medico
1293 3743 1427 3804 semper
1451 3725 1622 3786 relevetur
1650 3732 1687 3786 ut
1711 3743 1864 3807 aeger»,

527 3856 602 3898 cum
627 3835 851 3918 Hippocratis
873 3846 907 3899 et
934 3835 1091 3901 ‹Galeni
1115 3838 1217 3900 docta
1241 3840 1319 3919 plus
1342 3840 1434 3901 valet
1458 3850 1530 3901 arte
1554 3840 1729 3901 malum».

616 3951 689 4013 Nec
713 3961 807 4014 tanta
832 3950 897 4015 fuit
920 3953 1017 4014 labes
1039 3951 1119 4015 fidei
1143 3954 1367 4034 aethiopicae,
1391 3965 1427 4015 ut
1451 3974 1518 4015 non
1543 3956 1576 4015 iu
1602 3973 1644 4016 ea
1664 3955 1774 4026 multi,
1790 3964 1861 4016 tam

527 4089 573 4130 ex
597 4069 796 4130 clarissimis
820 4088 922 4149 quam
946 4088 993 4130 ex
1011 4070 1244 4150 popularibus,
1261 4080 1338 4151 post
1362 4080 1512 4132 nostram
1529 4070 1765 4152 depulsionem
1782 4089 1863 4132 con-

525 4185 736 4246 stantissime
758 4183 1066 4265 perseveraverint.
1090 4184 1131 4247 In
1155 4186 1332 4247 Dambaea
1357 4186 1593 4267 multoplures
1609 4205 1698 4248 nunc
1714 4206 1790 4249 esse
1806 4205 1865 4248 ca·

525 4300 673 4361 tholicos
704 4319 806 4380 quam
829 4301 923 4381 prius
953 4301 1071 4362 scribit
1098 4302 1287 4382 praesbiter
1314 4300 1510 4364 Bernardus
1534 4301 1720 4385 Nogueira,
1746 4311 1864 4364 noster

526 4416 697 4496 quondam
714 4416 857 4487 auditor,
875 4426 909 4478 et
925 4435 1012 4478 nunc
1030 4417 1251 4499 dignissimus
1267 4420 1414 4481 vicarius
1437 4419 1610 4501 generalis
1623 4418 1678 4499 (3),
1704 4438 1768 4481 nec
1794 4418 1865 4480 sibi

526 4533 640 4605 otium¹
656 4551 730 4592 esse
754 4533 796 4593 ad
822 4533 934 4593 cibum
958 4532 1159 4595 sumendum
1182 4552 1265 4614 prae
1288 4553 1406 4596 eorum
1422 4536 1649 4605 multitudine,
1664 4536 1723 4616 qui
1740 4535 1782 4595 ad
1799 4552 1867 4594 ex·

525 4647 749 4727 omologesim
774 4644 965 4708 faciendam
989 4648 1033 4708 ad
1056 4649 1163 4729 ipsius
1186 4667 1285 4711 aures
1308 4651 1539 4722 convolarent,
1553 4659 1586 4712 et
1606 4652 1732 4713 veterIs
1748 4648 1867 4730 Impe-

524 4761 646 4822 ratoris
671 4758 859 4825 familiares
883 4765 1026 4825 caeteris
1057 4784 1131 4826 esse
1163 4767 1323 4846 exemplo
1354 4777 1387 4828 et
1418 4768 1648 4829 incitamento.
1680 4764 1868 4844 Additque

525 4876 617 4937 idem
642 4877 683 4937 de
700 4873 843 4939 Goiama
867 4877 1089 4951 circumferri,
1105 4881 1253 4961 amplius
1276 4900 1364 4943 nunc
1380 4882 1429 4943 ibi
1450 4881 1638 4943 catholicos
1655 4900 1756 4962 quam
1774 4879 1870 4945 Rax

613 5125 651 5191 (Ι)
671 5127 763 5177 Ierem.
783 5138 825 5191 51,
844 5143 870 5179 n.
889 5137 914 5186 9.
934 5152 967 5163 -
987 5126 1025 5194 (2)
1046 5128 1102 5181 Lib.
1122 5132 1153 5178 dc
1174 5131 1340 5182 considerat.
1360 5158 1394 5167 -
1411 5129 1452 5198 (3)
1471 5132 1529 5182 Lib.
1549 5145 1574 5193 4,
1593 5147 1650 5196 cap.
1674 5144 1695 5189 1,
1716 5148 1742 5184 n.
1761 5144 1786 5195 5.
