4066 6184
563 615 627 674 330
895 605 1169 656 Exeaumours
1192 605 1455 656 xsrmoercaa
1479 606 1559 657 arc.

247 765 367 814 Fructus
385 763 416 813 ln
434 763 534 814 castri·
651 772 680 833 7.
706 753 825 817 Novus
848 773 974 836 prorex
998 752 1215 835 Gojamensis
1231 754 1347 820 Gabra
1369 751 1526 817 Christos
1540 775 1657 817 secum
1680 755 1841 818 Adaxam
1858 756 1888 818 in

210 834 339 897 mm
357 836 501 897 solamne.
560 889 621 932 sua
644 880 755 933 castra
769 870 944 952 hyemalia
959 890 991 953 p.
1009 869 1198 935 Antonium
1215 871 1366 934 Brunum
1384 869 1526 942 invexit,
1550 869 1608 950 qui
1633 871 1667 933 in
1683 891 1724 933 ea
1747 880 1781 934 et
1796 871 1889 953 pagis

559 985 682 1048 vicinis
712 986 894 1068 plurimam
925 985 1000 1048 Deo
1028 984 1164 1069 frugem
1196 986 1356 1070 collegit;
1388 987 1570 1067 praecipue
1600 1007 1645 1048 ex
1676 986 1887 1057 catechismo,

559 1121 660 1182 quem
686 1100 883 1184 frequenter
907 1103 1081 1174 edocebat,
1106 1102 1252 1165 solemni
1275 1122 1403 1185 pompa
1434 1103 1478 1164 ad
1501 1104 1759 1166 convocandam
1782 1103 1888 1164 multi·

558 1217 713 1280 tudinem
736 1228 925 1281 castrorum
950 1219 1083 1300 plateas
1106 1220 1300 1291 decurrens,
1325 1237 1393 1280 uno
1417 1238 1462 1279 ex
1478 1216 1669 1300 potioribus
1692 1218 1835 1280 ducibus
1858 1229 1888 1280 et

558 1333 663 1395 semel
681 1332 757 1414 ipso
773 1351 920 1415 protege
938 1353 1072 1397 crucem
1088 1335 1330 1416 praeducente.
1348 1332 1411 1395 Cui
1427 1332 1617 1396 ministerio
1633 1353 1769 1415 semper
1783 1353 1888 1415 prom·

558 1458 637 1530 ptus
660 1458 742 1520 erat,
768 1449 833 1511 nisi
850 1459 946 1530 pater
961 1458 1115 1512 sanctum
1134 1448 1240 1531 ipsius
1255 1448 1426 1512 fervorem
1446 1448 1595 1512 muneris
1611 1449 1663 1511 sui
1683 1449 1887 1521 auctoritate,

557 1565 666 1627 veluti
690 1585 779 1646 aqua
802 1563 916 1628 infusa
939 1564 1163 1629 restinxisset.
1196 1563 1381 1629 Infantium
1412 1566 1491 1647 plus
1518 1566 1572 1629 bis
1599 1566 1750 1629 millenis
1779 1565 1888 1630 vitalis

558 1678 664 1743 fontis
687 1700 793 1743 venas
816 1681 993 1744 reseravit.
1010 1678 1171 1762 Serquae,
1199 1680 1257 1744 ubi
1274 1691 1371 1744 erant
1387 1691 1499 1745 castra
1514 1692 1548 1745 et
1572 1683 1695 1744 domus
1718 1681 1795 1744 Ras
1814 1678 1889 1744 Seu

557 1795 723 1868 Christus,
740 1818 772 1879 p.
789 1797 984 1861 Ludovicus
999 1794 1161 1861 Cardeira
1176 1797 1285 1861 sancti
1310 1796 1462 1879 parentis
1478 1798 1583 1861 nostri
1599 1797 1729 1881 Ignatii
1746 1797 1888 1879 imagine

557 1932 658 1995 supra
682 1915 786 1976 duum
810 1932 992 1995 puerorum
1015 1933 1102 1996 quos
1125 1914 1237 1976 malus
1259 1913 1399 1995 spiritus
1418 1914 1578 1983 vexabat,
1604 1925 1707 1996 caput
1724 1914 1886 1995 imposita,

558 2028 651 2091 illius
674 2027 948 2092 maleficientiam
980 2027 1157 2093 fraenavit.
1190 2028 1254 2092 Vir
1277 2030 1380 2092 etiam
1411 2028 1656 2093 ecclesiasticis
1688 2029 1813 2092 muniis
1834 2031 1887 2092 ad·

557 2144 669 2207 dictus
692 2144 842 2208 eiusdem
867 2145 964 2208 icone
987 2145 1052 2209 sibi
1077 2145 1251 2216 attributa,
1276 2146 1471 2208 umbrarum
1495 2145 1656 2209 terricula
1678 2146 1797 2208 evasit.

245 2269 352 2321 Fratri·
369 2271 530 2322 Burseni
647 2265 676 2323 8.
702 2259 809 2324 Suum
844 2280 979 2343 quoque
1009 2259 1155 2324 fructum
1187 2260 1271 2324 satis
1301 2261 1430 2324 vietum
1462 2272 1496 2325 et
1526 2271 1706 2332 maturum,
1738 2261 1887 2343 quamvis

210 2355 288 2392 Μ
305 2351 333 2391 ⁹³
351 2342 477 2393 'imm
557 2376 660 2440 sociis
684 2380 824 2440 crudum
848 2387 884 2441 et
906 2378 1140 2459 peracerbum,
1165 2375 1359 2460 Gorgorrae
1384 2378 1518 2440 coelum
1542 2378 1724 2460 decerpsit,
1754 2376 1885 2441 fratrem

557 2493 760 2557 Baracatum
796 2493 884 2557 idest
915 2493 1150 2566 Benedictum,
1181 2493 1337 2557 Lusitani
1367 2496 1545 2558 cuiusdam
1576 2492 1696 2565 filium,
1727 2494 1785 2576 qui
1815 2513 1885 2556 cum

556 2610 748 2691 patriarcha
771 2607 897 2673 Ovieto
920 2610 986 2673 huc
1002 2611 1188 2691 irruperat;
1213 2611 1263 2674 illi
1287 2613 1426 2695 quidem
1446 2612 1663 2674 lineamentis
1687 2620 1721 2673 et
1744 2609 1885 2673 moribus

556 2726 779 2797 simillimum,
804 2728 864 2789 sed
888 2727 1005 2790 colore
1029 2729 1063 2788 in
1091 2737 1235 2789 matrem
1268 2730 1462 2791 abassinam
1497 2728 1644 2808 amplius
1670 2726 1884 2788 inclinantem

556 2852 590 2905 et
608 2843 688 2904 licet
703 2838 878 2915 Societati,
895 2844 940 2905 ob
956 2862 1110 2915 uxorem,
1128 2864 1148 2907 a
1164 2863 1231 2925 qua
1247 2845 1352 2908 iustas
1367 2846 1412 2907 ob
1432 2864 1553 2907 causas
1569 2844 1763 2912 diverterat,
1779 2842 1883 2904 adhuc

556 2958 741 3029 viventem,
766 2959 891 3021 nullius
914 2960 1006 3021 votis
1022 2960 1234 3033 obstrictum,
1252 2961 1314 3031 illi,
1327 2961 1485 3042 deposito
1502 2961 1645 3021 militiae
1668 2958 1882 3041 cinguloque

555 3070 664 3136 *inter
686 3074 814 3156 primos
838 3073 950 3136 clarus
973 3072 1095 3148 fuerat,
1120 3076 1207 3138 adeo
1230 3074 1364 3139 fortiter
1387 3077 1571 3148 addictum,
1588 3084 1625 3137 ut
1647 3075 1780 3137 cunctis
1802 3082 1883 3136 esset
1906 3089 1922 3137 r.
1934 3083 1976 3146 13⁶·

556 3199 591 3252 et
613 3190 776 3271 exemplo
799 3201 834 3252 et
857 3191 1063 3254 levamento
1087 3191 1176 3255 Nam
1196 3202 1333 3274 praeter
1348 3193 1537 3255 domestica
1554 3191 1752 3262 ministeria,
1769 3190 1883 3271 quibus

556 3305 740 3368 multorum
774 3307 881 3369 instar
914 3309 1119 3381 excubabat,
1158 3328 1194 3372 se
1224 3308 1379 3390 patribus
1409 3328 1478 3370 non
1509 3308 1620 3370 minus
1650 3307 1799 3369 celerem
1833 3326 1883 3367 ve·

555 3423 727 3484 redarium
762 3422 958 3494 exhibebat,
987 3442 1089 3504 quam
1114 3421 1180 3487 fuit
1209 3425 1274 3487 sub
1297 3423 1494 3487 Theodosio
1524 3423 1677 3506 principe
1705 3422 1883 3490 Palladius,

555 3557 656 3619 quem
672 3536 732 3599 ille
748 3537 893 3609 dicebat,
918 3540 1081 3621 gradibus
1104 3539 1176 3602 suis
1199 3540 1502 3622 decempedalibus
1519 3538 1698 3621 imperium
1713 3555 1883 3600 romanum

555 3654 718 3736 exiguum
743 3653 895 3716 reddere.
921 3653 1044 3718 Tribus
1067 3655 1158 3718 enim
1182 3656 1302 3718 diebus
1325 3676 1346 3718 a
1369 3655 1540 3718 Fremona
1567 3654 1782 3716 Dambaeam
1801 3662 1883 3715 tran·

555 3770 681 3831 scursis
703 3789 789 3849 pene
813 3770 970 3832 ducentis
993 3772 1197 3834 milliaribus
1227 3771 1470 3853 prehendebat.
1495 3767 1566 3834 Sed
1590 3768 1809 3833 festinantius
1831 3769 1882 3829 ad·

555 3884 621 3947 huc
644 3885 807 3947 virtutem
831 3886 1042 3968 grallatoriis
1064 3888 1222 3968 passibus
1238 3887 1490 3968 insequebatur.
1518 3886 1558 3949 In
1587 3888 1661 3968 ipso
1677 3886 1882 3969 gallicinioe

555 4020 675 4063 somno
699 4002 915 4065 excitabatur
938 4012 971 4064 et
994 4001 1095 4065 flexis
1114 4005 1317 4085 plerumque
1333 4003 1522 4085 poplitibus
1545 4003 1735 4066 orationem
1758 4004 1793 4064 in
1820 4012 1883 4064 tres

554 4117 611 4177 vel
623 4127 768 4198 quatuor
779 4118 881 4180 horas
893 4119 1122 4198 protrahebat,
1135 4129 1256 4201 postea
1267 4120 1446 4182 minimum
1459 4121 1517 4182 uni
1530 4120 1590 4183 sed
1603 4117 1801 4200 frequenter
1815 4119 1881 4199 plu-

555 4232 649 4296 ribus
665 4234 771 4296 sacris
786 4236 941 4297 minister
956 4236 1127 4307 haerebat,
1145 4254 1190 4297 ex
1209 4234 1333 4317 quibus
1357 4237 1400 4298 ad
1424 4236 1600 4298 servitium
1625 4235 1882 4317 degrediebatur

554 4358 650 4411 tanta
666 4350 884 4412 contentione
900 4360 933 4412 et
949 4350 1052 4412 animi
1068 4351 1228 4414 vastitate
1241 4360 1288 4423 ut,
1302 4370 1379 4413 cum
1392 4352 1576 4434 aliquando
1590 4349 1800 4434 Gorgorram
1811 4369 1881 4413 con·

554 4465 709 4526 venirent
727 4464 935 4538 Patriarcha,
953 4468 1144 4548 episcopus,
1161 4467 1285 4549 viginti
1302 4476 1417 4549 patres
1429 4477 1463 4529 et
1475 4468 1614 4549 plurimi
1626 4485 1745 4530 eorum
1759 4464 1879 4535 famuli,

553 4600 641 4642 unus
663 4581 737 4662 ipse
761 4582 893 4644 cunctis
916 4580 1094 4653 sufficeret,
1115 4603 1178 4645 nec
1194 4593 1285 4646 esset
1303 4582 1451 4646 intanto
1467 4602 1617 4654 numero,
1634 4585 1692 4665 qui
1710 4581 1776 4645 sibi
1792 4582 1880 4664 quid·

554 4716 656 4777 quam
673 4698 856 4760 desiderari
882 4709 1087 4779 quereretur.
1108 4698 1164 4761 Illi
1189 4701 1307 4762 mortis
1332 4719 1490 4763 somnum
1515 4698 1685 4763 insomnia
1707 4700 1879 4780 quaesivit.

554 4811 639 4874 Cum
657 4814 747 4875 enim
759 4834 792 4895 p.
807 4812 940 4896 Gaspar
955 4816 1096 4877 Paezius
1107 4816 1261 4897 graviter
1276 4825 1471 4899 aegrotaret
1483 4836 1546 4878 nec
1558 4835 1618 4897 per
1634 4816 1761 4879 multas
1773 4825 1880 4878 noctes

554 4929 727 4992 tantillum
741 4929 924 4992 dormitare
937 4941 1061 5011 posset,
1079 4943 1112 4993 et
1125 4932 1240 4993 omnia
1255 4931 1463 4994 clamoribus
1479 4933 1647 5003 misceret,
1663 4950 1800 5013 pernox
1811 4931 1879 4993 ade·

554 5054 606 5108 rat
630 5044 817 5109 Baracatus
840 5056 873 5109 et
897 5047 1004 5109 vitam
1024 5046 1076 5108 illi
1092 5066 1154 5109 sua
1169 5057 1286 5120 morte,
1303 5047 1371 5109 sibi
1386 5066 1468 5111 vero
1484 5055 1643 5110 aeternae
1657 5047 1730 5110 otia
1744 5044 1878 5129 paravit
