4066 6184
556 601 615 661 252
887 594 1162 645 EXPEDITIONIS
1186 594 1448 645 AETHIOPICAE
1472 592 1552 644 ETC.

554 744 621 807 niel
639 743 714 827 [εἰσ]
740 753 843 826 caput
865 753 1025 808 octavum
1049 742 1169 807 Isaiae.
1194 741 1409 826 Quamquam
1425 754 1537 808 autem
1553 741 1758 806 Emmanuel
1774 753 1807 805 et
1822 742 1882 804 Ac·

553 859 660 923 celera
675 858 786 945 spolio
801 857 985 931 detrahere,
1010 861 1106 942 pueri
1132 861 1201 922 sint
1217 879 1253 923 re
1270 874 1304 922 er
1321 877 1463 942 corpore
1478 868 1513 922 et
1528 859 1727 941 parentibus
1743 858 1882 920 diversi:

554 974 804 1059 significatione
827 986 861 1039 et
878 978 1043 1058 mysterio
1066 976 1170 1059 (quod
1186 975 1298 1039 iudaei
1315 975 1514 1057 repudiatis)
1530 985 1608 1039 sunt
1623 995 1719 1047 unus,
1737 985 1770 1037 et
1786 974 1882 1037 idem.

554 1088 679 1156 Noster
708 1094 798 1155 enim
827 1091 1032 1156 Emmanuel
1063 1092 1189 1155 Almae
1213 1092 1368 1176 Virginis
1398 1092 1617 1174 eiusdemque
1648 1090 1884 1173 Prophetissae

553 1206 644 1272 filius
667 1217 728 1280 est,
752 1228 841 1291 quae
865 1229 987 1291 nempe
1012 1209 1098 1272 illud
1129 1210 1344 1272 verissimum
1369 1209 1412 1271 de
1435 1228 1471 1271 se
1498 1206 1686 1271 vaticinata
1709 1216 1777 1271 est:
1807 1206 1886 1269 Ecce

554 1324 643 1388 enim
666 1345 710 1389 ex
732 1323 791 1388 hoc
804 1324 932 1389 beatem
948 1346 999 1389 me
1014 1322 1126 1389 dz'cent
1138 1344 1251 1388 omnes
1262 1323 1498 1410 generationes
1509 1324 1572 1409 (1);
1596 1326 1640 1386 ad
1663 1343 1766 1406 quarn
1782 1322 1886 1385 Isaias

554 1461 621 1504 non
661 1460 773 1514 carne,
809 1442 870 1504 sed
904 1440 1037 1524 spiritu,
1073 1442 1333 1506 venerabundus
1367 1443 1520 1513 accessit,
1548 1442 1607 1523 qui
1630 1438 1974 1503 communis*estr.120.

554 1576 683 1629 sensus,
708 1578 775 1619 non
799 1566 929 1621 tantum
953 1556 1131 1621 Ecclesiae
1155 1558 1343 1629 doctorum,
1360 1557 1421 1620 sed
1444 1567 1477 1619 et
1504 1565 1694 1619 vestrorum
1711 1554 1885 1617 Rabbino-

554 1692 639 1745 rum‚
663 1675 752 1736 inter
774 1693 860 1755 quos
883 1675 953 1746 ille,
976 1693 1078 1756 quem
1102 1672 1217 1736 dicitis
1240 1672 1412 1736 Rebbenu
1432 1671 1611 1745 HakadoS,
1635 1671 1670 1733 id
1693 1681 1755 1743 est,
1779 1670 1885 1752 Magi·

555 1798 661 1852 strum
675 1798 826 1853 nostrum
843 1788 1018 1861 Sanctum,
1035 1791 1085 1853 sic
1101 1790 1201 1852 docet
1217 1790 1251 1851 in
1269 1790 1369 1862 libro,
1381 1789 1440 1870 qui
1452 1788 1649 1851 inscribitur
1661 1786 1747 1851 Gale
1764 1807 1886 1871 roeryo,

555 1905 591 1967 id
612 1914 674 1977 est,
699 1905 892 1969 Revelator
922 1924 1139 1968 arcanorum:
1175 1905 1270 1968 Haec
1289 1903 1503 1990 prophetissa
1524 1908 1577 1967 est
1602 1907 1713 1967 mater
1735 1902 1885 1972 Messene,

555 2040 651 2105 quem
675 2020 772 2084 Deice
792 2025 930 2085 sanctus
959 2025 993 2084 et
1022 2018 1209 2085 benedr'ctus
1237 2020 1479 2084 remissurum
1505 2020 1554 2084 ae
1577 2019 1696 2084 Israel
1718 2018 1887 2105 pollicitus

555 2142 614 2200 est.
639 2136 723 2221 Ipso
740 2132 799 2215 est
818 2137 910 2200 enim
932 2135 1082 2200 omnium
1100 2136 1345 2222 prophetarum
1371 2137 1567 2200 deminuet
1592 2135 1768 2222 magona.
1799 2135 1887 2197 Haec

556 2253 657 2316 etiam
680 2257 732 2317 est
752 2252 857 2316 Almo
881 2251 945 2315 illo
967 2252 1007 2316 de
1022 2273 1089 2337 quo
1103 2252 1220 2317 [sonos
1243 2252 1315 2316 ait:
1330 2252 1413 2317 Ecce
1427 2252 1534 2316 Almo
1548 2251 1711 2337 concipiet
1730 2256 1765 2314 et
1775 2250 1888 2335 pariet

548 2368 671 2453 filiam
683 2368 736 2451 (2).
763 2368 870 2432 Vides
893 2388 986 2453 erge,
1010 2368 1185 2441 Salomon,
1206 2368 1344 2432 Almam
1360 2378 1395 2432 et
1410 2366 1659 2450 prophetissam
1675 2385 1712 2429 re
1729 2367 1886 2434 diversas,

558 2484 592 2546 in
615 2506 716 2548 unam
741 2485 906 2567 mysterio
937 2487 1046 2559 coire;
1078 2495 1112 2548 et
1142 2485 1413 2555 Emmanuelem,
1445 2503 1485 2546 ac
1516 2483 1755 2565 prophetissae
1784 2480 1885 2543 filium

558 2601 757 2684 corporibus
773 2602 949 2671 discretos.
966 2621 1069 2664 unum
1085 2600 1249 2665 Messiam
1266 2600 1423 2664 conflare.
1447 2597 1549 2681 Quod
1564 2619 1647 2683 ergo
1670 2601 1720 2662 tui
1745 2596 1887 2661 fatentur
2005 2630 2006 2639 ,

558 2716 728 2800 Magistri,
752 2717 816 2780 tibi
840 2718 1043 2780 dedecorum
1068 2728 1102 2780 et
1126 2717 1355 2799 perniciosum
1379 2727 1430 2780 est
1453 2714 1601 2780 diffiteri.

246 2849 405 2910 Numquam
442 2847 531 2895 Deus
651 2853 699 2895 12.
724 2832 825 2897 Alter
849 2835 1000 2914 laqueus,
1023 2854 1090 2916 quo
1114 2842 1148 2896 te
1173 2833 1369 2915 implicasti,
1385 2843 1447 2905 est,
1472 2834 1564 2914 quod
1579 2832 1720 2904 dixeris,
1744 2830 1885 2893 Deuma
2005 2822 2006 2851 ¹

212 2918 266 2967 Μ*
278 2932 342 2968 ⁰⁰⁰¹
356 2919 458 2968 ΜΝ·
559 2957 639 3011 nato
662 2951 736 3032 regi
759 2948 879 3012 Achaz
902 2947 1137 3021 Emmanuele,
1165 2949 1276 3012 eidem
1293 2949 1479 3031 propitium
1496 2949 1753 3029 adiutoremque
1777 2944 1885 3014 fuisse,

558 3084 634 3127 cum
658 3084 792 3148 semper
814 3066 849 3127 in
873 3086 949 3129 eum
974 3063 1076 3128 fuerit
1099 3067 1144 3129 ob
1160 3065 1266 3148 ipsius
1281 3063 1414 3150 flagitia
1430 3066 1633 3148 implacatus
1648 3073 1682 3127 et
1698 3063 1887 3126 inexorabi-

533 3270 540 3277 Κ
559 3178 612 3245 lis.
628 3180 772 3253 Evolve,
790 3181 916 3244 Daniel
934 3181 1018 3265 [sic],
1034 3181 1113 3244 libri
1129 3183 1270 3245 secundi
1291 3182 1576 3265 Paralipomenon
1595 3182 1718 3263 capitis
1734 3179 1885 3263 vigesimi

558 3300 672 3360 octavi
696 3318 871 3361 numerum
899 3319 1035 3371 nonum,
1060 3300 1118 3361 ubi
1149 3319 1191 3362 eo
1221 3309 1394 3382 regnante,
1419 3298 1519 3363 Oded
1542 3298 1709 3381 propheta
1724 3296 1789 3360 ait:
1813 3296 1887 3358 Ecce

560 3413 672 3477 i'ratus
694 3413 866 3477 Dominus
889 3413 986 3477 Deus
1003 3419 1143 3499 patrum
1159 3420 1347 3478 vestrorum
1374 3420 1490 3479 contra
1506 3413 1605 3485 ludo,
1622 3412 1769 3477 tradidit
1785 3432 1838 3475 eos
1854 3411 1886 3473 in

560 3528 715 3593 munitm
737 3529 860 3593 vestris
874 3528 928 3612 (3).
952 3530 1112 3593 Transito
1136 3532 1180 3593 ad
1204 3550 1236 3594 n.
1265 3551 1320 3604 ro:
1345 3530 1606 3594 Humitiooerot
1618 3530 1708 3593 enim
1726 3528 1888 3591 Dominus

558 3645 685 3708 Indum
703 3650 846 3730 propter
868 3645 979 3709 Achae
1002 3665 1113 3732 regem
1135 3647 1227 3711 Inda
1249 3667 1286 3710 eo
1309 3646 1398 3731 qreod
1417 3647 1580 3709 nudasset
1596 3666 1671 3708 eum
1702 3644 1836 3708 ouxi'tzo
1858 3647 1888 3706 ct

559 3760 766 3845 contemptui
784 3760 954 3825 humasset
968 3760 1156 3825 Dominum
1169 3764 1222 3843 (4).
1247 3761 1338 3826 Siste
1355 3763 1389 3824 in
1407 3781 1438 3824 n.
1458 3780 1516 3839 25:
1540 3760 1757 3825 [nomnibus
1771 3779 1888 3844 quoque

561 3876 698 3940 urbr'bus
719 3875 810 3941 Iuda
833 3877 993 3941 extruxit
1013 3897 1094 3941 aros
1117 3878 1165 3941 aei
1190 3879 1406 3942 cremandum
1433 3877 1523 3953 titus,
1553 3883 1588 3942 et
1611 3878 1660 3942 oei
1680 3876 1887 3941 z'ranendtizm

555 3993 749 4077 provocavit
759 3993 949 4056 Dominum
962 3993 1075 4057 Deum
1086 3998 1227 4078 patrum
1245 4015 1381 4058 mornm
1394 3995 1449 4079 (5).
1466 3993 1648 4077 Quomodo
1664 3996 1779 4058 dicere
1791 3994 1888 4057 audes
2003 3998 2004 4047 1

561 4109 672 4172 Deum
697 4109 749 4172 illi
773 4111 957 4191 propitium
981 4109 1097 4179 fuisse,
1121 4110 1180 4194 qui
1204 4113 1315 4174 eidem
1340 4111 1446 4175 iratus
1469 4113 1603 4184 dicitur,
1627 4112 1671 4175 ab
1698 4131 1740 4174 eo
1764 4112 1807 4173 ad
1830 4111 1888 4172 ira·

561 4226 718 4287 cundiam
743 4235 957 4307 provocatus,
982 4237 1017 4289 et
1044 4227 1118 4309 ipse
1149 4228 1267 4290 divino
1297 4229 1433 4309 penitus
1456 4226 1587 4291 auxilio
1611 4228 1779 4291 nudatus?
1801 4225 1889 4288 Talis

561 4341 628 4403 Dei
651 4339 750 4404 favor
773 4351 907 4404 nostros
930 4362 1065 4424 semper
1087 4343 1203 4406 hostes
1225 4353 1460 4425 consequatur.
1485 4344 1563 4407 Non
1587 4354 1624 4407 ut
1646 4345 1753 4425 impio
1777 4342 1889 4405 Acbaz

563 4455 705 4529 faveret,
729 4458 789 4520 sed
813 4459 858 4521 ob
882 4460 1080 4521 memoriam
1111 4470 1143 4522 et
1167 4461 1288 4522 merita
1311 4460 1467 4533 Davidis,
1499 4470 1532 4524 et
1562 4462 1606 4523 ad
1629 4457 1887 4523 confirmandam

562 4572 782 4654 propheticae
812 4574 1071 4654 pollicitationis
1094 4575 1282 4647 veritatem,
1319 4574 1566 4657 lerosolymam
1598 4587 1678 4638 tunc
1703 4575 1798 4638 Deus
1819 4592 1889 4656 pro·

562 4689 662 4761 texit,
686 4708 748 4751 nee
772 4689 868 4751 illam
893 4691 959 4752 duo
982 4688 1104 4773 Reges
1128 4692 1294 4754 coniurati
1317 4692 1492 4755 debellare
1514 4700 1706 4774 potuerunt.

252 4818 354 4868 Nullos
381 4820 476 4867 noane
499 4823 537 4867 Α-
657 4825 707 4883 13.
730 4804 865 4869 Tertius
887 4806 938 4868 tui
968 4808 1143 4889 suspendii
1177 4807 1319 4888 laqueus
1349 4817 1412 4880 est,
1448 4808 1540 4888 quod
1571 4808 1750 4879 asseveris,
1782 4824 1889 4889 regem

218 4889 469 5010 ξξξωᾝζνζξῑ
488 4891 538 5010 :2⁶
564 4919 693 4993 Achaz,
719 4922 780 4983 illo
804 4921 871 4984 Dei
895 4920 1018 4985 fultum
1049 4922 1181 4986 auxilio
1211 4923 1324 4986 Rasin
1347 4920 1470 5005 Syriae
1493 4932 1528 4986 et
1559 4922 1693 4987 Phacee
1722 4921 1890 4987 Samariae
2002 4904 2003 4915 ¹

217 5039 338 5092 peram·
654 5084 691 5142 (1)
713 5082 785 5139 Luc„
807 5093 828 5139 1,
848 5098 873 5134 n.
893 5082 936 5145 48.
965 5110 996 5120 —
1018 5081 1056 5149 (a)
1078 5086 1209 5141 Galatia..
1229 5084 1274 5135 lib.
1295 5092 1318 5142 7,
1338 5099 1394 5149 cap.
1415 5083 1457 5135 28.
1480 5113 1501 5120 -
1529 5084 1754 5150 (slzParale'p,
1775 5084 1815 5141 28,
1828 5100 1851 5132 n.
1869 5094 1888 5137 0.

564 5197 599 5206 -
617 5168 656 5235 (4)
675 5170 751 5227 Ibin,
771 5187 795 5221 ῃ,
819 5182 857 5231 19.
878 5199 910 5208 -
931 5172 1065 5237 (5)1bid.,
1085 5189 1110 5225 n.
1130 5184 1171 5238 κς.
