4058 6178
622 549 739 598 LIBER
763 549 802 607 11,
826 548 952 598 CAPUT
975 550 1014 599 11.
1421 538 1483 612 169

155 697 334 780 impatiens
356 699 494 780 quidem
517 696 701 770 Thebules,
724 697 818 761 illius
840 695 1017 760 Ecclesiae
1047 698 1258 769 candidatus,
1289 717 1351 760 sua
1380 698 1484 760 ambi-

154 814 242 877 tione
264 816 419 896 corrupit
449 823 484 877 et
514 813 574 877 alii
605 814 768 895 deinceps
791 812 944 895 episcopi
975 813 1149 877 haeretica
1175 812 1381 895 contagione
1411 814 1484 896 pol·

154 930 297 994 luerunt.
334 927 426 1011 Quid
460 928 700 993 Alexandria?
723 928 848 992 Natale
871 929 983 991 solum
1015 927 1082 992 fuit
1110 927 1200 1001 Arii,
1232 927 1403 1000 Dioscori,
1426 928 1485 991 Ti·

155 1044 288 1117 mothei,
312 1044 511 1117 ffeodosii,
534 1044 727 1117 Themistii,
740 1042 824 1126 Cyri
846 1054 880 1107 et
903 1040 1045 1127 Cayani.
1070 1043 1143 1108 Nec
1158 1045 1309 1126 propriis
1324 1053 1485 1108 contenta

153 1159 272 1225 finibus
296 1171 460 1225 externos
481 1161 597 1234 etiam,
614 1158 779 1224 Severum
798 1159 984 1223 Antiochia
998 1170 1033 1223 et
1048 1159 1217 1223 Iulianum
1237 1157 1485 1223 Halicarnasso

153 1278 330 1360 adoptavit
360 1287 396 1340 et
425 1257 666 1360 propugnavit,
697 1285 732 1339 et
758 1277 841 1338 olim
865 1286 1019 1357 tempore
1042 1276 1115 1339 divi
1137 1273 1321 1338 Athanasii
1347 1286 1485 1357 praeter

152 1391 303 1465 Lucium,
327 1392 415 1455 duos
437 1392 652 1474 cappadoces
675 1388 862 1475 Georgium
886 1402 920 1454 et
943 1388 1148 1473 Gregorium
1163 1390 1403 1455 Antiochenae
1418 1389 1485 1453 Ec·

152 1508 275 1572 clesiae
298 1506 558 1590 pres*byterum
580 1516 616 1570 et
639 1507 718 1569 Arii
741 1526 874 1571 veneno
897 1508 1175 1580 contaminatum,
1201 1526 1243 1569 eo
1274 1506 1383 1569 eiecto
1413 1508 1483 1589 epi·

152 1643 291 1707 scopum
316 1622 501 1707 arrogavit.

723 1875 916 1938 Conclusio.

238 2106 291 2166 33.
318 2083 414 2167 Quid
432 2104 510 2172 ergo
532 2083 623 2148 vobt‘s
644 2083 754 2147 estin
775 2083 832 2146 via
854 2083 1004 2169 Aegypti
1022 2090 1064 2149 ut
1084 2084 1205 2149 br'bntri
1232 2103 1353 2168 aquam
1376 2082 1483 2147 turbi-

148 2203 254 2268 dam?
264 2203 311 2287 (1)
329 2201 425 2285 Quid
432 2198 619 2267 arandam
630 2200 724 2265 illius
736 2200 850 2265 baculo
862 2199 1042 2274 confiditis,
1058 2203 1117 2284 qui
1133 2202 1233 2266 vobis
1244 2221 1348 2284 saepe
1365 2222 1484 2265 manus

149 2332 181 2383 et
193 2338 334 2401 semper
345 2317 487 2389 animas,
503 2327 581 2399 post
593 2317 844 2380 haereticorum
860 2319 1119 2390 successionem,
1133 2319 1349 2381 vulneravit?
1362 2316 1406 2401 (2)
1420 2317 1484 2382 At·

148 2433 277 2499 tendite
291 2432 340 2498 ad
346 2438 479 2520 petram
494 2432 584 2496 unde
598 2431 706 2496 excisi
716 2432 798 2496 estus
811 2431 873 2517 (3);
897 2435 940 2496 ad
957 2432 1191 2496 Frumentium
1203 2443 1237 2496 et
1253 2422 1483 2497 Athanasium

147 2554 203 2635 qui
220 2549 421 2615 rationabili
436 2560 469 2614 et
485 2568 626 2613 romano
641 2568 697 2612 vos
707 2549 791 2613 lacte
801 2554 837 2614 et
839 2548 1022 2636 frumento
1033 2548 1208 2613 electorum
1220 2548 1266 2632 (4)
1280 2550 1382 2631 quale
1394 2569 1483 2612 nunc

84 2674 87 2678 ’
148 2669 248 2732 vobis
273 2676 505 2749 apportamus,
528 2685 596 2728 non
619 2665 714 2737 lolio,
737 2685 799 2729 nec
823 2685 933 2729 avena
948 2667 1080 2737 vitiato,
1096 2664 1297 2731 nutrierunt.
1314 2664 1482 2729 Rationu-

147 2783 213 2847 bile
234 2783 292 2847 lac
314 2778 406 2846 istud
428 2802 450 2845 a
472 2782 589 2845 multis
611 2783 711 2844 annis
726 2781 981 2863 concupivistis,
997 2782 1100 2853 illius,
1116 2780 1235 2865 absque
1248 2779 1322 2844 dolo
1334 2780 1378 2863 (5)
1393 2801 1482 2844 nunc

148 2898 269 2971 oblati,
293 2898 456 2960 uberibus
478 2896 659 2959 satiamini.
683 2896 773 2959 Nam
799 2916 889 2959 anno
919 2896 1039 2959 salutis
1068 2896 1238 2959 humanae
1265 2916 1346 2975 ¹174
1370 2896 1401 2958 is
1422 2896 1481 2978 qui
1543 2899 1661 2963 negano
1678 2901 1833 2962 ΜΡΝ·

147 3013 362 3095 Aethiopiae
384 3025 542 3095 praeerat
563 3011 756 3094 Imperator
774 3032 980 3095 europaeum
1007 3014 1188 3094 quemdam
1215 3012 1394 3084 medicum,
1423 3012 1482 3093 qui
1509 2970 1735 3104 ffuoeffffl
1754 2984 1832 3091 ἒζο

145 3130 213 3194 huo
236 3137 442 3202 accesserat,
472 3127 671 3210 Philippum
703 3131 850 3201 nomIne,
882 3148 958 3191 cum
990 3128 1159 3211 mandatis
1190 3128 1283 3191 misit
1309 3128 1353 3190 ad
1376 3127 1481 3192 Rom.
1508 3114 1621 3164 flflffim·

146 3243 363 3317 Pontificem,
390 3245 517 3326 quibus
544 3245 691 3307 docebat
714 3243 800 3307 nihil
824 3246 889 3307 sibi
920 3246 1032 3327 magis
1062 3263 1137 3308 esse
1168 3244 1273 3315 cordi,
1296 3263 1399 3325 quam
1423 3244 1482 3307 do·

145 3363 280 3426 ctrinae
302 3359 494 3423 catholicae
517 3367 552 3423 et
582 3358 792 3441 apostolicae
822 3361 887 3422 sub
917 3359 1068 3422 romanis
1097 3359 1295 3422 doctoribus
1325 3357 1481 3422 insistere

145 3487 190 3549 et,
213 3477 328 3539 sicubi
351 3473 559 3546 deflexisset,
577 3475 612 3537 in
627 3476 719 3538 viam
735 3474 902 3548 revocari;
919 3495 957 3538 se
972 3494 1107 3556 quoque
1123 3476 1302 3556 discupere
1316 3475 1483 3555 templum

144 3591 291 3675 aliquod
313 3589 450 3653 Romae
472 3589 611 3662 habere,
642 3589 677 3651 in
711 3608 780 3671 quo
802 3589 968 3653 Abassini
995 3598 1136 3671 possent
1166 3591 1316 3652 romanis
1346 3589 1482 3672 legibus

144 3707 287 3778 erudiri,
311 3713 348 3768 ut
370 3724 429 3768 eas
451 3714 573 3787 postea
596 3704 758 3769 cultiores
788 3705 822 3768 in
845 3708 992 3787 patriam
1023 3703 1195 3769 inferrent.
1227 3702 1324 3786 Quae
1355 3706 1483 3787 legatio

144 3824 269 3887 oblata
290 3832 343 3886 est
364 3820 572 3884 Alexandro
596 3819 658 3894 ΙΙΙ,
683 3819 849 3885 Venetias
871 3830 952 3884 tunc
975 3821 1111 3892 colenti,
1136 3831 1170 3883 et
1193 3820 1375 3903 Philippus
1405 3839 1483 3882 cum

143 3938 299 4021 epistola
321 3936 483 4000 remissus
498 3956 600 4018 quam
617 3935 905 4000 eminentissimus
928 3936 1113 4000 cardinalis
1136 3936 1306 3999 Batonius
1329 3956 1371 3999 eo
1394 3956 1484 3998 anno

143 4053 335 4135 exscripsit
349 4053 402 4135 (ὁ).
427 4050 578 4134 Eiusque
601 4053 785 4135 legationis
807 4050 937 4116 fructus
959 4062 1012 4115 est
1034 4054 1155 4116 domus
1173 4052 1424 4116 Abassinorum
1440 4053 1484 4114 ab

142 4191 186 4235 eo
202 4181 362 4251 ternpore
385 4168 497 4249 apsidi
522 4168 641 4249 templi
665 4166 915 4250 Apostolorum
931 4168 1102 4249 Principis
1116 4167 1231 4240 affixa,
1247 4167 1342 4230 cuius
1357 4167 1484 4230 vicinia

143 4289 267 4370 aliquo
289 4284 393 4348 modo
414 4282 607 4365 Aethiopia
636 4303 713 4346 cum
745 4284 906 4346 Romana
935 4282 1093 4347 Ecclesia
1122 4292 1390 4366 coagmentatur.
1414 4281 1483 4346 Ar-

143 4404 292 4467 ctiorem
316 4418 445 4462 nexum
469 4401 603 4462 curavit
624 4419 714 4462 anno
743 4419 824 4479 1294
849 4400 1013 4463 Nicolaus
1036 4399 1118 4472 IIII,
1141 4401 1255 4462 missis
1281 4400 1326 4463 ad
1357 4398 1485 4462 aethio·

142 4517 263 4599 picum
287 4512 534 4595 Imperatorem
559 4514 695 4597 legatis.
722 4513 770 4577 Et
792 4513 942 4578 vicissim
967 4514 1050 4578 Zera
1072 4514 1177 4578 Iacob
1199 4513 1346 4583 Davidis
1376 4515 1485 4596 impe·

143 4632 276 4696 tatoris
299 4648 394 4701 avus,
418 4628 478 4692 alii
508 4629 553 4692 ad
583 4627 780 4711 pontificem
811 4628 1005 4713 Eugenium
1028 4629 1100 4692 IIII
1123 4642 1157 4694 et
1187 4628 1380 4693 Concilium
1404 4629 1484 4693 Flo·

143 4747 320 4811 rentinum
344 4763 433 4807 anno
460 4749 542 4824 1438
567 4746 751 4828 expeditis.
774 4744 832 4808 Ex
855 4747 979 4827 quibus
1002 4765 1099 4819 unus,
1123 4747 1176 4809 cui
1204 4766 1327 4809 nomen
1350 4744 1484 4808 Abbati
1546 4754 1635 4805 Abba
1661 4751 1833 4804 nicodemus

143 4860 353 4932 Nicodemo,
377 4860 426 4923 ita
447 4860 567 4924 scribit
589 4863 623 4925 in
648 4861 795 4943 epistola
818 4862 860 4925 ad
888 4854 1099 4945 Eugenium:
1124 4861 1249 4948 Regem
1279 4859 1484 4945 Aethiopum
1511 4822 1694 4947 {infimum
1714 4822 1831 4874 moren-

236 5020 279 5090 (2)
298 5022 402 5080 serent„
422 5033 446 5080 2,
465 5037 490 5073 11.
512 5020 552 5072 18.
571 5050 606 5061 -
624 5021 664 5089 (a)
683 5024 756 5079 lsai„
776 5020 817 5085 36,
836 5039 863 5074 n.
882 5021 908 5076 6.
927 5050 961 5059 -
979 5018 1021 5089 (⁴3)
1041 5023 1112 5079 Irni,
1128 5031 1169 5083 51,
1182 5039 1208 5074 n.
1224 5034 1246 5074 1.
1260 5050 1293 5061 -
1306 5022 1344 5087 (4)
1357 5022 1445 5080 chh„
1458 5034 1483 5083 9,

143 5129 171 5166 n.
194 5121 236 5173 17.
256 5140 292 5151 -
309 5110 350 5178 (5)
371 5124 382 5160 1
405 5114 487 5171 Petr„
507 5124 531 5172 2,
550 5128 575 5165 n.
596 5124 620 5166 2.
643 5141 673 5152 -
693 5109 732 5180 (6)
751 5113 826 5164 Tom.
847 5125 871 5170 2,
890 5129 932 5165 nu.
954 5119 1029 5174 1174.

228 5234 256 5279 C.
269 5235 382 5287 namn,
395 5234 452 5277 ner.
470 5234 539 5278 Aret.
552 5234 644 5288 Sen‘pt.
657 5248 705 5277 occ.
719 5234 786 5277 rhed.
803 5255 826 5264 -
839 5234 908 5277 VIII.
