4066 6184
690 2032 877 2109 CAPUT
905 2032 1014 2107 XVI.

176 2312 353 2389 Illustris
380 2323 422 2391 et
448 2315 664 2392 fortissimi
691 2318 879 2413 proregis
906 2317 1077 2413 Tigraei
1104 2296 1146 2393 et
1165 2317 1341 2413 insignis
1369 2317 1514 2393 catho-

287 2447 358 2523 lici
386 2448 501 2526 caba
538 2450 727 2528 Christds
753 2464 795 2526 et
827 2453 958 2527 Fecur
984 2451 1103 2548 Egzi‚
1136 2451 1271 2527 eidem
1299 2451 1515 2543 simillimi,

285 2583 448 2665 caedes.

271 2920 300 2966 1.
315 2900 509 2967 December
520 2904 668 2967 labentis
683 2903 764 2967 anni
784 2908 865 2984 1629
882 2904 1090 2969 continuatis
1108 2906 1251 2969 duorum
1268 2906 1514 2987 praestantium
1574 2915 1741 2966 nmmum
1758 2911 1862 2966 holus

174 3016 382 3082 bellatorum
414 3029 448 3082 et
477 3020 663 3102 insignium
696 3020 940 3084 catholicorum
972 3018 1155 3095 funeribus,
1180 3019 1275 3085 Cabai
1307 3019 1462 3085 Christos
1493 3040 1513 3083 a
1541 2984 1609 3107 2¹2¹
1622 2986 1732 3107 ἓξὲξ
1744 3000 1862 3107 {¹:3ss

174 3132 401 3199 Lastensibus
423 3145 457 3199 et
479 3134 589 3200 Fecur
611 3135 708 3221 Egzi,
731 3156 753 3200 a
776 3135 887 3205 Gallis
910 3139 1013 3210 caesi,
1035 3137 1154 3221 probis
1177 3137 1335 3200 omnibus
1354 3135 1419 3200 fuit
1442 3137 1513 3199 luc·
1539 3129 1593 3179 ¹²¹¹·
1611 3127 1766 3179 mmm·

174 3258 306 3314 tuosus.
329 3248 402 3313 Eos
423 3271 506 3315 vero
529 3252 624 3316 Deus
648 3252 768 3317 maluit
790 3252 856 3317 hoc
884 3264 1037 3337 ternpore
1060 3253 1166 3327 obire,
1191 3274 1233 3317 ne
1259 3253 1512 3336 impendentem

175 3362 259 3429 fidei
282 3365 494 3431 eversionem
517 3369 766 3450 conspicerent,
790 3379 848 3433 aut
862 3371 1050 3434 vindictam
1074 3370 1167 3433 illius
1189 3370 1405 3433 eversoribus
1428 3366 1513 3432 infe-

175 3482 329 3557 rendam,
346 3485 462 3548 debita
482 3487 612 3550 meritis
627 3489 698 3550 suis
713 3487 915 3561 reverentia,
932 3488 1149 3569 impedirent.
1165 3482 1236 3551 Sed
1251 3487 1339 3549 sicut
1354 3486 1513 3549 tractatio

175 3598 375 3682 disiungere
398 3620 464 3664 non
489 3602 591 3666 debet
614 3622 700 3684 quos
723 3601 802 3666 fidei
826 3604 1019 3666 communio
1043 3603 1198 3678 sociavit,
1221 3602 1270 3665 ita
1293 3611 1330 3664 ut
1352 3601 1396 3663 de
1418 3598 1514 3664 Cabai

175 3712 332 3780 Christos
354 3716 502 3791 interitu,
526 3719 585 3799 qui
607 3718 683 3781 dies
710 3719 859 3802 quinque
881 3718 1049 3801 posterior
1072 3715 1146 3791 fuit,
1166 3717 1261 3800 prius
1284 3736 1428 3802 agamus
1451 3736 1513 3780 nos

175 3838 212 3893 et
235 3828 329 3894 illius
352 3832 503 3916 dignitas
526 3843 560 3896 et
582 3853 678 3896 amor
701 3834 817 3897 multis
841 3835 987 3898 nutritus
1010 3832 1131 3898 officiis
1154 3834 1311 3916 impellit.

269 3968 297 4011 2.
322 3946 425 4011 Illum
449 3951 494 4012 ob
517 3949 602 4013 duas
625 3968 727 4032 rupes
749 3949 965 4014 Lastensium
993 3969 1075 4013 vere
1097 3951 1264 4034 superiori
1287 3958 1513 4033 expugnatas,
1575 3957 1650 4009 crue
1665 3957 1793 4009 cbristo·
1811 3956 1862 4009 Τί-

177 4072 213 4126 et
235 4081 340 4126 comu
363 4063 497 4128 dexteri
521 4063 730 4147 praefectum
755 4066 934 4130 obsidione
957 4067 1148 4139 liberatum,
1168 4067 1377 4130 remunerari
1392 4064 1514 4128 volens
1540 4028 1728 4152 mortem
1758 4044 1861 4093 'mm

175 4177 380 4262 Imperator,
400 4179 610 4243 Bellatinam
626 4178 738 4253 (imita,
756 4182 846 4245 idest
863 4183 1026 4245 maiorem
1042 4182 1165 4245 domus
1180 4201 1263 4245 suae
1279 4201 1513 4253 aeconomum,

177 4294 256 4358 Res
277 4295 437 4379 dignitati
460 4297 668 4380 proximum,
692 4300 831 4371 creavit,
855 4300 916 4362 sed
946 4319 1024 4362 cum
1050 4300 1095 4361 ad
1118 4318 1351 4363 successorem
1381 4299 1447 4380 ipsi
1478 4299 1513 4359 in

177 4409 327 4495 Tigraeo
349 4413 543 4494 principatu
570 4414 823 4497 subrogandum
854 4416 1077 4496 pervenisset,
1109 4416 1268 4478 omnibus
1298 4433 1354 4478 res
1384 4414 1514 4496 absque

179 4524 305 4591 affectu
335 4526 578 4592 trutinantibus
601 4529 715 4591 nullus
739 4529 826 4593 alius
849 4539 900 4593 est
928 4529 1074 4602 oblatus,
1105 4532 1163 4612 qui
1194 4539 1310 4611 posset
1339 4529 1515 4593 hiantibus

178 4642 289 4706 adhuc
305 4663 351 4708 ex
366 4641 492 4708 Teclae
508 4641 699 4728 Gueorguis
715 4654 750 4708 et
765 4648 1012 4710 rusticanorum
1027 4646 1215 4710 rebellione
1231 4646 1428 4711 vulneribus
1444 4664 1514 4707 me·

178 4757 297 4824 dicari.
320 4758 361 4823 In
383 4780 486 4843 quam
509 4763 715 4825 sententiam
738 4762 939 4825 clancularii
962 4762 1065 4825 etiam
1089 4762 1272 4825 Romanae
1290 4760 1370 4825 fidei
1385 4762 1514 4834 hostes,

178 4876 238 4957 qui
261 4895 339 4939 eum
363 4876 484 4941 abesse
507 4879 700 4960 cupiebant,
726 4879 862 4962 magnis
885 4878 1044 4941 laudibus
1062 4878 1184 4952 ierunt,
1208 4886 1245 4941 ut
1268 4879 1366 4941 illum
1383 4878 1426 4940 ab
1447 4876 1514 4939 Im·

176 5000 337 5074 peratore
360 5002 395 5057 et
417 4994 582 5057 castrensi
605 4993 807 5077 magistratu
842 4995 1063 5057 dimoverent.
1088 4993 1167 5057 Non
1191 4995 1281 5057 enim
1312 4995 1423 5057 minus
1454 5012 1514 5055 no·

178 5126 256 5172 cere
281 5108 468 5191 aliquando
490 5111 602 5174 solent
628 5109 808 5173 simulatae
838 5111 1052 5172 inimicorum
1084 5109 1212 5183 laudes,
1242 5129 1345 5191 quam
1376 5117 1515 5192 apertae

178 5223 429 5290 cavillationes.
453 5224 530 5289 Iure
553 5235 669 5289 tamen
692 5226 835 5289 iurando
858 5244 895 5287 se
919 5224 1109 5307 Imperator
1131 5226 1317 5288 obstrinxit
1340 5226 1392 5287 illi
1422 5246 1443 5287 a
1465 5244 1513 5298 se,
