4058 6178
562 593 626 635 200
895 585 1167 635 EXPEDITIONIS
1191 584 1450 635 AETHIOPICAE
1473 585 1552 635 ETC.

560 735 671 797 solum
694 733 866 803 catholici,
890 733 951 795 sed
974 732 1040 814 ipsi
1063 732 1273 796 schismatici
1287 743 1321 795 et
1338 731 1582 804 Mahometani,
1598 732 1644 794 ob
1662 732 1809 814 insignia
1824 733 1875 794 be·

561 848 682 913 neficia
704 870 724 913 a
748 849 822 913 Deo
847 848 996 931 ipsorum
1020 849 1211 931 patrocinio
1235 847 1426 930 impetrata,
1452 850 1697 930 impenderunt.

250 977 434 1024 uocantum
459 969 534 1020 inre·
650 983 679 1043 7.
703 964 868 1028 Locustas
890 962 1005 1029 forsan
1030 966 1215 1027 maximam
1249 963 1317 1027 Dei
1340 961 1576 1028 fortitudinem
1599 974 1696 1026 vates
1718 965 1807 1027 dixit
1828 965 1875 1044 (ι),

215 1041 533 1167 ῒέοωῖᾏὲῗιΐ
559 1084 640 1165 quia
662 1102 748 1163 quos
770 1082 814 1144 ad
837 1092 966 1144 rectum
989 1081 1123 1144 trahere
1147 1080 1375 1163 multiplicata
1398 1080 1505 1162 ipsius
1526 1078 1690 1143 beneficia
1707 1092 1876 1162 nequeunt,

561 1199 764 1262 locustarum
782 1195 958 1260 infestatio
974 1197 1128 1259 adduxit.
1146 1197 1212 1259 Tot
1228 1198 1318 1259 enim
1336 1198 1468 1260 duobus
1490 1197 1585 1259 hisce
1599 1197 1698 1259 annis
1721 1198 1756 1258 in
1772 1209 1877 1259 austro

494 1344 498 1353 »
560 1314 594 1376 in
617 1314 794 1395 provincia
816 1310 972 1375 Cabecai
995 1312 1066 1374 Nili
1093 1312 1259 1376 scatebris
1281 1310 1439 1375 finitima:
1464 1322 1497 1375 et
1521 1313 1556 1375 in
1579 1311 1740 1394 aquilone
1763 1313 1797 1375 in
1818 1312 1877 1374 Bu·

560 1430 651 1493 rensi
674 1441 795 1501 tractu,
819 1427 1013 1511 Erythraeo
1036 1430 1121 1492 mari
1145 1428 1268 1500 vicine,
1293 1440 1371 1493 sunt
1402 1440 1599 1510 conceptae,
1630 1440 1667 1491 ut
1694 1449 1791 1492 suum
1813 1430 1878 1510 ipse

561 1545 677 1608 nidum
700 1556 734 1608 et
759 1546 872 1607 omnia
897 1546 1003 1626 ipsius
1025 1555 1189 1617 armenta,
1214 1546 1371 1607 omuibus
1390 1546 1548 1607 arborum
1565 1544 1684 1616 comis,
1700 1542 1877 1615 fruticibus,

561 1662 677 1725 herbis
692 1671 725 1723 et
741 1662 906 1742 stirpibus
921 1662 1030 1724 erosis
1045 1662 1336 1741 consumpserint;
1363 1660 1487 1723 deinde
1503 1658 1627 1723 finibus
1642 1661 1713 1722 illis
1733 1678 1879 1743 egressae

561 1777 775 1839 Amasenum
799 1787 833 1840 et
857 1776 1050 1859 Agameam
1074 1797 1162 1858 pene
1185 1778 1404 1840 vastaverint.
1421 1775 1611 1847 Australes,
1632 1777 1713 1857 quia
1732 1777 1878 1845 minores,

561 1893 672 1955 minus
695 1890 859 1955 Golamae
876 1911 1033 1954 nocuere:
1057 1893 1284 1974 aquilonares,
1302 1894 1382 1973 quia
1397 1892 1605 1976 grandiores,
1622 1893 1738 1954 omnia
1752 1892 1880 1954 serratis

561 2009 720 2071 dentibus
743 2010 972 2072 demetebant.
997 2007 1091 2072 intra
1113 2029 1240 2091 paucos
1262 2009 1336 2072 dies
1359 2010 1528 2092 gregatim
1552 2009 1703 2090 quinque
1718 2009 1880 2071 semimor-

561 2136 693 2187 tuorum
718 2126 892 2187 hominum
916 2124 1027 2189 millia
1049 2124 1217 2189 Ganetam
1241 2137 1390 2196 tenuere,
1414 2143 1491 2187 cum
1514 2123 1589 2186 vias
1605 2124 1774 2186 sociorum
1791 2123 1879 2185 cada·

562 2238 701 2302 veribus
723 2251 913 2302 constratas
936 2239 1162 2321 reliquissent.
1187 2238 1227 2301 In
1249 2259 1336 2321 quos
1366 2240 1461 2302 illico
1491 2238 1682 2320 Imperator
1712 2240 1780 2301 duo
1808 2258 1880 2320 pan·

564 2374 681 2417 norum
714 2355 823 2417 millia
853 2366 887 2418 ot
919 2356 1026 2418 multa
1053 2353 1213 2418 frumenti
1237 2374 1342 2418 onera
1364 2356 1570 2437 dispertivit,
1594 2366 1628 2418 et
1659 2365 1820 2418 centenos
1847 2375 1880 2416 ac

562 2482 723 2533 centenos
747 2472 843 2533 iussit
867 2470 1013 2534 diversis
1035 2473 1214 2534 territoriis
1229 2471 1407 2553 hospitari.
1424 2470 1472 2534 Ut
1489 2481 1601 2533 autem
1618 2473 1755 2553 pinguis
1774 2485 1882 2534 venter

563 2607 630 2648 non
654 2586 766 2669 gignit
791 2598 938 2649 mentem
962 2600 1108 2659 tenuem,
1132 2589 1181 2650 sic
1206 2607 1333 2649 vacuus
1360 2588 1591 2650 acutissimam
1622 2597 1656 2649 et
1688 2607 1786 2649 aures
1814 2606 1881 2669 pro·

563 2702 667 2782 pitias
689 2702 812 2765 reddit.
835 2701 972 2765 Turmis
995 2703 1065 2766 illis
1087 2704 1321 2784 praedicatum
1345 2715 1379 2766 et
1403 2722 1505 2766 nemo
1527 2714 1611 2773 erat,
1626 2701 1685 2784 qui
1702 2722 1776 2764 cum
1798 2703 1882 2764 victu

563 2815 664 2880 fidem
688 2836 753 2879 non
779 2819 984 2881 admitteret.
1009 2815 1141 2881 Summi
1166 2837 1269 2901 supra
1291 2820 1406 2881 omnia
1428 2818 1543 2882 solatii
1578 2837 1632 2881 res
1663 2829 1737 2881 erat
1764 2819 1882 2881 tamin

564 2934 620 2996 via
643 2953 744 3014 quam
768 2936 803 2995 in
826 2952 965 2997 accessu
996 2932 1146 2998 infantes
1169 2935 1302 3007 intueri,
1331 2954 1410 2996 mox
1442 2936 1501 2997 ubi
1531 2935 1667 2997 lustrati
1697 2945 1810 2998 essent
1831 2936 1882 2996 ba·

564 3051 700 3131 ptismo,
724 3050 782 3111 vel
805 3059 881 3131 post
906 3050 1074 3112 modicum
1100 3050 1327 3122 intervallum,
1352 3052 1385 3112 in
1407 3051 1538 3113 coelum
1564 3051 1753 3114 avolantes.
1774 3049 1811 3112 In
1833 3049 1883 3112 Ti·

564 3184 704 3247 graeum
729 3183 871 3247 regnum
894 3185 956 3247 per
979 3164 1065 3228 illud
1088 3178 1223 3248 tempus
1246 3185 1278 3248 p.
1302 3164 1476 3235 Almeida,
1500 3164 1669 3228 sociorum
1693 3176 1773 3228 tunc
1792 3185 1882 3247 supe·

565 3283 644 3351 rior,
667 3280 869 3343 Fremonam
894 3281 1103 3351 visitaturus,
1127 3282 1304 3344 descendit
1328 3292 1362 3344 et
1386 3284 1512 3363 ubique
1536 3283 1569 3344 in
1593 3283 1782 3344 semineces
1814 3283 1884 3343 illos

566 3394 800 3458 famelicorum
824 3415 949 3478 greges
972 3398 1137 3469 incidens,
1169 3396 1318 3460 infantes
1349 3409 1383 3461 et
1407 3399 1533 3460 multos
1555 3417 1601 3460 ex
1629 3399 1756 3461 adultis
1782 3399 1883 3480 bapti·

565 3530 649 3583 sm0,
673 3521 707 3573 et
731 3512 829 3573 coelo
851 3514 967 3575 statim
992 3515 1159 3587 donabat;
1183 3525 1219 3576 ut
1244 3533 1362 3577 verum
1387 3524 1487 3585 esset,
1511 3516 1603 3595 quod
1619 3535 1640 3576 a
1655 3527 1734 3577 vate
1749 3514 1882 3576 dictum:

567 3627 676 3688 Deum
699 3628 742 3689 de
764 3647 801 3689 se
825 3627 910 3689 nihil
933 3630 1222 3712 interrogantibus
1244 3631 1432 3693 occurrisse
1455 3642 1488 3693 et
1513 3651 1534 3692 a
1556 3650 1623 3693 non
1653 3630 1885 3711 quaerentibus

567 3743 741 3805 inventurn
764 3743 817 3825 (2).

257 3860 389 3912 Monaesi
419 3869 447 3909 et
478 3874 540 3922 pre-
654 3854 703 3918 *8.
727 3856 993 3921 Lustrandarum
1017 3861 1238 3922 ecclesiarum
1258 3861 1350 3923 votis
1365 3860 1563 3923 Patriarcha
1578 3862 1817 3930 distinebatur,
1832 3860 1885 3923 sed
1907 3861 1921 3910 t.
1935 3854 1963 3913 ⁹⁶·

222 3930 539 4065 ῗὲῃέἷξέηἱωζῗηῗ
567 3973 783 4035 immaturum
806 3974 917 4035 adhuc
939 3986 1075 4056 tempus
1099 3995 1173 4037 esse
1196 3977 1434 4058 prudentiores
1457 3976 1690 4039 consulebant.
1726 3975 1774 4040 Et
1804 3996 1887 4039 com·

223 4075 313 4126 mini.
567 4090 701 4150 modius
724 4089 833 4151 visum
858 4099 921 4161 est,
945 4092 989 4152 ad
1012 4088 1138 4153 Christi
1159 4091 1299 4153 Domini
1315 4092 1521 4172 exemplum,
1538 4093 1597 4172 qui
1613 4093 1802 4174 discipulos
1816 4112 1887 4154 suos

567 4204 666 4266 binos
688 4206 846 4267 mittebat
871 4204 904 4266 in
929 4225 1063 4267 omnem
1087 4208 1263 4269 civitatem
1287 4218 1321 4269 et
1345 4208 1459 4270 locum
1482 4228 1550 4289 quo
1573 4219 1647 4270 erat
1672 4210 1744 4290 ipse
1780 4220 1888 4270 ventu-

568 4338 624 4381 rus
646 4320 699 4397 (3l,
723 4321 856 4401 aliquos
879 4333 1054 4401 spectatae
1077 4322 1168 4384 vitae
1192 4333 1225 4384 et
1250 4323 1425 4386 doctrinae
1448 4325 1670 4405 presbyteros
1694 4324 1733 4407 (si
1759 4325 1887 4406 quidem

568 4549 644 4611 loca
667 4551 849 4614 remotiora
872 4553 1097 4633 praemittere,
1113 4563 1150 4615 ut
1169 4554 1407 4636 ignorantibus
1422 4555 1603 4617 Romanae
1630 4553 1710 4617 fidei
1734 4558 1889 4640 dogmata

567 4677 804 4747 proponerent,
836 4667 973 4729 mollius
1007 4670 1051 4731 ab
1085 4670 1127 4731 iis
1157 4679 1276 4750 utpote
1307 4671 1478 4752 indigenis
1508 4680 1544 4733 et
1573 4671 1728 4734 eiusdem
1759 4673 1889 4753 linguae

567 4801 668 4861 quarn
692 4783 735 4844 ab
759 4783 905 4844 exoticis
927 4784 1106 4856 audienda,
1134 4805 1175 4847 ne
1206 4787 1273 4848 iam
1306 4786 1434 4849 duriori
1466 4788 1555 4869 apud
1587 4806 1646 4849 eos
1677 4787 1890 4851 Patriarchae

567 4899 704 4959 nomine
727 4909 760 4959 et
784 4896 947 4961 festinato
970 4901 1117 4963 adventu
1141 4910 1354 4965 terrerentur.

568 4444 700 4515 patrum
724 4437 872 4516 parcitas
895 4438 1009 4499 omnia
1032 4438 1292 4519 complectendo
1315 4459 1382 4501 non
1405 4439 1490 4517 erat)
1514 4441 1559 4502 ab
1581 4441 1658 4520 ipso
1682 4440 1838 4503 inunctos
1859 4441 1887 4500 in

656 5145 697 5211 (r)
717 5148 788 5203 lael..
808 5159 832 5204 2,
851 5164 875 5199 n.
897 5158 937 5209 25.
957 5177 991 5187 -
1011 5152 1048 5209 (ε)
1069 5151 1141 5208 lsai,
1160 5148 1202 5211 65,
1222 5166 1247 5201 n.
1269 5162 1297 5208 1;
1317 5152 1400 5209 Rom,
1422 5163 1462 5210 ro,
1482 5168 1506 5202 n.
1527 5163 1569 5205 ao.
1591 5180 1622 5190 —
1635 5152 1677 5220 (3)
1692 5155 1764 5211 Luc..
1782 5166 1821 5210 ro,
1834 5168 1856 5203 n.
1871 5161 1889 5198 1.
