4124 6182
249 1631 427 1680 Matutine
459 1632 534 1681 cele-

212 1701 300 1751 britas
339 1701 533 1765 rebaptizatio·

212 1772 259 1822 nis
289 1774 412 1823 Abunae.

245 2558 426 2621 Imperatoris
456 2562 532 2610 rebu-

210 2629 370 2694 pontionis
389 2630 469 2682 ritus.

242 4069 313 4118 Oleo
332 4069 477 4119 communi
496 4086 526 4119 a·

206 4153 275 4203 quas
293 4141 477 4204 perfundunt.

238 4762 271 4812 In
304 4775 524 4815 sacramento

201 4834 522 4886 Poenitentiaeerrores.

565 540 606 612 64
904 551 1175 600 EXPEDITIONIS
1199 551 1460 602 AETHIOPICAE
1485 554 1566 603 ETC.

564 697 771 760 ornamentis
795 697 903 760 induti
927 708 960 761 et
985 699 1137 781 psalmos
1153 701 1383 773 concinentes,
1399 701 1579 764 diaconum
1604 721 1738 764 crucem
1762 701 1902 764 sublimi

563 813 681 875 hastae
706 813 899 895 impositam
924 813 1171 895 praeferentem
1195 816 1422 898 insequentes,
1453 836 1629 899 quousque
1660 818 1756 880 illam
1789 817 1902 880 medio

563 931 662 992 alveo
676 927 839 1013 infigeret,
857 932 1116 994 comitabantur.
1132 931 1219 993 Turn
1233 951 1316 994 vero
1332 931 1428 995 iuxta
1444 931 1569 995 flumen
1585 943 1720 1015 praeter
1736 934 1902 1014 psalmoS,

562 1055 671 1108 totum
687 1046 838 1108 Aetuum
855 1046 1104 1128 Apostolorum
1121 1046 1256 1119 librum,
1272 1047 1329 1108 vel
1345 1057 1491 1128 quatuor
1505 1049 1688 1131 evangelia
1705 1048 1740 1110 in
1755 1058 1902 1130 quatuor

562 1173 683 1224 ventos
698 1162 850 1224 vicissim
867 1162 1023 1225 conversi
1040 1163 1296 1243 praelegebant,
1317 1163 1397 1225 dum
1414 1183 1473 1226 eos
1489 1161 1685 1227 refectionis
1702 1176 1760 1228 aut
1776 1165 1900 1247 quietis

562 1280 746 1340 necessitas
781 1298 848 1340 non
884 1277 1127 1359 interpellaret.
1163 1278 1247 1341 Post
1279 1291 1413 1341 noctem
1449 1280 1689 1361 intempestam
1723 1282 1901 1343 matutinis

561 1394 719 1474 precibus
742 1404 775 1456 et
800 1393 958 1477 liturgiae
982 1393 1086 1457 ieiuni
1109 1404 1211 1476 atque
1235 1395 1393 1457 abstemii
1425 1396 1663 1474 operabantur,
1687 1405 1721 1458 et
1744 1395 1899 1458 nonnulli

561 1511 729 1592 (quamvis
752 1510 960 1593 paucissimi)
984 1511 1223 1592 exomologesi
1247 1511 1397 1573 animum
1421 1512 1623 1593 purgabant.
1648 1509 1707 1572 Ad
1731 1511 1815 1572 solis
1842 1531 1900 1592 ap-

560 1628 694 1708 pulsum
718 1646 837 1688 omnes
861 1626 896 1688 in
920 1646 1042 1708 aquam
1067 1628 1307 1699 convolabant,
1332 1637 1366 1689 et
1389 1626 1526 1697 Abuna,
1554 1626 1628 1689 sive
1656 1627 1899 1688 monachorum

560 1743 727 1824 princeps
753 1743 841 1814 oleo,
866 1743 958 1823 quod
982 1741 1050 1823 ipsi
1073 1751 1229 1805 sanctum
1253 1753 1378 1804 vocant
1396 1743 1467 1824 (sed
1483 1742 1578 1805 nulla
1602 1743 1671 1805 alia
1693 1742 1802 1824 pollet
1823 1761 1899 1804 san·

560 1860 676 1921 ctitate
699 1878 801 1939 quam
824 1879 875 1931 ea,
899 1879 1000 1940 quam
1025 1859 1138 1921 hausit
1161 1880 1181 1921 a
1205 1879 1306 1920 manu
1330 1859 1496 1921 institoris
1520 1858 1761 1930 mahometem,
1787 1879 1807 1920 a
1831 1878 1899 1939 quo

559 1986 710 2055 emptum
743 1973 828 2057 fuit),
861 1993 995 2037 crucem
1027 1974 1132 2036 illinit
1155 1984 1189 2035 et
1220 1994 1342 2055 aquam
1372 1974 1406 2037 in
1437 1974 1574 2036 nomine
1605 1975 1719 2036 Patris
1750 1984 1786 2036 et
1817 1973 1898 2036 Filii

559 2100 594 2151 et
621 2089 770 2171 Spiritus
801 2087 931 2161 Sancti,
963 2092 1021 2172 qui
1053 2111 1139 2152 unus
1170 2100 1221 2152 est
1253 2090 1358 2163 Deus,
1390 2089 1496 2153 semel
1528 2100 1561 2152 et
1593 2092 1713 2152 iterum
1738 2087 1898 2160 diffindit,

559 2226 701 2286 eamque
725 2205 783 2268 alii
807 2206 956 2278 tradens,
981 2207 1056 2269 solo
1080 2208 1263 2287 campestri
1279 2216 1313 2268 et
1329 2207 1474 2268 aliorum
1498 2206 1765 2268 ministrantium
1782 2205 1898 2287 palliis

559 2322 592 2383 in
617 2322 734 2385 orbem
757 2324 924 2403 protentis
946 2332 1067 2394 tectus
1092 2323 1126 2384 in
1150 2342 1274 2404 aquam
1297 2323 1341 2384 ad
1364 2333 1484 2404 pectus
1509 2323 1565 2384 vel
1589 2320 1706 2385 lauces
1730 2321 1898 2403 irrumpit,

559 2449 592 2500 et
616 2438 748 2500 duobus
771 2458 908 2501 manum
932 2457 1035 2520 supra
1059 2439 1166 2519 ipsius
1196 2448 1298 2520 caput
1327 2439 1559 2510 tendentibus,
1591 2457 1653 2501 nec
1685 2449 1800 2501 tamen
1824 2448 1897 2500 tan·

559 2553 718 2635 gentibus
741 2564 775 2615 et
798 2554 980 2635 Baptisimi
1004 2553 1150 2616 formam
1173 2555 1418 2635 repetentibus
1434 2554 1521 2616 illud
1540 2563 1592 2616 ter
1608 2553 1791 2636 immergit.
1808 2552 1895 2614 Tum

559 2670 679 2730 eodem
703 2668 768 2732 ritu
791 2689 853 2752 per
875 2690 954 2733 suos
977 2672 1113 2753 gradus
1138 2670 1304 2752 depositis
1327 2670 1466 2732 omnino
1489 2670 1653 2741 vestibus,
1669 2689 1791 2732 omnes
1807 2667 1896 2730 ordi·

559 2784 658 2845 nibus
681 2785 858 2856 auctorati,
881 2804 964 2846 mox
987 2783 1121 2865 profani
1147 2795 1180 2846 et
1203 2786 1333 2865 primus
1357 2783 1526 2846 intereos
1549 2784 1748 2865 imperator,
1765 2805 1807 2847 eo
1823 2797 1895 2847 tan-

558 2910 628 2960 tum
653 2920 673 2961 a
696 2901 839 2961 caeteris
863 2901 1038 2969 discretus,
1063 2901 1154 2982 quod
1178 2922 1198 2961 a
1222 2900 1361 2983 cingulo
1385 2902 1428 2961 ad
1452 2902 1557 2981 pedes
1580 2900 1687 2963 linteo
1707 2902 1895 2963 obnubere·

556 3025 620 3075 tur.
646 3012 729 3075 Inde
753 3035 788 3076 se
812 3015 847 3075 in
871 3016 1138 3085 tabernaculum,
1163 3025 1196 3078 et
1219 3026 1296 3096 post
1313 3016 1422 3096 ipsum
1439 3016 1594 3085 curiales,
1612 3015 1656 3076 ad
1672 3017 1895 3097 spectandam

556 3132 801 3211 emergentium
826 3132 1025 3199 nuditatem,
1049 3130 1269 3213 colligebant.
1293 3128 1394 3211 Quod
1417 3132 1460 3192 ad
1481 3151 1607 3193 nonum
1631 3133 1822 3212 praesentis
1844 3152 1895 3193 se·

555 3244 624 3306 culi
658 3265 783 3307 annum
818 3247 964 3316 duravit,
996 3266 1071 3308 curn
1103 3248 1288 3327 imperator
1318 3244 1436 3309 Seltan
1460 3246 1648 3329 Seguedus,
1678 3249 1895 3309 monentibus

556 3358 739 3423 Societatis
755 3361 833 3424 Iesu
856 3364 1020 3443 patribus,
1044 3363 1226 3424 barbarum
1249 3381 1378 3425 morem
1402 3372 1586 3443 pertaesus,
1603 3382 1645 3423 eo
1669 3363 1767 3425 iussit
1791 3364 1893 3424 absti-

556 3478 638 3550 neri,
662 3479 722 3538 sed
746 3497 822 3540 cum
846 3488 1037 3541 extremum
1062 3480 1153 3540 diem
1177 3479 1308 3549 clausit,
1335 3479 1464 3541 iseum
1488 3478 1629 3559 reliquis
1656 3496 1750 3540 error
1781 3480 1893 3559 repul·

555 3593 685 3655 lulavit.
710 3592 779 3664 Me,
803 3593 992 3656 haereticas
1016 3595 1217 3656 insanientis
1232 3596 1350 3675 populi
1368 3593 1610 3655 bacchationes
1625 3595 1803 3663 vitantem,
1821 3593 1892 3656 Me·

555 3707 706 3779 characa,
721 3711 823 3772 maris
836 3708 1033 3772 Dambaeae
1049 3710 1169 3781 insula,
1187 3710 1378 3780 claudebat,
1397 3710 1453 3770 ubi
1471 3709 1637 3790 magister
1656 3709 1892 3790 eutychianus,

554 3845 633 3887 num
658 3827 739 3905 quid
763 3827 924 3888 haberem
949 3827 1026 3895 olei,
1051 3825 1196 3908 rogavit.
1221 3825 1310 3907 Ego,
1335 3845 1411 3886 cum
1428 3826 1534 3887 satius
1551 3834 1641 3886 esset
1657 3835 1692 3885 ut
1710 3825 1797 3886 iilud
1814 3838 1891 3886 tunc

553 3952 726 4023 gestarem
757 3943 791 4003 in
823 3942 983 4009 auricula,
1009 3942 1100 4004 illius
1132 3942 1298 4022 propositi
1325 3944 1490 4011 nesciens,
1515 3938 1646 4002 affatim
1675 3959 1721 4001 ex
1745 3940 1892 4003 lusitana

553 4058 718 4137 amphora
742 4058 852 4138 promi
878 4059 970 4119 iussi.
995 4058 1064 4119 Sed
1092 4078 1168 4119 cum
1200 4077 1268 4118 non
1301 4057 1407 4118 multo
1438 4068 1516 4137 post
1547 4056 1707 4118 lustricae
1740 4056 1890 4137 ipsorum

553 4170 658 4233 feriae
682 4171 898 4243 affulsissent,
922 4174 1091 4253 sepultam
1116 4184 1255 4233 eatenus
1279 4173 1581 4252 rebaptizationem
1607 4170 1772 4252 magister
1790 4173 1888 4241 idem,

553 4285 660 4349 effuso
685 4288 779 4370 large
804 4290 836 4348 iu
862 4289 1022 4368 paludem
1046 4288 1134 4358 oleo,
1159 4288 1348 4358 renovavit,
1372 4288 1464 4369 quod
1488 4307 1565 4349 cum
1586 4306 1768 4349 commune
1791 4296 1888 4355 esset,

553 4422 615 4463 nec
639 4404 825 4484 episcopali
849 4405 999 4465 carmine
1022 4401 1173 4473 effatum,
1197 4402 1380 4464 ridibunda
1404 4404 1446 4465 ad
1471 4402 1736 4464 contubernales
1755 4402 1890 4465 mulier-

553 4520 630 4578 cula
653 4520 831 4581 clamavit:
857 4517 888 4581 O
913 4522 1037 4580 laetam
1062 4521 1170 4581 diem!
1195 4519 1249 4580 En
1273 4520 1372 4581 nobis
1394 4530 1471 4600 post
1495 4538 1618 4580 novem
1646 4538 1756 4581 annos
1786 4515 1891 4580 Kabai

552 4632 702 4704 *Kedds
728 4635 827 4705 idest,
851 4645 1006 4697 sanctum
1031 4637 1153 4707 oleum,
1178 4637 1313 4698 redivit.

642 4753 671 4811 ὁ.
697 4750 908 4814 Sacramenti
933 4751 1166 4814 Paenitentiae
1189 4771 1286 4813 usum
1311 4772 1377 4813 non
1398 4753 1515 4833 exigui
1532 4768 1664 4812 errores
1680 4751 1891 4823 lacerabant,

552 4868 668 4946 paucis
692 4877 908 4947 peccatorum
932 4867 1065 4947 species
1089 4878 1123 4928 et
1146 4887 1320 4929 numerum
1344 4867 1605 4948 exponentibus
1630 4866 1891 4948 generatimque

551 4983 758 5043 dicentibus:
787 4982 941 5055 peccavi,
971 5003 1024 5044 me
1045 4983 1203 5053 absolve;
1227 4993 1261 5044 et
1284 4979 1491 5043 confessioni
1516 4982 1640 5043 solutio
1668 4983 1893 5065 congruebat.

551 5099 729 5160 Attentior
753 5110 866 5160 tamen
883 5097 1111 5161 confessarius
1127 5100 1310 5179 aliquando
1326 5100 1469 5178 rogabat
1486 5098 1646 5177 aquibus
1669 5098 1893 5160 accedentem
