4066 6184
556 594 620 661 310
888 588 1161 644 EXPEDITIONIS
1184 588 1445 644 AETHIOPICAE
1471 588 1551 643 ETC.

554 743 646 824 quod
669 743 713 805 ab
729 742 851 805 eodem
874 742 918 805 ad
933 741 1021 806 hanc
1036 742 1266 824 suspicionem
1282 740 1496 815 abolendam,
1513 740 1671 804 consulto
1685 748 1721 804 et
1736 739 1886 820 cogitato

555 860 712 922 iuratum.

241 984 312 1037 siu·
341 980 462 1034 turim
491 981 528 1032 et
575 968 578 973 ⁴
643 978 676 1038 6.
699 975 819 1039 Patres
840 973 1055 1039 Collelenses
1077 984 1111 1039 et
1138 972 1356 1039 Nebessaeos
1371 975 1405 1037 in
1429 982 1612 1058 angustum
1634 972 1721 1037 haec
1744 973 1885 1036 rebellio

206 1055 392 1179 ‘lgm
412 1063 528 1119 μω·
554 1093 678 1173 coegit.
703 1091 922 1173 Imperatoris
945 1091 1036 1154 enim
1059 1100 1094 1155 et
1116 1088 1196 1154 fidei
1230 1091 1384 1154 desertor
1406 1091 1572 1173 postridie
1602 1090 1683 1153 iacti
1714 1087 1885 1171 praeconii

555 1207 589 1270 in
613 1217 797 1290 prospectu
820 1206 1023 1271 residentiae
1044 1217 1080 1271 et
1103 1206 1224 1289 templi
1241 1205 1395 1271 Collelae
1417 1226 1478 1271 sua
1501 1204 1579 1270 fixit
1600 1206 1761 1278 tentoria,
1777 1215 1813 1268 et
1830 1224 1886 1287 pa·

554 1333 623 1387 tres
646 1323 681 1387 in
704 1335 802 1406 septa
826 1324 924 1408 (quae
947 1324 1027 1387 licet
1050 1344 1096 1387 ex
1118 1325 1233 1388 soluto
1257 1322 1373 1406 lapide
1395 1332 1576 1405 compacta
1597 1331 1723 1394 essent,
1750 1320 1887 1384 tricubi-

553 1440 635 1504 talis
656 1451 752 1503 erant
774 1439 1010 1504 crassitudinis
1032 1448 1067 1505 et
1086 1439 1259 1522 aliquibus
1274 1439 1545 1523 propugnaculis
1555 1458 1646 1505 saxu
1657 1447 1692 1502 et
1708 1437 1806 1501 caloe
1819 1436 1888 1499 eol·

554 1556 672 1640 ligatis
695 1566 729 1619 et
753 1555 847 1620 fossa
870 1556 1101 1620 circumducta
1122 1554 1340 1641 tegebantur)
1362 1574 1482 1618 omnes
1496 1554 1689 1627 Lusitanos,
1706 1554 1889 1639 populares

554 1682 589 1735 et
603 1670 766 1754 quidquid
784 1671 1034 1754 suppellectilis
1049 1672 1165 1735 invehi
1180 1672 1301 1754 potuit,
1318 1670 1541 1735 tumultuarie
1556 1671 1790 1743 advocatum
1814 1689 1888 1732 nam

553 1789 645 1869 quod
668 1785 836 1870 superfuit
870 1788 1012 1851 militari
1033 1789 1216 1871 rapacitati
1246 1789 1442 1871 expositum
1469 1786 1645 1851 remansit.
1677 1786 1745 1849 Ille
1775 1796 1887 1849 tamen

555 1905 710 1986 patribus
733 1906 881 1968 nuntiari
904 1906 1011 1977 iussit,
1036 1905 1152 1968 omnia
1174 1925 1211 1968 se
1242 1925 1288 1967 ex
1312 1904 1483 1986 Principis
1509 1904 1654 1986 imperio
1677 1920 1804 1985 agere;
1827 1903 1888 1984 ipsi

553 2020 740 2102 tranquillo
763 2031 877 2085 essent
901 2023 1025 2091 animo,
1049 2040 1126 2085 cum
1150 2020 1280 2084 nullius
1302 2040 1414 2084 noxae
1437 2019 1649 2084 conscientia
1667 2028 1890 2103 gravarentur

555 2156 618 2199 nec
641 2137 733 2201 ultro
755 2138 790 2199 in
814 2136 1039 2220 Aethiopiam
1061 2138 1123 2201 sed
1146 2138 1191 2199 ab
1213 2137 1424 2219 Imperatore
1455 2137 1568 2199 vocati
1599 2136 1833 2207 advenissent,
1857 2135 1889 2197 in

553 2272 659 2317 anum
680 2254 796 2316 locum
820 2273 898 2317 cum
920 2252 1095 2317 Lusitanis
1117 2264 1151 2317 et
1175 2252 1354 2317 catholicis
1381 2252 1607 2336 colligendos,
1637 2252 1694 2315 vel
1719 2250 1754 2313 in
1777 2250 1890 2315 naula

555 2369 677 2442 solum,
700 2371 729 2432 si
753 2370 872 2441 velint,
902 2367 971 2432 fido
1002 2389 1079 2434 cum
1110 2370 1275 2434 satellitio
1305 2369 1546 2432 demittendos.
1578 2368 1699 2431 Fidem
1732 2367 1778 2430 ab
1809 2366 1891 2448 ipsis

555 2485 726 2557 traditam,
749 2487 1011 2568 syncerissimae
1035 2486 1190 2550 veritatis
1212 2506 1288 2549 esse
1312 2486 1507 2557 medullam,
1525 2486 1661 2567 sibique
1692 2483 1891 2547 medullitus

556 2599 707 2671 infixam,
732 2622 769 2664 se
792 2622 881 2665 nunc
903 2602 1032 2685 popelli
1050 2623 1167 2665 cocum
1185 2622 1270 2673 esse,
1287 2603 1384 2665 cuius
1399 2602 1516 2683 palato
1532 2610 1668 2683 gratum
1684 2599 1730 2664 sit
1746 2608 1891 2663 tantum·

557 2718 659 2779 modo
682 2718 817 2799 nigrum
840 2737 976 2782 suorum
999 2737 1142 2781 avorum
1166 2719 1219 2780 ius
1242 2738 1263 2781 a
1286 2717 1368 2780 Nilo
1390 2728 1425 2780 et
1449 2738 1470 2780 a
1492 2716 1674 2787 montibus,
1699 2726 1735 2779 et
1757 2717 1890 2798 placen·

555 2845 612 2897 tae
635 2835 891 2907 subcinericiae,
915 2835 971 2897 vel
994 2835 1260 2897 semiustulatae.
1281 2830 1380 2897 Scire
1403 2853 1440 2897 se
1460 2853 1482 2895 a
1496 2834 1652 2915 patribus
1667 2832 1804 2914 aliquos
1819 2831 1891 2894 Ras

555 2946 637 3012 Salei
649 2947 805 3012 Christus
816 2968 923 3032 equos
938 2960 972 3013 et
987 2947 1115 3014 ferreas
1128 2948 1259 3013 fistulas
1274 2951 1454 3013 custodiri:
1472 2949 1693 3012 vehementer
1704 2947 1891 3032 efflagitare

557 3078 592 3128 ut
616 3066 682 3129 sibi
706 3065 939 3128 exhibeantur.
971 3066 1092 3129 Patres
1122 3068 1157 3128 id
1187 3069 1343 3148 responsi
1366 3066 1607 3138 reddiderunt;
1634 3084 1827 3127 sermonem
1850 3065 1891 3126 de

557 3200 664 3263 regno
687 3180 730 3243 ad
754 3200 790 3243 se
815 3202 881 3243 non
905 3191 1077 3263 spectare;
1101 3181 1167 3245 Dei
1191 3201 1267 3245 esse
1291 3185 1346 3244 cui
1369 3182 1454 3245 velit
1485 3182 1530 3245 ad
1560 3181 1725 3244 maiorem
1760 3180 1814 3243 sui
1837 3200 1891 3242 no·

558 3297 658 3358 minis
681 3295 827 3379 gloriam
851 3296 979 3379 largiri.
1005 3295 1125 3359 Fidem
1149 3317 1230 3361 suae
1254 3317 1356 3361 curae
1378 3316 1463 3369 esse,
1494 3316 1596 3378 quam
1628 3295 1696 3378 ipsi
1727 3295 1892 3358 maximo·

557 3431 638 3493 pere
661 3412 956 3482 commendabant,
981 3412 1149 3493 siquidem
1174 3415 1261 3476 adeo
1279 3413 1397 3475 utilem
1414 3414 1657 3495 pernoscebat:
1681 3422 1892 3494 perveterem

557 3528 743 3590 amicitiam
768 3528 888 3590 iterum
913 3539 1016 3608 atque
1039 3530 1161 3591 iterum
1178 3530 1327 3611 precari;
1344 3529 1389 3591 ab
1405 3528 1589 3612 exigendis
1605 3527 1682 3591 Ras
1699 3525 1785 3591 Sele
1799 3527 1893 3591 Chri·

558 3642 631 3706 stds
653 3645 750 3725 equis
772 3652 806 3707 et
840 3642 963 3706 fistulis
997 3645 1188 3715 absisteret,
1216 3664 1293 3706 cum
1320 3641 1401 3708 furti
1432 3646 1562 3707 crimen
1592 3645 1637 3707 sit
1667 3662 1725 3707 res
1755 3645 1893 3713 alienas,

559 3760 684 3840 ingrati
709 3758 824 3831 animi,
847 3761 1033 3823 amicorum
1057 3761 1214 3842 deposita
1236 3770 1271 3822 et
1302 3758 1507 3841 proditionis
1537 3777 1621 3841 erga
1649 3758 1894 3841 Imperatorem

558 3885 593 3937 et
615 3872 754 3937 fratrem
777 3893 872 3937 arma
895 3876 1045 3957 ipsorum
1070 3862 1227 3939 hostibus
1250 3876 1521 3939 subministrare.
1545 3874 1700 3938 Minatus
1715 3884 1769 3938 est
1786 3874 1847 3937 ille
1860 3894 1895 3936 se

559 3992 594 4053 vi
618 4001 843 4061 extorturum
867 3991 926 4052 sed
950 3991 1124 4063 abstinuit,
1148 3993 1205 4054 vel
1228 3993 1309 4073 quia
1331 3990 1419 4055 vidit
1442 3990 1619 4073 negotium
1637 3990 1746 4053 multo
1763 4001 1894 4053 consta·

559 4117 670 4169 turum
693 4107 867 4188 sanguine,
891 4106 947 4168 vel
970 4109 1051 4188 quia
1070 4110 1260 4171 retardatus
1283 4116 1336 4170 est
1352 4107 1470 4188 aliqua
1486 4108 1521 4170 in
1537 4115 1673 4188 patrem
1696 4104 1893 4170 Catualium

560 4212 790 4293 observantia,
810 4222 876 4292 vel,
900 4221 993 4303 quod
1016 4233 1067 4285 est
1089 4224 1224 4295 certius,
1248 4224 1330 4304 quia
1359 4223 1516 4307 urgendo
1546 4233 1686 4305 tempus
1722 4242 1789 4286 non
1814 4232 1893 4289 crat

561 4355 635 4398 cum
660 4339 762 4399 sciret
785 4336 980 4418 Principem
1003 4336 1107 4398 adse
1130 4337 1376 4419 insequendum
1402 4348 1571 4402 maturate
1595 4338 1809 4421 praeparari.

250 4462 400 4514 Nenenene
421 4472 536 4526 patre·
651 4447 700 4529 *7.
736 4450 795 4513 Ad
830 4460 946 4533 patres
976 4450 1192 4514 Nebessaeos
1218 4453 1426 4535 expilandos
1450 4466 1485 4517 et
1509 4455 1649 4518 domum
1674 4454 1892 4537 spoliandam
1916 4464 1932 4515 t.
1944 4468 1983 4523 14:-

216 4534 379 4655 liparim.
397 4532 536 4583 mitiusue
562 4565 680 4627 ducem
705 4585 781 4628 cum
805 4568 966 4630 trecentis
989 4567 1154 4630 militibus
1176 4569 1364 4650 praemisit,
1386 4590 1533 4652 quorum
1560 4572 1686 4654 viginti
1717 4567 1895 4653 praefesti-

562 4691 691 4751 nantes,
716 4681 797 4743 illuc
820 4683 883 4744 sub
906 4702 1086 4764 vesperum
1110 4684 1314 4765 appulerunt
1336 4695 1379 4757 et,
1397 4686 1453 4749 vel
1469 4695 1611 4768 propter
1626 4687 1785 4750 diurnam
1801 4684 1896 4749 lassi·

562 4798 725 4867 tudinem,
749 4796 806 4859 vel
829 4800 919 4878 quod
942 4799 1007 4861 soli
1031 4807 1145 4880 patres
1168 4800 1296 4893 adorifi
1320 4821 1387 4864 non
1408 4802 1583 4874 auderent,
1600 4813 1635 4865 et
1660 4802 1776 4865 socios
1803 4821 1895 4884 prae·

562 4913 776 4983 stolarentur,
801 4912 835 4974 in
859 4914 988 4976 vicinas
1008 4915 1129 4977 domos
1152 4915 1373 4988 diverterunt,
1397 4918 1456 4980 ubi
1473 4916 1609 4981 liberali
1626 4937 1737 4981 coena
1751 4928 1787 4981 et
1802 4935 1896 5000 gran·

563 5027 715 5089 dioribus
737 5028 871 5108 poculis
893 5027 1036 5099 invitati,
1062 5032 1188 5114 absque
1212 5032 1284 5095 ulla
1306 5042 1436 5096 tortura
1458 5034 1642 5096 veritatem
1666 5034 1703 5097 in
1725 5033 1809 5097 vino
1824 5051 1895 5129 esse

564 5142 761 5211 docuerunt,
785 5144 828 5205 ad
852 5144 933 5223 quid
956 5146 1052 5206 missi
1075 5156 1187 5209 essent
1211 5167 1289 5210 cum
1313 5149 1454 5230 crapula
1484 5149 1700 5213 exhalantes.
1724 5128 1893 5227 Patres'a
