4166 6182
744 593 1013 644 INTRODUCTIO
1486 597 1543 646 VII

208 741 310 815 buius
339 741 481 816 silentii
511 742 689 838 comperi.
720 743 777 814 Ex
810 742 868 815 his
900 742 1000 815 enim
1030 757 1133 838 patet
1160 757 1303 839 patrem
1333 744 1382 816 da
1410 744 1542 818 Rocha

209 874 300 947 male
328 900 369 948 se
398 875 564 972 gessisse
592 890 632 948 ut
659 875 859 970 religiosus
888 890 926 950 et
944 876 1185 972 postmodum
1205 875 1258 950 uti
1277 877 1479 973 episcopus
1498 902 1541 950 ac

207 1008 430 1105 praepositis
458 1007 658 1082 Societatis
686 1034 760 1082 nou
792 1034 928 1105 parvas
948 1009 1139 1083 molestias
1157 1009 1365 1084 lacessisse.

284 1165 318 1238 4.
350 1141 497 1216 Electio
525 1141 635 1216 huius
663 1141 732 1215 viri
762 1142 798 1215 in
829 1143 1050 1239 episcopum
1081 1143 1340 1239 aPraeposito
1366 1143 1540 1217 Generali

209 1277 363 1370 probata
392 1301 466 1349 non
496 1275 576 1361 fuit,
606 1276 695 1372 quia
723 1277 771 1350 de
800 1276 964 1350 hominis
993 1276 1197 1350 ambitione
1231 1275 1303 1373 ipsi
1334 1278 1540 1363 constabat,

209 1410 376 1505 adeoque
405 1410 506 1506 apud
536 1409 753 1484 Pontificem
784 1410 864 1505 egit
891 1426 931 1484 ut
959 1410 1106 1484 litterae
1135 1410 1376 1507 apostolicae,
1407 1411 1543 1507 quibus

94 1620 102 1637 ,
207 1542 285 1617 eius
311 1542 448 1617 electio
476 1544 769 1628 confirmaretur,
804 1544 935 1618 saltem
974 1545 1022 1617 ad
1060 1544 1162 1617 aliud
1198 1559 1347 1641 tempus
1383 1544 1543 1618 remitte·

208 1689 342 1761 rentur,
372 1691 411 1751 et
443 1700 510 1773 per
546 1675 775 1750 visitatorem
805 1675 994 1750 Indiarum
1025 1676 1133 1752 iussit
1162 1693 1306 1774 patrem
1334 1678 1383 1750 da
1412 1678 1544 1752 Rocha

209 1809 244 1882 in
270 1809 515 1905 Aethiopiam
539 1808 789 1883 transmittere
808 1811 941 1883 eadem
961 1810 1117 1884 omnino
1136 1810 1354 1884 conditione
1372 1810 1541 1884 habitum

210 1967 252 2016 ac
280 1943 393 2017 ceteri
423 1957 548 2038 patres
575 1942 639 2038 qui
659 1942 912 2017 Patriarcham
933 1943 1219 2018 comitabantur.
1241 1943 1366 2017 Primo
1389 1943 1540 2039 quidem

215 2075 315 2150 visus
343 2092 401 2150 est
429 2075 494 2149 ille
522 2076 593 2150 hoc
622 2076 863 2173 Superiorum
893 2076 1091 2173 imperium
1125 2077 1288 2163 demisse
1307 2076 1479 2173 excipere
1506 2092 1544 2151 et

210 2211 256 2282 ad
272 2210 466 2283 vitandam
499 2225 736 2283 externorum
756 2210 1044 2283 admirationem
1065 2210 1102 2283 in
1122 2210 1356 2285 Salsetanam
1377 2210 1537 2285 insulam

209 2343 393 2417 concessit
412 2344 476 2440 (1).
506 2343 644 2416 Verum
683 2369 768 2418 cum
806 2359 954 2440 tempus
991 2369 1125 2418 navem
1163 2343 1441 2418 conscendendi
1470 2344 1542 2417 Ae·

209 2476 389 2573 thiopiam
419 2501 549 2551 versus
576 2476 802 2563 advenisset,
833 2479 930 2551 clam
959 2503 1000 2551 se
1028 2477 1206 2552 subduxit
1233 2491 1270 2550 et
1302 2476 1452 2550 militari
1480 2477 1543 2549 ha-

209 2610 285 2683 bitu
311 2610 429 2707 (quod
459 2609 616 2708 mireris)
646 2610 807 2697 indutus,
840 2612 1045 2685 Mascatem
1078 2610 1234 2707 aufugit.
1273 2610 1358 2683 Hoc
1396 2609 1543 2683 facinus

211 2768 281 2817 non
310 2743 452 2841 exigua
479 2742 689 2818 offensione
717 2759 943 2841 acceperunt
971 2746 1073 2819 cives
1095 2743 1223 2839 goani‚
1245 2742 1296 2816 ita
1319 2758 1359 2816 ut
1377 2742 1459 2838 ipse
1476 2768 1544 2839 gu·

211 2879 382 2951 bernator
411 2877 601 2951 Indiarum
621 2878 718 2975 Regi
737 2878 929 2975 scripserit
948 2892 1091 2975 patrem
1112 2878 1161 2950 da
1183 2878 1313 2950 Rocha
1335 2875 1542 2972 episcopali

210 3011 350 3085 muneri
381 3024 511 3106 aptum
541 3037 615 3085 non
635 3037 730 3097 esse,
751 3011 911 3107 ideoque
931 3011 1210 3108 expeditionem
1231 3010 1434 3084 litterarum
1455 3034 1543 3105 apo·

209 3144 439 3219 stolicarum.
454 3144 608 3218 omnino
636 3144 918 3242 impediendam
947 3161 984 3219 et
1003 3145 1221 3241 Praeposito
1240 3143 1439 3219 Societatis
1457 3168 1544 3217 con·

209 3280 407 3353 sulendum
437 3293 477 3351 ut
514 3278 635 3375 ipsum
673 3294 817 3375 patrem
856 3279 952 3354 intra
988 3279 1150 3353 claustra
1176 3292 1369 3352 revocaret
1385 3276 1450 3373 (2).
1479 3277 1545 3349 At·

286 3504 333 3582 (1)
357 3505 470 3581 «Aqui
491 3514 598 3565 tomou
618 3526 638 3565 o
659 3508 754 3582 padre
776 3506 850 3565 Ioao
871 3507 912 3564 da
933 3506 1040 3565 Rocha
1061 3524 1080 3564 a
1101 3505 1311 3564 bombardada
1332 3522 1392 3580 que
1413 3504 1452 3561 de
1467 3504 1496 3561 la
1510 3521 1543 3561 se

208 3605 255 3663 lhe
275 3612 414 3674 acertou,
436 3590 505 3662 bem
527 3605 683 3663 merecida
703 3606 744 3663 do
763 3604 879 3681 juveni}
901 3606 991 3662 ardor
1012 3623 1082 3663 com
1103 3621 1163 3678 que
1184 3622 1217 3661 se
1238 3620 1415 3677 arremecou
1435 3620 1474 3659 au
1496 3620 1545 3661 ro·

207 3713 283 3773 xete,
305 3722 373 3762 sem
394 3703 451 3760 dar
471 3720 528 3778 por
549 3703 639 3761 todos
660 3705 784 3779 aquales
805 3721 824 3760 a
844 3720 903 3777 que
925 3703 1002 3760 mais
1023 3703 1122 3760 devia.
1145 3700 1213 3759 Mas
1233 3701 1292 3759 elle
1320 3701 1439 3758 aseitou
1467 3700 1542 3758 tudo

208 3803 246 3861 de
280 3806 332 3861 tao
365 3803 428 3860 boa
461 3801 595 3860 vontade
626 3820 643 3859 e
674 3820 744 3860 com
779 3811 865 3860 tanta
895 3802 1074 3877 resignacao
1105 3798 1165 3875 que
1196 3817 1316 3857 merece
1347 3817 1407 3874 que
1442 3796 1544 3856 Nosso

209 3898 305 3958 Padre
326 3899 434 3975 ponha
455 3916 490 3959 os
511 3899 601 3958 olhos
621 3900 703 3957 nelle
724 3917 741 3956 e
762 3918 803 3957 na
823 3899 1025 3957 necessidade
1047 3899 1088 3956 da
1115 3898 1211 3973 igreja
1238 3898 1277 3954 de
1305 3896 1451 3971 Ethiopia
1471 3913 1545 3971 pera

209 4015 226 4054 a
246 3997 318 4073 qual
338 3997 528 4073 julgandoce
549 4014 588 4055 ao
609 3997 763 4073 principio
784 4015 843 4071 que
864 4000 935 4053 erao
962 3997 1151 4054 necessarios
1175 3995 1320 4053 hombros
1348 3995 1387 4052 de
1414 4003 1483 4064 tres,
1505 4011 1545 4052 ao

209 4106 350 4171 presente
371 4095 413 4153 ha
433 4090 467 4153 sd
489 4113 524 4154 os
545 4113 631 4154 meus
652 4105 715 4154 tam
746 4096 855 4153 fracos.
882 4093 980 4154 Como
1002 4094 1038 4152 V.
1062 4093 1092 4151 P.
1126 4095 1207 4163 sabe,
1240 4094 1299 4152 elle
1329 4111 1362 4151 se
1393 4093 1545 4150 retiroua

209 4191 345 4264 Salsede,
367 4210 427 4268 que
448 4192 487 4250 he
508 4211 527 4251 o
550 4193 635 4267 lugat
656 4193 733 4250 mais
754 4192 957 4262 acomodado,
980 4210 1097 4268 porque
1112 4196 1171 4250 nao
1187 4210 1316 4268 pareceo
1331 4209 1390 4265 que
1405 4208 1457 4247 era
1471 4206 1546 4247 con·

210 4291 353 4349 veniente
374 4291 463 4347 saber
483 4291 557 4348 toda
578 4310 596 4348 a
617 4294 737 4366 genlte]
759 4291 798 4347 de
819 4290 946 4347 lorado
967 4299 1066 4348 termo
1087 4308 1147 4365 que
1172 4309 1242 4348 com
1271 4290 1329 4346 elle
1356 4307 1389 4345 se
1417 4298 1545 4356 tomara,

210 4407 281 4447 eos
302 4407 364 4465 que
385 4388 478 4445 derao
499 4388 530 4445 le
550 4389 591 4446 do
615 4406 740 4446 excesso
770 4388 880 4447 ficarao
907 4406 977 4446 com
1005 4406 1088 4446 assas
1116 4388 1279 4463 satisfactio
1306 4404 1380 4461 pera
1407 4386 1545 4443 saberem

209 4506 267 4564 que
288 4507 308 4546 a
329 4490 475 4561 reteucao
495 4490 555 4546 nao
577 4487 621 4545 foi
643 4506 661 4545 a
681 4505 795 4545 cazor,
818 4487 994 4544 Patriarcha
1016 4485 1154 4556 Mendez,
1177 4485 1255 4561 patri
1278 4484 1371 4543 Nuno
1392 4484 1545 4542 Mascare·

209 4586 284 4645 nhas
316 4584 481 4643 Assistenti
513 4583 699 4654 Lusitaniae,
732 4585 808 4655 Goa,
831 4584 849 4641 8
870 4604 939 4643 nov.
966 4581 1049 4657 1624,
1081 4583 1154 4653 ASI,
1181 4584 1218 4641 R.
1246 4594 1279 4659 p.
1300 4583 1432 4651 Mendcz,
1454 4581 1545 4651 Aah„

208 4684 275 4743 doc.
299 4682 353 4741 IV.

286 4785 334 4855 (2)
357 4798 375 4835 «
390 4778 485 4837 Sobre
506 4798 525 4838 o
546 4780 635 4855 bispo
656 4779 755 4838 electo
776 4798 835 4854 que
857 4781 899 4837 do
919 4780 1005 4837 reino
1027 4797 1102 4854 veyo
1124 4798 1173 4838 em
1195 4797 1249 4836 sua
1270 4779 1326 4850 [do
1356 4778 1545 4849 Patriarcha]

207 4879 399 4958 companhia
420 4887 489 4935 teve
509 4898 529 4937 o
557 4879 704 4937 visitador
731 4880 812 4937 della
843 4888 946 4936 nestas
976 4896 1053 4936 naos
1084 4888 1169 4937 carta
1189 4879 1231 4936 do
1252 4896 1305 4936 seu
1328 4878 1429 4946 Geral,
1462 4877 1546 4952 polla

206 4978 277 5053 qual
300 4979 353 5035 lhe
376 4976 515 5035 ordenou
537 4995 596 5052 que
617 4994 650 5034 se
670 4994 805 5035 corresse
826 4994 895 5034 com
918 4976 976 5033 elle
997 4994 1088 5033 como
1110 4994 1179 5033 com
1200 4976 1350 5051 qualquer
1371 4983 1460 5032 outro
1477 4975 1546 5031 reli·

205 5078 305 5152 gioso,
327 5093 387 5151 por
408 5084 525 5148 quanto
545 5092 577 5132 se
598 5075 688 5132 havia
709 5074 897 5149 suspendido
918 5092 935 5130 a
957 5074 1123 5149 expedicao
1145 5076 1183 5130 de
1205 5092 1274 5131 suas
1294 5074 1393 5130 bullas
1422 5090 1478 5147 por
1500 5090 1545 5128 re·

205 5184 332 5252 spectos
353 5190 415 5248 que
436 5172 519 5230 nisso
541 5191 572 5229 se
594 5171 817 5239 consideratae,
833 5190 850 5228 e
865 5170 1061 5227 havendolbo
1076 5188 1144 5245 assy
1159 5170 1340 5244 siguificado
1356 5190 1374 5226 o
1390 5169 1544 5238 risitador,
