4066 6184
658 2180 845 2257 CAPUT
874 2181 963 2256 XX.

186 2475 296 2551 Tres
323 2474 506 2551 Romani
532 2473 748 2550 Pontificis
775 2473 829 2547 ad
856 2474 1164 2569 Imperatorem,
1192 2468 1431 2566 Principem

512 2618 554 2685 et
579 2607 869 2684 Patriarcham
897 2605 1110 2702 epistolae.

232 2979 261 3021 1.
285 2955 373 3020 Cum
396 2956 552 3039 superius
574 2957 696 3020 harum
718 2955 940 3039 epistolarum
964 2955 1093 3018 mentio
1116 2951 1209 3017 facta
1232 2950 1345 3025 fuerit,
1368 2962 1404 3015 et
1434 2950 1475 3013 il·
1531 2959 1629 3010 snum
1639 2955 1822 3023 epirotarum

138 3074 251 3138 larum
275 3074 430 3158 gravitas
452 3083 487 3137 et
510 3073 682 3156 elegantia
704 3070 918 3154 pastoritiam
944 3079 1080 3134 nostrae
1110 3067 1245 3133 fistulae
1274 3068 1475 3132 tenuitatem
1501 3029 1709 3096 ”mmm
1730 3036 1822 3080 Μ’

137 3190 301 3273 supplere
316 3192 435 3272 possit,
451 3201 486 3254 et
502 3210 629 3265 eorum,
646 3193 705 3274 qui
728 3191 762 3253 in
786 3187 943 3253 secandis
959 3198 994 3251 et
1010 3185 1148 3250 utendis
1171 3185 1293 3249 horum
1310 3183 1475 3249 montium

137 3307 296 3388 vepretis
317 3316 389 3370 tam
413 3307 561 3391 impigre
583 3308 791 3379 laborarunt,
816 3306 935 3369 laudes
964 3304 1169 3399 contineant,
1200 3302 1294 3365 illius
1323 3320 1475 3366 essemus

138 3420 267 3494 iniurii,
298 3420 364 3484 nisi
395 3442 454 3486 eas
476 3432 651 3506 tamquam
681 3424 749 3486 tria
778 3423 892 3486 sidera
922 3420 1001 3484 huic
1028 3419 1212 3483 narrationi
1238 3421 1473 3483 insereremus.

227 3537 411 3620 Epistulae
433 3540 538 3621 igitur
560 3538 605 3602 ad
627 3537 874 3621 Imperatorem
899 3537 955 3598 hic
978 3547 1030 3600 est
1052 3546 1161 3600 tenor.

231 3673 264 3717 2.
291 3652 450 3718 Urbanus
466 3660 560 3740 papa
591 3654 691 3718 VIII
709 3654 851 3719 Seltaiio
873 3652 1024 3739 Seguedo
1051 3650 1251 3738 imperatori
1276 3649 1476 3736 Aethiopiae
1537 3650 1665 3717 aptent·
1681 3649 1718 3699 *ἃ
1732 3648 1825 3712 1³¹1»-

138 3769 286 3834 salutem
308 3774 343 3835 et
363 3770 577 3855 apostoli'cam
599 3769 877 3833 benedictionem:
1503 3737 1632 3777 ‘mm'

229 3884 441 3950 Clearissime
462 3884 501 3948 i‘n
525 3884 659 3949 Christo
673 3884 742 3969 fili
760 3889 883 3950 noster.
906 3884 993 3948 Nili
1003 3882 1171 3968 fluminis
1190 3882 1335 3969 impetus
1350 3882 1477 3966 laetifi-

138 4006 194 4066 cat
214 4000 278 4065 troc
299 4004 447 4086 tempore
468 3999 636 4065 ciai'tatem
670 4000 743 4063 Dei
769 4004 804 4064 et
832 4021 876 4064 ex
903 3998 1096 4064 sitientibus
1122 3997 1323 4082 Aethiopiae
1351 3997 1478 4083 campis

139 4119 366 4202 asportantur
389 4115 437 4179 ad
456 4115 585 4202 regiam
600 4115 689 4180 beati
701 4115 803 4181 Petri
805 4115 954 4203 fructus
968 4115 1070 4201 digni
1084 4113 1246 4178 eonaiaiis
1267 4113 1478 4200 angelorum.

140 4232 255 4296 Nihil
274 4231 368 4295 enim
391 4235 461 4294 tam
485 4231 676 4317 minorum
706 4237 769 4296 aut
798 4237 869 4296 tarn
897 4230 1092 4295 mirandum
1121 4227 1346 4293 mitteretur
1367 4234 1481 4315 potest

135 4353 268 4434 parens
290 4345 492 4412 di'oi'tiarum
517 4347 668 4413 Oceanus
690 4352 725 4412 et
736 4345 850 4435 ferox
867 4351 1106 4434 portentorum
1121 4343 1252 4432 Africa
1267 4346 1357 4430 quod
1369 4345 1479 4410 Roma

140 4463 413 4529 christianitatis
454 4468 563 4528 mater
592 4484 661 4528 non
685 4463 884 4550 posthabeat
912 4462 1037 4527 li'tteri'r
1068 4461 1261 4526 Maiestatis
1291 4466 1378 4527 tuae.
1408 4462 1480 4526 Eas

140 4585 229 4644 certe
259 4579 407 4666 scriptas
436 4581 484 4645 ad
503 4580 626 4668 feli'ci's
648 4580 889 4644 recordationis
918 4578 1122 4666 Gregoriiem
1145 4580 1224 4645 XV
1244 4578 1320 4643 Nos
1341 4577 1414 4664 ipsi
1431 4577 1478 4642 le·

28 4702 45 4751 t.
60 4715 115 4767 ¹40·
138 4696 266 4781 gi'iiius,
291 4717 382 4782 quos,
405 4696 483 4761 lieet
503 4697 635 4761 meritis
666 4696 821 4783 impares,
844 4697 883 4760 i'n
906 4697 979 4761 eius
1000 4696 1108 4759 locum
1130 4696 1287 4782 Spiritus
1312 4693 1481 4759 San*ctus

140 4812 282 4877 vocavit.
306 4811 491 4898 Lacrymas
507 4819 595 4899 prae
606 4811 734 4899 gaudio
756 4811 903 4876 conitere
925 4833 994 4877 non
1012 4812 1197 4899 potuimus,
1213 4811 1388 4875 audientes
1402 4810 1480 4874 urii·

140 4948 276 4994 versum
300 4928 383 5017 fere
412 4929 592 5015 imperium
622 4927 818 5014 Aethiopico
844 4927 1023 5016 regnatori
1049 4928 1228 4993 minctum
1258 4927 1482 5012 obtemperare

142 5044 276 5131 legitur
299 5044 453 5110 Roniani'
467 5045 701 5131 pontificatus.
726 5043 756 5108 O
779 5049 811 5109 te
834 5045 985 5133 felicem,
1009 5045 1071 5129 qui
1089 5041 1281 5108 dominator
1304 5042 1481 5107 nationum

142 5165 177 5227 et
189 5162 424 5249 triumphator
437 5161 593 5238 tortium,
609 5159 806 5248 trophaeum
829 5162 936 5227 Cruci
964 5160 1098 5227 Christi
1120 5159 1271 5246 potuisti
1289 5159 1328 5223 iii
1351 5158 1482 5224 arcitus
