4066 6184
609 599 727 654 LIBER
749 604 789 663 11,
821 603 947 654 CAPUT
970 596 1054 654 XIX.
1437 603 1499 673 293

167 771 256 836 quae
290 752 489 818 inclementi
524 752 635 817 adhuc
658 753 783 836 hyeme
806 753 1016 828 saeviebant,
1044 755 1190 818 cinctum
1219 755 1316 829 vidit,
1339 755 1500 819 bellicum

168 869 293 933 cecinit
320 878 356 933 et
386 879 456 933 tam
487 869 622 953 pedites
652 890 754 953 quam
784 870 917 954 equites
946 871 1101 934 vestibus
1132 868 1267 935 festivis
1297 872 1434 935 indutos
1469 881 1503 935 et

167 984 254 1048 belli
277 986 379 1070 signo
402 987 561 1059 intentos,
585 1006 626 1049 ac
649 987 814 1050 tredecim
841 986 1025 1068 manipulis
1056 987 1195 1061 divisos,
1227 984 1356 1052 fastosa
1386 987 1503 1070 prolu-

168 1102 265 1164 sione
288 1102 323 1164 in
344 1120 503 1185 campum
525 1102 656 1175 eduxit,
672 1122 799 1185 eosque
814 1104 1058 1167 solertissimus
1078 1104 1153 1186 ipse
1168 1105 1341 1166 exercitus
1357 1112 1504 1166 metator

168 1227 202 1280 et
226 1218 380 1300 equitum
404 1220 577 1301 magister,
600 1239 690 1282 nunc
713 1219 793 1283 latis
808 1221 986 1284 ordinibus
1001 1221 1207 1303 exponebat,
1224 1239 1313 1283 nunc
1328 1219 1503 1302 quadratis

155 1333 377 1409 includebat,
401 1354 490 1398 nunc
514 1335 548 1397 in
564 1333 784 1419 triangulum,
802 1338 942 1399 nuncin
958 1338 1094 1400 unicum
1111 1356 1307 1400 mucronem
1323 1335 1502 1399 cuneabat.

168 1448 286 1513 Erecti
308 1450 344 1514 in
367 1452 500 1514 coelum
524 1460 666 1524 montes,
690 1461 726 1514 et
748 1452 930 1534 depressae
952 1454 987 1516 in
1009 1463 1175 1516 tartarum
1198 1453 1309 1516 valles
1331 1451 1502 1515 horrendo

168 1576 411 1650 tympanorum
434 1587 475 1631 ac
497 1567 653 1631 tubarum
671 1570 826 1651 strepitu,
849 1589 951 1633 aurae
974 1590 1056 1633 vero
1076 1570 1177 1633 laetis
1192 1568 1342 1633 omnium
1358 1570 1502 1632 vocibus

158 1683 387 1776 resonabant,
422 1702 548 1768 magna
582 1684 798 1748 contentione
829 1685 1050 1749 clamantium
1080 1685 1243 1749 Romana
1268 1683 1353 1749 fides
1383 1697 1503 1750 sancta

168 1809 204 1863 et
226 1801 423 1883 incorrupta
444 1810 479 1864 et
497 1802 732 1864 sanctissimus
747 1800 916 1865 Dominus
932 1811 1046 1865 noster
1061 1800 1232 1875 Urbanus,
1253 1802 1418 1886 singulari
1434 1802 1503 1866 Dei

168 1914 346 1989 beneficio,
370 1913 533 1980 Pontifex
556 1926 709 1990 octavus,
731 1917 837 1989 vivat,
861 1919 966 1981 vivat.

259 2054 289 2113 9.
314 2032 397 2097 Post
421 2033 543 2118 longos
565 2031 677 2097 flexus
699 2044 733 2098 et
760 2035 1025 2119 glomerationes
1055 2054 1208 2099 summae
1238 2035 1428 2099 alacritatis
1451 2037 1502 2099 in·
1563 2042 1671 2094 eonelo
1698 2044 1755 2095 Ru
1783 2041 1849 2094 aeli

168 2150 264 2213 dices
290 2169 350 2213 eos
380 2150 415 2212 in
445 2151 580 2213 unicam
611 2150 788 2214 cohortem
818 2149 895 2213 Ras
925 2151 1158 2234 conglobavit,
1190 2160 1223 2214 et
1254 2151 1386 2214 medius
1417 2151 1500 2233 ipse,
1528 2113 1849 2247 ffiffiggssfflssfm'

168 2285 257 2349 equo
280 2265 432 2330 insidens
455 2275 489 2329 et
510 2266 630 2330 hastae
654 2267 863 2338 incumbens,
887 2286 927 2330 ac
950 2267 1048 2331 vultu
1071 2268 1238 2331 laetitiam
1261 2269 1422 2350 spirante,
1449 2287 1502 2330 re·

167 2402 308 2446 censere
331 2382 446 2465 coepit
472 2382 635 2446 victorias
660 2404 746 2466 quas
776 2384 847 2447 suis
877 2385 1038 2465 auspiciis
1060 2382 1156 2447 Deus
1179 2385 1369 2448 annuisset:
1397 2384 1500 2465 Quos,

167 2500 291 2580 inquit,
309 2518 494 2584 congruum
513 2504 549 2563 et
561 2500 775 2585 superfluum
789 2504 843 2563 est
855 2519 1053 2563 enumerare
1067 2519 1141 2563 ciem
1154 2499 1247 2564 inter
1261 2500 1503 2564 commilitones

167 2614 298 2700 loquar,
322 2634 464 2700 quorum
481 2615 603 2701 plures
623 2635 741 2680 eorum
764 2635 832 2679 non
853 2621 1053 2701 spectatores
1068 2615 1210 2703 fuistis,
1233 2617 1294 2680 sel
1312 2621 1502 2689 consortes,·

166 2735 202 2794 et
222 2736 410 2795 vestrorum
432 2731 644 2796 brachiorum
668 2732 789 2808 robore,
811 2732 926 2798 animo
947 2738 983 2797 et
1003 2733 1173 2819 sanguine
1196 2738 1328 2797 tantam
1357 2732 1447 2796 uobis
1468 2738 1504 2797 et

167 2847 258 2911 mihi
273 2847 422 2934 gloriam
439 2849 629 2934 peperistis.
654 2847 748 2931 Quas
770 2870 847 2913 cum
871 2852 1068 2914 summatim
1092 2851 1325 2932 percurrisset,
1357 2848 1500 2913 adiecit:

169 2964 250 3028 Has
272 2968 324 3028 tot
344 2969 378 3028 et
398 2969 469 3029 tam
491 2965 642 3051 insignes
663 2965 822 3029 victorias
847 2965 1035 3052 spectatis?
1066 2966 1162 3030 Haec
1191 2970 1261 3029 tam
1291 2965 1402 3050 opima
1431 2963 1507 3027 Dei

167 3080 328 3165 beneficia
345 3082 588 3167 perpenditis?
610 3082 736 3145 Scitote
757 3087 870 3147 tamen
893 3082 1047 3146 omnibus
1071 3082 1169 3167 longe
1198 3081 1295 3145 istud
1322 3085 1503 3155 antestare,

168 3197 260 3281 quod
286 3218 308 3260 a
337 3199 502 3282 munifica
529 3198 740 3264 sanctissimi
772 3198 919 3262 Domini
948 3197 1061 3262 nostri
1095 3197 1230 3262 Urbani
1254 3203 1366 3284 papae
1399 3196 1508 3261 octavi

168 3333 276 3376 manu
298 3311 356 3377 hoc
378 3313 539 3399 temporis
564 3314 759 3399 accepimus,
788 3315 938 3379 coelestes
971 3313 1146 3379 thesauros
1168 3335 1190 3377 a
1212 3313 1308 3377 mille
1337 3313 1505 3377 sexcentis

168 3430 205 3490 et
225 3427 374 3514 triginta
397 3429 501 3493 arinis
516 3429 608 3493 nobis
622 3429 820 3515 obsignatos,
836 3429 1046 3516 Aethiopiae,
1061 3451 1152 3494 nunc
1166 3430 1387 3516 expandente,
1402 3450 1503 3515 quam

170 3565 345 3631 nunquam
368 3545 496 3609 similis
518 3546 755 3632 indulgentiae
784 3551 818 3610 et
839 3546 981 3610 i'iililaci
995 3544 1209 3632 profluentia
1239 3543 1428 3609 inundauit.
1457 3544 1505 3607 Ob

170 3682 271 3747 quam
294 3661 387 3726 nobis
408 3661 551 3726 summis
573 3661 726 3726 lactitiae
751 3663 894 3727 motibus
923 3660 1130 3727 exiliendum
1160 3666 1194 3726 ct
1221 3660 1504 3745 triumphandum

170 3782 204 3841 et
224 3777 312 3841 nobis
336 3777 373 3841 in
398 3779 499 3863 grati
517 3779 630 3841 animi
648 3779 932 3864 significationem
955 3778 1219 3842 cornmendatum
1243 3775 1344 3863 facio
1365 3781 1400 3839 et
1420 3797 1503 3839 com-

24 3904 142 3966 t.13n,v.
166 3899 286 3979 precor
309 3892 431 3978 (neque
453 3893 561 3958 *enim
584 3895 698 3958 ducem
721 3892 852 3959 dedecet
868 3893 1012 3979 parochi
1037 3915 1162 3957 murias
1195 3892 1377 3977 aliquando
1406 3892 1503 3967 obire,

169 4030 229 4073 nce
252 4008 378 4074 milites
394 4010 552 4096 precihus
574 4010 612 4073 in
631 4017 714 4095 paee
736 4010 874 4094 bellari)
897 4015 938 4073 ut
947 4017 1012 4096 per
1025 4007 1097 4072 dies
1119 4009 1307 4094 quindecim
1330 4009 1504 4073 continuos

163 4131 231 4211 pro
252 4126 292 4191 S.
315 4126 522 4191 Sanctitatis
543 4126 783 4197 incolumitate,
802 4133 867 4213 pro
893 4126 1071 4190 catholicae
1092 4125 1186 4209 fidei
1206 4124 1450 4210 propagatione
1472 4130 1506 4188 et

169 4241 362 4306 excelsitate
384 4247 418 4306 et
433 4249 500 4328 pro
522 4243 738 4327 imperatoris
759 4243 880 4307 Selton
909 4240 1059 4328 Seguedi'
1084 4242 1217 4306 doniini'
1239 4242 1352 4304 nostri
1377 4240 1449 4303 oi'la
1472 4245 1508 4303 et

161 4354 337 4444 felicitate
359 4358 536 4443 quinquies
557 4359 757 4423 donii'rii'cain
792 4358 980 4422 orationem
1007 4364 1040 4422 el
1068 4359 1165 4422 toties
1194 4356 1382 4443 angelicam
1413 4355 1505 4420 solii-

168 4473 330 4538 tationem
353 4474 510 4538 recitatis.
543 4475 662 4538 Vestro
685 4472 819 4538 landem
846 4475 945 4538 cordo
975 4479 1008 4538 el
1036 4476 1148 4559 capito
1179 4473 1217 4537 iri
1248 4473 1443 4559 amplexum
1474 4477 1508 4535 et

168 4588 400 4676 deferinonem
423 4590 599 4654 Romanae
612 4588 705 4674 fidei
723 4591 882 4655 deoooeti.
900 4591 973 4653 Hoc
988 4591 1079 4654 enim
1102 4591 1137 4655 si
1156 4611 1177 4653 a
1199 4589 1289 4655 nohis
1311 4608 1446 4673 syncero
1469 4610 1508 4652 ac

169 4704 323 4792 defecato
344 4706 440 4770 corde
458 4711 663 4791 praestetur,
686 4705 781 4770 nihil
807 4708 847 4770 ab
876 4705 949 4769 ullo
972 4708 1146 4771 mundano
1167 4706 1268 4777 hoste,
1292 4705 1347 4770 iel
1366 4706 1406 4769 ab
1435 4704 1508 4789 ipso

169 4828 305 4887 tartaro
328 4823 526 4898 timendum,
549 4842 623 4887 cum
646 4823 760 4887 Deum
782 4823 881 4888 nocti
902 4823 1010 4887 simus
1039 4824 1227 4887 adiutorem
1258 4827 1292 4885 et
1309 4828 1507 4908 propugna-

170 4944 287 5004 torem.
310 4936 454 5003 Summo
485 4959 562 5003 cum
593 4939 714 5022 plausu
745 4941 861 5033 audita
893 4937 958 5002 fuit
989 4940 1074 5003 haec
1106 4941 1284 5002 concinet
1308 4939 1507 5012 obtestati0,

168 5064 366 5140 postquam
390 5057 469 5120 laeti
495 5076 613 5119 omnes
636 5066 669 5120 et
691 5056 759 5119 fide
783 5055 951 5119 firmiores
974 5058 1008 5118 in
1025 5077 1087 5119 sua
1102 5058 1248 5119 tentoria
1275 5058 1507 5122 decesserunt.
