4058 6178
640 580 754 634 tinen
778 580 817 652 11,
841 577 966 635 CAPUT
991 580 1043 635 xi.
1440 588 1503 653 229

162 730 297 792 solenti
322 731 475 794 tonitruo
498 729 770 813 perterrefactus,
787 732 822 795 in
838 741 965 795 terram
981 733 1120 806 excidit,
1137 742 1174 796 ut
1190 733 1249 814 qui
1265 732 1418 795 crederet
1435 732 1504 795 Da·

161 844 314 908 thanem
339 857 375 910 et
398 847 590 910 Abironem
614 847 681 911 iam
705 848 774 911 iam
797 868 835 912 se
858 849 1016 912 manibus
1031 866 1191 931 prensare
1213 860 1248 911 et
1271 849 1445 912 viventem
1469 850 1503 911 in

161 970 340 1026 tartarum
364 963 542 1046 abducere,
566 972 600 1027 et
630 984 750 1028 omnes
778 967 837 1048 qui
864 966 1016 1037 aderant,
1048 966 1227 1047 ipsumque
1250 984 1333 1028 mox
1356 964 1504 1046 Impera·

161 1088 280 1141 torem
294 1080 389 1161 apud
403 1078 636 1142 Patriarcham
649 1081 889 1163 deprecatores
901 1081 1098 1163 interpellat
1119 1080 1222 1145 Multi
1235 1082 1341 1144 denso
1357 1082 1503 1163 agmine,

162 1205 198 1257 et
224 1193 426 1278 Imperator
458 1196 564 1259 misso
594 1199 723 1270 nuntio,
755 1199 863 1280 ipsius
893 1199 1031 1261 nomine
1061 1196 1332 1280 resipiscentiam
1363 1206 1397 1260 et
1424 1197 1504 1259 sati·

162 1306 379 1375 sfactionem
402 1312 560 1395 polliciti,
585 1332 623 1377 se
645 1333 708 1396 pro
732 1315 792 1378 illo
808 1333 990 1396 sponsores
1013 1314 1227 1377 addixerunt.
1255 1312 1301 1376 Et
1325 1332 1400 1376 cum
1425 1333 1504 1375 ana-

162 1425 291 1491 thema
314 1430 447 1493 tamdiu
470 1430 589 1513 vigere
612 1430 745 1504 debeat,
769 1431 931 1513 quamdiu
955 1439 1085 1512 perstat
1115 1430 1310 1502 obstinatio,
1338 1431 1381 1492 ad
1413 1430 1505 1491 illius

163 1543 532 1609 cessationemeoluta
546 1547 620 1609 seni
635 1544 783 1617 vincula,
799 1548 892 1610 tenui
909 1548 1028 1629 virgae
1051 1547 1151 1630 pulsu
1166 1547 1211 1609 ad
1233 1547 1387 1630 singulos
1406 1544 1506 1627 quin·

164 1662 366 1744 quagesimi
381 1662 519 1726 ‘Psalmi
542 1664 731 1727 versiculos
754 1664 902 1727 admoto
934 1660 1086 1744 Cumque
1113 1665 1173 1726 ille
1198 1673 1319 1746 postea
1345 1664 1421 1725 ioco
1448 1663 1506 1724 vel

164 1754 264 1839 serio
290 1777 493 1860 Imperatori
509 1778 649 1851 diceret,
671 1777 905 1842 Patriarcham
921 1800 967 1842 ex
983 1779 1092 1843 multa
1107 1782 1141 1842 in
1158 1798 1234 1843 eum
1250 1775 1456 1842 confidentia
1470 1778 1505 1840 in

164 1911 277 1955 senes
292 1893 388 1975 ipsos
403 1894 603 1957 verberibus
617 1896 759 1968 saevire,
776 1896 968 1977 respondit:
992 1893 1152 1959 Graviter
1166 1896 1264 1958 illurn
1279 1904 1505 1977 peccaturum,

167 2009 239 2071 nisi
265 2027 368 2073 senes
389 2011 566 2091 pueriliter
588 2011 826 2093 delinquentes
849 2030 1028 2095 puerorum
1052 2012 1223 2094 supplicio
1238 2010 1461 2074 submitteret.

266 2130 296 2188 6.
333 2125 437 2189 Pater
467 2125 669 2190 Franciscus
700 2126 878 2190 Carvalius
901 2125 1034 2190 Collela
1058 2146 1215 2211 egressus
1245 2127 1335 2190 ultra
1363 2128 1507 2209 triginta
1569 2133 1725 2183 cometae
1745 2134 1852 2183 tructus

168 2240 343 2305 Goiamae
366 2242 529 2305 ecclesias
551 2262 572 2304 a
594 2242 774 2306 catholicis
788 2242 954 2324 parochis,
972 2244 1148 2307 ordinibus
1170 2264 1190 2306 a
1213 2242 1413 2306 Patriarcha
1427 2262 1507 2305 con·
1533 2202 1852 2326 {fflijgmmw

169 2359 334 2442 signatis,
359 2358 478 2431 cultas,
503 2367 537 2422 et
561 2359 629 2422 duo
659 2359 908 2423 monachorum*
929 2360 1104 2433 coenobia,
1132 2377 1292 2421 romanae
1315 2360 1382 2421 iam
1406 2357 1506 2421 disci·

170 2473 294 2555 plinae
328 2484 474 2546 assueta,
499 2474 658 2537 lustravit
681 2484 716 2537 et
739 2474 879 2537 maioris
906 2475 1141 2538 hebdomadae
1172 2473 1284 2538 officia
1311 2474 1430 2537 eadem
1453 2493 1507 2536 so·

173 2590 368 2661 lemnitate‚
392 2609 460 2673 qua
482 2588 615 2653 duobus
638 2592 736 2653 annis
766 2588 919 2655 Genetae
941 2599 1020 2653 sunt
1047 2590 1213 2664 exhibita,
1236 2610 1298 2653 suo
1321 2591 1356 2653 in
1378 2590 1508 2671 templo

172 2707 386 2770 celebranda
409 2707 551 2777 curavit,
576 2706 658 2769 illuc
681 2702 979 2770 con*currentibus
994 2708 1147 2789 patribus
1163 2705 1360 2770 Nebessaeo
1378 2716 1413 2769 et
1429 2701 1507 2768 Ser·

173 2824 300 2905 quensi
332 2842 409 2886 cum
440 2822 627 2886 lectissimo
657 2821 991 2906 symphoniacorum,
1020 2843 1041 2886 a
1063 2843 1100 2886 se
1122 2823 1311 2896 doctorum,
1335 2822 1449 2894 ch0r0,
1473 2833 1507 2885 et

174 2937 370 3011 catholicis,
394 2938 453 3021 qui
477 2939 597 3002 domos
620 2937 774 3003 finitimis
802 2940 887 3003 locis
912 2940 1094 3013 habebant,
1119 2941 1242 3021 quibus
1258 2940 1317 3003 ille
1339 2946 1507 3002 cantuset

174 3064 337 3136 aspectus
360 3073 486 3138 magno
510 3052 574 3117 fuit
598 3057 641 3118 ad
664 3034 880 3139 progressum
904 3057 937 3119 in
962 3053 1028 3119 fide
1052 3056 1281 3119 incitamento.

269 3188 299 3250 7.
324 3169 449 3233 Mirum
474 3171 555 3253 quid
580 3172 704 3234 accidit
720 3172 754 3234 in
770 3192 812 3235 eo
827 3174 967 3255 temple,
983 3182 1102 3235 sancto
1118 3172 1254 3254 Ignatio
1276 3172 1364 3252 patri
1390 3180 1508 3234 nostro
1570 3175 1704 3225 Perieras
1723 3172 1854 3261 macana

176 3288 308 3350 ibidem
332 3287 500 3359 dedicate,
524 3288 617 3368 quod
640 3307 758 3351 omnes
778 3290 933 3352 conscios
957 3290 1001 3352 ab
1017 3290 1134 3372 iniquo
1156 3288 1330 3371 peierandi
1354 3306 1436 3350 auso
1451 3286 1507 3349 de-
1535 3261 1644 3300 tumore
1666 3247 1781 3299 'mh'

175 3404 313 3467 terruit.
337 3403 396 3465 Lis
419 3415 491 3466 erat
514 3405 612 3467 inter>
626 3404 711 3466 duos
742 3406 784 3467 de
807 3406 909 3469 rebus
932 3403 1024 3467 furto
1051 3406 1095 3466 ab
1117 3404 1226 3468 altero
1248 3403 1451 3485 compilatis,
1475 3411 1508 3465 et

177 3539 258 3582 cum
283 3520 435 3601 liquidae
458 3520 678 3601 probationes
701 3539 768 3583 non
791 3529 1022 3603 suppeterent,
1046 3527 1252 3582 conventum
1274 3518 1364 3580 inter
1385 3534 1455 3589 eos,
1471 3524 1509 3579 ut

177 3637 218 3707 is,
234 3635 295 3718 qui
320 3635 471 3698 criminis
494 3637 740 3708 arcessebatur,
765 3638 799 3699 in
823 3655 864 3698 eo
886 3634 1016 3717 templo
1039 3644 1192 3706 mortem,
1209 3634 1275 3696 sibi
1292 3652 1336 3696 ex
1357 3632 1510 3714 corporis

179 3761 315 3814 tumore
339 3751 600 3825 immittendam,
616 3753 803 3834 praemisso
831 3752 1057 3824 iureiurando,
1080 3752 1331 3832 imprecaretur.
1354 3746 1511 3831 Vegetus

179 3870 208 3932 is
232 3875 307 3930 erat
331 3876 366 3930 et
389 3866 534 3941 validus,
551 3887 628 3931 cum
656 3879 903 3932 sacramentum
921 3869 1077 3949 concepit
1101 3868 1163 3930 sed
1179 3865 1335 3929 horribili
1347 3865 1434 3926 intra
1451 3865 1510 3926 tri·

178 3984 286 4047 duum
311 3981 485 4047 inflatione
512 3985 677 4049 distentus
700 3987 849 4050 animam
876 3985 1063 4049 exhalavit.
1088 3983 1252 4048 Tumidus
1268 3984 1358 4045 enim
1381 3980 1510 4044 scelere

179 4103 317 4164 animus
347 4099 596 4183 aegritudinem
628 4103 664 4164 in
687 4104 840 4185 corporis
863 4104 1015 4166 membra
1037 4100 1230 4167 transfudit.

271 4221 301 4279 8.
318 4213 440 4280 Simile
456 4219 548 4300 quid,
565 4219 626 4282 sed
643 4219 750 4282 multo
766 4218 924 4292 atrocius
936 4220 1052 4282 videre
1065 4219 1093 4281 F
1094 4238 1311 4283 remonenses
1322 4219 1356 4282 in
1368 4220 1509 4300 templo
1572 4221 1706 4274 serlum
1715 4222 1789 4273 atine
1799 4221 1855 4272 nu-

179 4334 214 4397 in
240 4353 310 4415 quo
333 4335 400 4396 sita
422 4344 501 4397 sunt
524 4354 602 4398 ossa
624 4337 717 4398 beati
741 4335 954 4416 patriarchae
969 4332 1096 4399 Ovieti.
1120 4334 1252 4399 Colitur
1274 4338 1308 4399 in
1332 4356 1373 4398 eo
1396 4338 1510 4419 imago
1537 4294 1613 4345 Μ
1631 4295 1791 4358 petentum.

180 4447 427 4513 Sanctissimae
451 4448 617 4535 Virginis,
641 4471 742 4532 quarn
759 4450 876 4514 dicunt
898 4449 1060 4524 Romavi‚
1076 4452 1111 4514 id
1127 4462 1187 4525 est,
1207 4451 1414 4519 Romanam.
1431 4460 1510 4514 ante

180 4586 284 4648 quam
308 4566 411 4629 homo
434 4567 706 4648 improbissimus
728 4586 765 4629 se
789 4569 936 4649 periurio
959 4569 1138 4651 obligavit.
1162 4566 1308 4651 Sapiens
1330 4577 1444 4631 tamen
1467 4567 1511 4629 ad

180 4684 307 4746 noxios
329 4684 373 4746 ab
396 4683 590 4747 insontibus
612 4685 838 4747 secernendos
861 4681 1001 4758 fulmen,
1024 4687 1143 4748 eadem
1166 4686 1222 4749 die
1245 4704 1266 4747 a
1284 4685 1425 4747 coelesti
1441 4701 1511 4745 ma·

180 4798 359 4862 chinatore
384 4801 417 4860 in
441 4799 594 4863 eiusdem
618 4819 677 4863 cor
708 4801 890 4873 vibratum,
915 4803 1109 4865 exanimem
1133 4811 1168 4864 et
1191 4804 1226 4865 in
1249 4801 1397 4864 cinerem
1424 4817 1512 4880 pene

181 4915 356 4978 redactum
380 4915 528 4997 reliquit.
553 4915 640 4978 Nam
662 4914 842 4999 Virginem
866 4918 1082 5000 impollutam
1106 4937 1265 4981 romanae
1288 4917 1381 4979 urbis
1404 4922 1439 4975 et
1453 4933 1512 4974 ve·

180 5031 294 5093 ritatis
317 5032 454 5095 nomine
476 5033 626 5095 velatam
654 5034 740 5095 tanti
764 5034 860 5096 Deus
887 5032 970 5097 facit
1001 5043 1038 5097 ut
1065 5034 1158 5096 illius
1185 5034 1421 5097 auctoritatem
1448 5049 1512 5091 nec

181 5148 290 5210 verbo
312 5148 471 5212 temerari
494 5148 654 5231 patiatur.
