4058 6178
650 511 766 561 urana
789 510 829 567 11,
861 507 985 558 carus
1008 508 1033 558 1.
1447 514 1504 573 141

265 680 296 738 4.
320 660 463 724 lllorum
486 660 521 722 in
545 659 677 722 cunctis
699 658 919 721 eminentiam
950 657 1176 728 commendat,
1199 656 1302 739 quod,
1315 675 1393 718 cum
1416 654 1510 737 ipsos
1573 664 1670 746 Patre
1706 661 1857 727 aethiopici

179 772 270 839 fatua
286 775 416 840 insulse
441 774 633 857 Aethiopia
659 783 822 857 tanquam
845 772 895 836 sal
916 772 1100 836 evanidum
1120 770 1213 835 foras
1236 771 1428 854 proiecerit,
1446 789 1510 833 sua
1537 733 1735 857 Qffi?
1748 733 1858 785 mim

180 891 346 974 religione
368 910 410 955 ac
432 890 600 974 sapientia
621 890 687 954 toti
717 889 837 953 Indiae
868 887 996 952 fuerint
1026 887 1256 951 condimento
1287 887 1388 950 Illam
1418 888 1510 949 enim

179 1027 210 1089 p.
233 1005 439 1070 Emmanuel
462 1007 627 1070 Almeida
650 1005 792 1069 rectoris
822 1002 934 1069 Goani
965 1004 1115 1087 collegii,
1143 1001 1365 1085 provincialis
1396 1011 1430 1065 et
1460 1001 1511 1063 vi·

180 1122 332 1185 sitatoris
353 1121 463 1185 titulis
486 1120 690 1195 illustravit;
713 1130 748 1184 et
770 1139 845 1183 cum
872 1120 916 1183 ad
936 1121 1026 1182 idem
1042 1138 1165 1182 munus
1179 1119 1300 1183 iterum
1316 1117 1511 1181 obeundum

181 1257 201 1301 a
223 1240 413 1302 reverendo
435 1219 619 1302 admodum
643 1248 739 1321 patre
762 1246 879 1301 nostro
902 1235 1064 1300 Vicentio
1087 1233 1223 1299 Caraffa
1248 1236 1379 1299 electus
1408 1244 1510 1306 esset,

180 1362 213 1417 et
237 1354 266 1417 is
289 1373 311 1416 a
333 1356 522 1436 patentium
546 1354 737 1417 litterarum
762 1354 806 1416 ad
829 1352 915 1416 illud
938 1351 1188 1434 subscriptione
1210 1354 1321 1433 prima
1332 1351 1384 1413 sui
1400 1349 1511 1415 Gene-

179 1469 307 1533 ralatus
331 1471 485 1552 auspicia
507 1470 718 1553 sumpsisset,
742 1489 804 1532 eae
827 1467 936 1533 Goam
964 1469 1139 1542 advectae,
1169 1478 1248 1531 ante
1278 1476 1348 1531 tres
1376 1485 1511 1529 menses

179 1586 311 1648 tumulo
335 1585 509 1649 conditum
534 1586 711 1660 invenere3
731 1605 763 1667 p.
780 1583 984 1647 Emmanuel
1000 1584 1185 1647 Batradius
1200 1582 1291 1646 idem
1314 1581 1509 1665 collegium,

179 1709 213 1761 et
235 1697 393 1763 Goanam
423 1719 464 1762 ac
491 1699 716 1764 Cocineusem
746 1699 942 1783 provincias
972 1708 1023 1763 est
1047 1699 1263 1771 moderatus3
1293 1718 1326 1780 p.
1358 1697 1512 1760 Didacus

178 1813 349 1879 Matensis
371 1814 557 1899 collegium
580 1813 809 1889 Salsetanunr,
833 1813 989 1880 Goanum
1012 1817 1218 1898 tyrocinium
1249 1825 1283 1878 et
1314 1815 1509 1897 collegium,

71 1943 96 1995 r.
114 1940 152 2005 69.
179 1931 213 1993 ln
236 1951 305 2013 quo
329 1931 375 1994 ad
398 1933 592 2014 proximam
615 1933 815 2014 provinciae
838 1932 1185 1997 admi*nistrationem
1208 1933 1243 1993 in
1270 1930 1406 1995 schedis
1421 1929 1512 1992 desi·

177 2056 314 2130 gnatus,
338 2046 503 2119 decessit;
534 2068 567 2129 p.
594 2047 796 2112 Franciscus
826 2046 1005 2112 Carvalius
1034 2049 1128 2131 prius
1158 2047 1343 2129 collegium
1372 2045 1510 2116 Diense,

179 2182 259 2225 mox
282 2160 513 2235 Salsetauum,
537 2165 675 2227 tandem
698 2162 854 2228 Goanum
879 2165 1016 2238 direxit,
1030 2163 1181 2227 Romam
1197 2172 1397 2245 procurator
1411 2170 1512 2225 antea

177 2280 341 2343 dimissus
362 2279 408 2342 ad
430 2282 734 2363 congregationem
757 2279 964 2364 generalem.
987 2278 1064 2362 Quo
1095 2279 1162 2342 iam
1189 2278 1373 2361 expeditus
1401 2274 1511 2340 fuerat

176 2414 209 2475 p.
233 2394 459 2459 Hieronimus
481 2395 608 2477 Lupus,
632 2397 691 2478 qui
722 2397 885 2479 deinceps
916 2394 1027 2459 factus
1059 2405 1112 2459 est
1139 2403 1251 2458 rector
1277 2391 1510 2473 Bacainensis

176 2506 317 2573 Goanae
355 2511 478 2575 domus
511 2510 689 2594 professae
726 2512 940 2594 praepositus
978 2522 1012 2574 et
1051 2510 1274 2594 provincialis
1311 2511 1508 2573 destinatus.

175 2624 213 2687 P.
249 2625 400 2690 Ioannes
433 2625 544 2691 Sousa
580 2639 695 2691 rector
724 2625 917 2691 Ciaulensis
947 2636 982 2691 et
1012 2627 1205 2699 Damansis,
1237 2646 1326 2689 nunc
1361 2623 1509 2690 Goanus.

175 2742 212 2805 P.
237 2741 432 2805 Damianus
454 2741 591 2824 Calaca,
616 2753 727 2808 rector
749 2764 838 2808 nunc
861 2743 1062 2807 Tannensis.
1090 2743 1244 2808 Caeteris
1274 2744 1310 2804 in
1340 2742 1406 2804 hoc
1436 2740 1510 2803 exi·

175 2858 258 2920 lium
283 2858 472 2939 compulsis
494 2860 576 2931 vita,
601 2879 669 2922 non
691 2860 842 2941 potiores
864 2857 1175 2923 administrationes
1198 2856 1386 2921 defuerunt.
1574 2878 1709 2927 emeram
1730 2879 1795 2928 lesu
1812 2890 1859 2927 ac.

265 2992 299 3053 5.
323 2971 480 3055 Septima
503 2975 695 3038 decembris
718 2975 792 3038 dies
807 2994 926 3038 omues
949 2975 1065 3038 intulit
1081 2975 1116 3037 in
1131 2973 1296 3056 templum
1312 2984 1347 3037 et
1370 2974 1509 3036 domum
1537 2961 1645 3015 “m''

174 3086 346 3163 Ganetae,
370 3091 460 3153 idest
490 3089 656 3163 Paradisi‚
687 3089 775 3163 Iesu,
807 3110 916 3173 nuper
945 3091 990 3154 ab
1017 3090 1228 3174 Imperatore
1258 3091 1303 3154 ad
1333 3110 1510 3153 romanum

173 3205 360 3287 exemplar
382 3202 606 3278 aedificatam,
630 3225 733 3288 quam
761 3226 793 3288 p.
818 3206 1013 3270 Ludovicus
1042 3206 1247 3281 Azebedius,
1275 3208 1442 3291 religione
1476 3217 1510 3269 et

173 3322 273 3383 senio
300 3319 418 3403 gravis
440 3322 591 3393 curabat,
615 3331 649 3384 et
673 3323 791 3405 irrigui
814 3321 880 3385 soli
903 3324 1093 3385 amoenitas
1116 3342 1178 3386 suo
1205 3323 1345 3406 dignam
1375 3325 1512 3386 nomine

174 3436 356 3500 reddebat.
380 3435 612 3501 Patriarcham
635 3438 750 3500 triduo
770 3438 843 3500 illic
858 3449 1107 3501 commoratum
1123 3458 1194 3511 eae,
1210 3459 1295 3522 quas
1309 3440 1413 3523 gleba
1428 3440 1510 3513 edit,

173 3564 207 3614 et
232 3552 354 3636 gentis
377 3548 556 3616 artificium
579 3553 745 3627 elaborat,
760 3554 925 3636 cupediae
941 3573 1009 3617 non
1025 3553 1241 3629 defecerunt3
1257 3556 1420 3639 exemplo
1436 3576 1511 3619 cae-

172 3669 259 3731 teris
285 3667 505 3748 praelucente
528 3666 632 3733 Oleta
654 3666 847 3753 Gueorguis
879 3670 1096 3752 imperatoris
1119 3670 1233 3734 Malae
1256 3669 1405 3754 Seguedi
1429 3670 1510 3744 lilia,

173 3802 280 3864 quam
306 3801 467 3864 magnam
491 3781 675 3845 Dominam
699 3785 869 3857 dicebant,
894 3795 928 3847 et
948 3785 1001 3848 Ite
1017 3785 1148 3849 Amata
1164 3783 1319 3849 Christds
1333 3787 1434 3850 huius
1449 3788 1512 3848 im·

172 3897 351 3980 peratoris
373 3916 491 3960 sorore
512 3898 678 3980 patruele,
702 3902 851 3963 omnium
875 3900 1085 3983 Aethiopiae
1113 3900 1338 3965 foeminarum
1369 3901 1511 3985 opulen-

171 4014 323 4085 tissima,
348 4012 493 4095 aliisque
516 4016 762 4089 consimilibus,
784 4036 872 4099 quae
904 4018 947 4079 ad
977 4018 1152 4081 libandam
1182 4019 1371 4082 novitatem
1394 4028 1428 4080 et
1452 4038 1511 4099 po-

172 4128 343 4192 scendam
366 4129 637 4193 benedictionem
662 4143 890 4197 accurrerunt.

267 4248 300 4307 6.
325 4242 412 4307 Inde
435 4242 654 4327 Gorgorram,
678 4249 777 4310 unius
801 4248 867 4310 diei
891 4250 1013 4312 itinere
1037 4250 1081 4313 ad
1108 4248 1275 4313 Austrum
1299 4252 1453 4313 dissitam
1477 4260 1512 4312 et
1575 4263 1745 4324 Gorgonum
1775 4258 1859 4310 inne

172 4360 380 4423 Dambaeae
403 4361 520 4442 paludi
543 4381 630 4444 pene
643 4365 848 4444 impositam,
866 4364 1062 4427 Patriarcha
1078 4367 1264 4437 contendit,
1281 4367 1418 4429 obviam
1435 4384 1512 4448 pro·
1539 4347 1716 4398 mmm

172 4475 366 4539 deuntibus
388 4477 521 4539 clericis
544 4488 579 4540 et
595 4480 771 4541 monachis
787 4499 909 4542 novem
926 4480 982 4543 vel
1009 4481 1129 4543 decem
1156 4483 1388 4556 ecclesiarum,
1415 4501 1512 4566 prae·

174 4593 250 4655 lato
275 4609 414 4653 suarum
445 4592 594 4656 crucium
633 4595 769 4677 insigni,
799 4594 984 4658 thuribulis
1013 4607 1047 4660 et
1078 4617 1122 4660 ex
1154 4599 1264 4660 serico
1295 4600 1511 4670 umbraculis,

172 4728 255 4771 curn
283 4704 373 4769 festo
392 4716 632 4789 tympanorum
650 4712 774 4783 sonitu,
789 4711 967 4774 sistrorum
983 4714 1109 4776 tinnitu
1129 4714 1406 4797 psalmorumque
1433 4735 1512 4778 con-

173 4836 291 4888 centu.
324 4821 440 4886 Auxit
470 4822 637 4886 laetitiam
660 4845 693 4906 p.
717 4825 913 4890 Ludovicus
936 4825 1106 4899 Cardeira,
1138 4827 1383 4914 Gorgorrensis
1412 4834 1513 4894 semi-

174 4942 265 5003 narii
290 4939 478 5011 institutor,
491 4958 568 5002 cum
591 4942 662 5003 suis
685 4941 841 5014 alumnis,
865 4943 1113 5027 elegantiorem
1134 4957 1271 5009 cantum
1287 4949 1355 5010 iam
1371 4949 1512 5021 edoctis,

173 5054 431 5139 aliquantulum
455 5073 667 5138 progressus,
692 5066 725 5120 et
749 5056 933 5121 Zachariae
956 5061 1125 5123 canticum
1150 5081 1227 5124 cum
1250 5064 1372 5126 iisdem
1389 5061 1514 5127 festive
