4058 6178
200 2247 485 2303 rimaraneobcre-

165 2324 254 2366 metas
271 2330 365 2367 sacras
383 2316 484 2379 imagi·

165 2401 226 2446 nes,
252 2387 282 2436 in
306 2388 482 2438 ardentem

165 2472 262 2521 pyram
282 2458 440 2509 coniicitur.

512 577 576 637 226
843 587 1115 639 EXPEDITIONIS
1141 589 1403 640 AETHIOPICAE
1427 591 1505 640 ETC.

510 734 678 819 iuquiens,
693 755 802 799 senex
813 744 897 809 erat,
909 739 963 800 cui
975 738 1110 819 quoties
1120 736 1290 802 diceretur
1300 756 1443 821 puerum
1454 739 1605 822 aliquem
1618 740 1753 813 obiisse,
1766 741 1841 822 pla·

509 852 586 915 nide
601 853 847 935 respondebat:
875 852 978 916 Pueri
994 853 1117 917 molles
1130 864 1209 918 sunt
1224 864 1259 917 et
1273 854 1414 919 delicati
1430 864 1464 920 et
1474 856 1615 919 cuilibet
1627 874 1727 919 aurae
1738 875 1840 938 pene·

510 967 663 1041 trabiles
678 968 728 1033 nil
744 969 878 1040 mirum,
893 970 923 1032 si
936 970 983 1032 sit
999 968 1182 1034 extinctus.
1197 966 1285 1032 Cum
1301 980 1502 1044 narraretur,
1520 973 1676 1034 iuvenem
1692 972 1841 1035 emedio

510 1085 694 1158 sublatum,
709 1085 862 1148 dicebat:
887 1084 1032 1149 Iuvenes
1055 1086 1201 1149 audaces
1222 1094 1352 1149 suntet
1368 1085 1548 1158 temerarii,
1561 1083 1676 1149 forsan
1687 1085 1744 1148 hic
1756 1105 1792 1148 se
1805 1084 1840 1148 in

509 1219 606 1264 suam
621 1211 763 1264 mortem
780 1201 1028 1284 praecipitavit.
1044 1200 1083 1263 Si
1098 1220 1181 1265 vero
1196 1202 1366 1273 audiebat,
1382 1221 1499 1266 senem
1513 1202 1664 1284 aliquem
1679 1203 1839 1265 traditum

511 1316 704 1401 Libytinae,
721 1327 824 1400 caput
849 1319 1006 1380 manibus
1028 1319 1204 1391 tundebat,
1220 1320 1333 1381 crines
1348 1318 1486 1382 velabat
1502 1328 1536 1382 et
1550 1337 1658 1402 genas
1671 1318 1841 1401 unguibus

511 1434 719 1498 inscribebat
729 1434 873 1497 addens:
890 1432 965 1496 Vae
975 1435 1113 1506 mundo,
1127 1453 1191 1497 vae
1203 1435 1329 1517 pueris,
1341 1454 1406 1498 vae
1417 1435 1698 1498 adolescentibus
1710 1431 1841 1498 Omnes

511 1551 700 1632 perierunt:
724 1568 803 1612 nam
826 1568 933 1622 mens,
957 1550 1044 1613 ratio
1063 1559 1098 1613 et
1112 1550 1292 1615 consilium
1308 1552 1343 1612 in
1358 1549 1444 1614 solis
1466 1551 1607 1614 senibus
1620 1559 1683 1614 est
1699 1550 1754 1613 Ita
1767 1571 1840 1622 vos,

510 1666 636 1730 Teclae
651 1664 846 1750 Gueorguis
859 1666 973 1731 socios
987 1666 1160 1731 extinctos
1178 1666 1345 1740 audiistis,
1368 1668 1548 1750 ipsumque
1568 1667 1731 1750 suspendi
1753 1667 1840 1730 vidi·

511 1785 574 1847 stis
589 1792 624 1846 et
639 1800 699 1845 ora
714 1783 974 1864 compressistls,
992 1801 1091 1855 nunc,
1107 1802 1184 1846 cum
1200 1784 1244 1847 de
1259 1781 1408 1846 foemina
1420 1780 1596 1847 efferenda
1615 1785 1737 1868 agitur,
1750 1803 1841 1846 mus·

509 1901 604 1972 satis,
635 1898 847 1982 perstrepitis
877 1908 913 1963 et
939 1900 1171 1964 comicamini.
1195 1896 1326 1963 Scitote
1349 1901 1463 1983 igitur,
1488 1898 1575 1962 illud
1598 1900 1719 1971 lorum,
1747 1900 1841 1982 quod

511 2016 646 2079 abbatis
656 2015 774 2079 Iacobi
786 2017 891 2098 pedes
906 2017 1121 2099 praeligavit,
1137 2017 1221 2079 satis
1236 2034 1312 2079 esse
1327 2014 1380 2078 illi
1389 2015 1530 2079 suculae
1542 2015 1604 2097 (sic
1616 2035 1693 2079 eam
1705 2017 1840 2080 dicebat

511 2140 650 2214 propter
672 2130 880 2195 inconditam
902 2130 1116 2215 obesitatem)
1133 2140 1168 2195 et
1182 2130 1260 2194 aliis
1282 2130 1521 2195 consimilibus
1539 2132 1793 2215 suspendendis.

604 2266 652 2326 13.
676 2245 808 2310 Eodem
832 2257 987 2330 tempore
1009 2246 1104 2312 Caba
1125 2245 1290 2319 Christds,
1319 2247 1412 2330 apud
1442 2245 1618 2331 Tigraeos,
1648 2267 1767 2311 omnes
1787 2267 1840 2311 re·

510 2362 672 2426 bellionis
704 2364 896 2426 concitores
921 2373 955 2426 et
986 2360 1251 2446 amplificatores
1282 2362 1465 2447 diligenter
1493 2363 1712 2446 perquirebat
1732 2374 1767 2426 et
1789 2363 1840 2427 in-

510 2488 632 2542 ventos
654 2480 768 2561 capite
790 2479 972 2561 plectebat.
996 2477 1066 2542 Sed
1090 2481 1251 2543 attentius
1273 2481 1308 2544 in
1331 2478 1570 2551 Nassaranem,
1595 2480 1654 2563 qui
1675 2476 1785 2543 fuerat
1803 2480 1840 2543 in

509 2613 625 2658 sacras
647 2593 817 2678 imagines
837 2612 881 2658 eo
909 2604 1064 2677 tempore
1093 2596 1275 2677 quaesitor,
1305 2594 1450 2659 afflictor
1479 2604 1514 2659 et
1543 2595 1707 2677 proditor.
1731 2594 1840 2677 Quem

508 2730 587 2774 cum
609 2712 721 2784 sciret,
746 2710 801 2774 *iu
815 2721 948 2794 petram
964 2710 1087 2775 Masbai
1101 2709 1287 2801 aniugisse,
1303 2712 1354 2777 sic
1369 2712 1463 2776 illius
1477 2711 1655 2794 praesides
1670 2709 1838 2796 fatigavit
1866 2720 1885 2769 t.
1912 2729 1958 2775 105·

509 2836 546 2890 ut
568 2826 742 2889 hominem
774 2826 989 2898 tradiderint,
1012 2828 1073 2890 sed
1096 2828 1199 2891 enixe
1221 2826 1396 2911 deprecati
1417 2836 1455 2890 ut
1478 2837 1622 2891 mortem
1642 2828 1840 2900 remitteret,

509 2942 605 3005 mille
638 2962 763 3006 vaccas
796 2943 831 3006 in
865 2944 959 3007 illius
993 2946 1304 3026 compensationem
1334 2942 1550 3026 persoluturi.
1579 2940 1653 3007 Sed
1684 2945 1718 3005 in
1747 2940 1840 3006 Ceba

506 3057 664 3123 Christds
685 3068 782 3123 tanta
805 3070 876 3123 erat
900 3060 1005 3123 animi
1029 3060 1206 3133 celsitudo,
1233 3080 1336 3143 opum
1359 3059 1584 3142 despicientia
1599 3069 1634 3123 et
1652 3060 1840 3123 catholicae

508 3173 587 3238 fidei
601 3176 714 3248 ardor,
726 3185 764 3239 ut
777 3177 897 3239 eadem
913 3176 1142 3258 generositate
1158 3178 1298 3248 maiora,
1313 3177 1342 3241 si
1358 3173 1571 3248 offerrentur,
1586 3175 1840 3257 contempturus

508 3300 608 3364 esset,
632 3310 701 3373 qua
716 3290 959 3355 Constantinus
974 3314 994 3356 a
1007 3292 1194 3376 Brigantia‚
1207 3295 1359 3356 omnium
1377 3293 1496 3356 Indiae
1511 3310 1695 3375 protegum
1710 3300 1839 3363 vertex,

507 3408 628 3470 simiae
652 3408 799 3479 dentem,
823 3409 858 3470 in
881 3408 978 3471 cuius
999 3409 1269 3492 redemptionem
1286 3411 1388 3491 (quod
1405 3428 1504 3471 suum
1520 3416 1611 3471 esset
1634 3409 1775 3490 idolum)
1791 3409 1840 3470 le·

507 3524 581 3606 gati
604 3522 717 3607 Regis
740 3523 916 3607 Bengalae
938 3533 1091 3588 tercenta
1114 3542 1327 3588 nummorum
1352 3526 1462 3588 millia
1488 3522 1690 3595 offerebant,
1718 3532 1840 3585 morta-

508 3640 597 3703 riolo
619 3650 809 3714 contusum,
834 3642 971 3703 illorum
995 3642 1030 3704 in
1054 3651 1239 3723 conspectu
1256 3640 1327 3724 igni
1341 3640 1610 3704 comburendum
1630 3639 1736 3704 dedit.
1755 3637 1839 3701 Vin·

508 3764 600 3817 ctum
625 3757 730 3839 igitur
753 3756 981 3820 Nassaranem
1004 3755 1100 3821 caba
1128 3754 1285 3819 Christds
1314 3756 1442 3819 iudicio
1469 3755 1634 3819 subiecit:
1666 3774 1774 3836 eoque
1795 3757 1839 3816 ad

507 3870 663 3936 flammas
685 3873 848 3937 damnato
871 3874 919 3954 (ut
940 3875 1000 3955 ¹qui
1023 3885 1183 3956 proterve
1199 3874 1234 3935 in
1249 3891 1365 3936 sacras
1381 3873 1550 3956 imagines
1569 3871 1753 3934 bacchatus
1768 3867 1840 3933 fue·

509 3997 570 4058 rat,
594 3988 628 4049 in
652 3990 844 4069 proterviae
867 3987 1069 4052 sacrificium
1093 3988 1222 4051 invitus
1244 3986 1447 4070 offerretur),
1458 3987 1579 4059 edixit,
1595 3996 1634 4049 ut
1649 4006 1766 4049 omnes
1784 4005 1839 4048 ca·

509 4113 667 4173 strenses,
691 4122 759 4185 quo
781 4123 820 4166 se
844 4105 989 4166 mundos
1004 4105 1048 4167 ab
1064 4105 1253 4187 imaginum
1269 4104 1427 4166 incendio
1443 4111 1660 4175 testarentur,
1676 4111 1711 4165 et
1730 4100 1839 4164 meriti

509 4217 657 4281 iustitiae
681 4237 764 4281 mox
787 4221 999 4282 exercendae
1022 4219 1205 4302 participes
1227 4229 1351 4292 essent,
1375 4218 1462 4302 ligni
1483 4218 1631 4282 alicuius
1646 4217 1838 4301 symbolum

509 4333 544 4396 in
566 4353 688 4416 pyram
713 4333 918 4398 conferrent,
944 4335 983 4397 In
1007 4354 1110 4417 quam
1142 4336 1210 4399 alte
1232 4344 1464 4398 constructam
1494 4335 1611 4398 subito
1638 4335 1741 4397 miser
1768 4332 1838 4401 ille,

509 4449 635 4532 ligatus
657 4451 763 4531 pedes
786 4460 820 4513 et
844 4469 973 4523 manus,
998 4461 1051 4514 est
1074 4451 1256 4515 coniectus.
1280 4450 1351 4514 Hic
1373 4461 1564 4533 postremus
1588 4448 1653 4513 fuit
1675 4458 1769 4512 actus
1788 4449 1839 4511 lu-

510 4572 647 4627 ctuosae
670 4565 868 4647 tragoediae
894 4577 929 4629 et
959 4566 1216 4648 persecutionis,
1246 4587 1335 4650 quae
1365 4570 1475 4649 prima
1502 4566 1706 4630 catholicam
1738 4563 1838 4628 fidem

509 4690 625 4760 aperte
648 4681 872 4762 impugnavit,
895 4684 987 4745 tristi
1014 4685 1194 4746 multarum
1225 4684 1504 4764 consequentium
1534 4684 1725 4767 praesagio,
1755 4700 1840 4762 quas

510 4795 604 4857 Deus
626 4795 788 4877 permisit,
813 4808 850 4861 ut
872 4808 1068 4862 constantes
1091 4800 1252 4862 catholici
1283 4808 1457 4880 tamquam
1487 4818 1607 4862 aurum
1639 4802 1673 4861 in
1703 4795 1839 4860 fornace

510 4914 734 4994 probarentur
756 4924 790 4977 et
813 4914 872 4996 qui
896 4913 997 4977 fidem
1021 4918 1265 4979 mercenariam
1289 4918 1333 4979 ad
1355 4916 1563 4998 temporales
1584 4925 1718 4979 tantum
1736 4932 1840 4997 quae-

511 5037 583 5095 stus
605 5031 821 5097 simulabant,
845 5032 1011 5111 paulatim
1035 5031 1307 5094 detonderentur.

1042 5224 1156 5235 Ψ--ν-
1165 5224 1206 5233 --κ-
1217 5223 1307 5233 -ω-μη
