4124 6182
557 546 615 599 120
888 547 1162 598 EXPEDITIONIS
1185 546 1447 597 AETHIOPICAE
1470 546 1550 595 ETC.

551 695 745 768 conflictati,
769 716 846 759 cum
870 697 961 758 enim
984 695 1140 778 pluribus
1163 703 1313 776 egerent,
1338 695 1595 777 quatuordecim
1619 701 1751 755 tantum
1775 710 1884 754 came·

551 813 603 874 los
626 811 854 874 conductitios
877 830 1034 894 reperere
1057 819 1092 873 et
1115 811 1194 874 ideo
1217 829 1378 894 magnam
1401 810 1529 874 allatae
1544 808 1794 891 suppellectilis
1809 826 1885 888 par·

550 938 618 990 tem
642 927 801 1009 Baylurii
825 929 964 991 missam
992 925 1105 990 facere
1135 936 1214 990 sunt
1244 928 1364 989 coacti.
1397 925 1474 988 Non
1506 926 1616 987 minor
1639 922 1704 986 fuit
1727 923 1763 986 in
1787 921 1885 984 meri·

549 1045 647 1107 toriis
662 1045 705 1107 ad
719 1045 942 1126 equitandum
966 1044 1126 1106 iumentis
1149 1043 1388 1125 comparandis
1410 1040 1594 1105 difficultas
1613 1041 1675 1101 vix
1689 1059 1753 1101 sex
1769 1039 1884 1100 asellis

550 1163 592 1222 ad
617 1161 757 1223 vicenos
778 1162 930 1223 viatore-s
953 1161 988 1222 in
1011 1159 1106 1222 vices
1129 1160 1347 1223 sustinendos
1369 1158 1531 1228 inventis3
1554 1177 1601 1219 ex
1622 1157 1747 1238 quibus
1774 1154 1804 1216 is
1827 1154 1884 1234 qui

550 1273 661 1338 forma
683 1278 889 1357 praestabat,
913 1276 1133 1339 Patriarchae
1156 1278 1396 1358 consignatus;
1420 1276 1482 1337 sed
1506 1294 1582 1336 cum
1606 1273 1756 1355 capistro
1771 1282 1885 1333 essent

550 1391 683 1464 insueti,
707 1410 861 1454 sessores
883 1412 951 1455 non
974 1411 1052 1453 raro
1076 1392 1118 1454 ad
1143 1393 1300 1473 spinosos
1322 1391 1485 1453 rhamnos
1504 1399 1538 1452 et
1554 1390 1734 1451 obviatum
1750 1387 1884 1468 rupium

550 1525 729 1570 mucrones
751 1505 959 1587 affligebant.
991 1505 1097 1569 Sacra
1128 1508 1203 1587 ipsa
1233 1505 1464 1569 Ascendentis
1494 1502 1621 1567 Christi
1648 1505 1716 1575 die,
1738 1521 1827 1584 quae
1852 1501 1883 1561 in

549 1634 708 1686 octavam
732 1624 812 1685 maii
836 1624 966 1695 incidit,
991 1624 1103 1686 itineri
1126 1643 1164 1686 se
1184 1624 1397 1690 dediderunt.
1413 1632 1448 1685 et
1463 1630 1553 1684 totas
1569 1620 1727 1684 undecim
1743 1619 1787 1682 ad
1807 1636 1884 1679 eum

549 1739 673 1811 locum,
698 1741 756 1801 ubi
779 1737 863 1800 Rex
886 1740 1087 1802 dancalinus
1110 1759 1169 1802 eos
1187 1739 1470 1822 praestolabatur,
1486 1755 1649 1819 posuere3
1665 1744 1793 1818 quanto
1808 1753 1883 1795 curn

550 1856 667 1918 labore
691 1854 794 1918 facile
825 1856 876 1917 illi
908 1856 971 1918 erit
1002 1855 1182 1927 coniicere,
1213 1856 1273 1936 qui
1305 1865 1416 1918 terrae
1445 1855 1666 1936 asperitatem
1697 1859 1730 1912 et
1761 1849 1886 1912 caloris

549 1973 753 2052 gravitatem
767 1983 898 2034 mature
911 1970 1161 2053 *pensitaverit
1174 1971 1305 2034 Tantus
1321 1973 1412 2034 enim
1426 1972 1568 2054 vigebat
1583 1970 1685 2032 ardor
1701 1978 1738 2031 ut
1753 1966 1886 2049 sigilla·
1920 1972 1935 2021 f.
1956 1978 1988 2023 oz.

550 2108 622 2150 rem
646 2099 772 2150 cretam
790 2088 833 2170 (a)
854 2088 942 2150 intra
958 2087 1084 2150 scrinia
1100 2088 1282 2169 multiplici
1298 2096 1495 2169 tegumento
1519 2086 1683 2149 munitam
1707 2085 1884 2165 eliquaret.

549 2205 669 2267 Solum
694 2223 756 2286 per
779 2205 960 2267 intervalla
976 2214 1010 2266 et
1025 2205 1225 2286 plerumque
1242 2206 1407 2267 montium
1423 2204 1519 2265 saxis
1534 2204 1569 2265 in
1588 2203 1737 2284 speciem
1754 2201 1886 2263 scoriae

549 2341 568 2383 e
603 2319 755 2383 ferrariis
789 2320 932 2382 caminis
962 2321 1119 2389 emissae,
1152 2321 1277 2402 partim
1309 2319 1449 2391 cavatis
1484 2320 1610 2400 partim
1641 2320 1675 2380 in
1707 2319 1886 2398 cuspidem

548 2438 715 2508 exacutis,
740 2437 951 2499 inhorrescit.
973 2434 1080 2499 Cibus
1101 2445 1202 2499 tenue
1225 2456 1348 2517 oryzae
1379 2437 1588 2505 demensum,
1619 2436 1818 2498 salsamenti
1854 2444 1887 2496 et

549 2554 757 2615 condimenti
781 2552 876 2614 nihil.
900 2552 1004 2634 Aqua
1028 2553 1073 2615 ob
1095 2553 1313 2623 salsedinem,
1336 2563 1371 2615 et
1386 2571 1526 2634 gravem
1544 2552 1686 2614 odorem
1703 2552 1887 2613 iniucunda

550 2689 612 2731 nec
635 2670 719 2731 satis
742 2670 848 2752 larga.
884 2668 1009 2732 Fessus
1044 2670 1087 2731 ad
1124 2670 1300 2731 meridiem
1332 2669 1553 2731 rhamnorum
1582 2670 1721 2731 umbrae
1751 2669 1886 2736 raritas,

549 2786 614 2848 sub
637 2795 771 2847 noctem
795 2785 881 2847 dura
903 2782 1081 2867 flagrantis
1103 2785 1225 2847 diurno
1240 2786 1314 2846 sole
1330 2795 1442 2847 terrae
1456 2782 1655 2866 superficies
1677 2785 1886 2864 excipiebat.

236 2912 384 2970 damnes
400 2907 523 2991 camelo·
639 2922 669 2980 3.
694 2900 888 2963 Molestiam
913 2920 1014 2982 super
1043 2901 1159 2963 omnia
1189 2902 1386 2984 exaugebat
1416 2901 1557 2963 camelis
1587 2901 1672 2982 ipsis
1701 2901 1888 2962 tortuosior

201 2980 522 3113 pqqreqrgrpmaerrm-
549 3036 738 3101 agasonum
762 3017 938 3098 asperitas
962 3027 997 3079 et
1020 3018 1190 3097 procacia,
1213 3036 1300 3098 quos
1323 3026 1496 3098 tamquam
1521 3015 1702 3078 ministerii
1728 3016 1780 3077 sui
1813 3018 1887 3097 opi-

549 3132 630 3196 fices
652 3134 790 3195 videtur
820 3132 1005 3196 inurbanus
1035 3131 1249 3195 Mahometes
1277 3152 1361 3195 suae
1391 3131 1571 3195 barbariae
1598 3143 1632 3194 et
1663 3132 1888 3213 turpitudinis

548 3250 712 3312 haeredes
735 3269 781 3311 ex
804 3268 879 3311 asse
903 3248 1091 3330 reliquisse,
1110 3258 1147 3311 ut
1169 3249 1354 3329 plurimum
1370 3268 1491 3330 passus
1507 3268 1583 3311 esse
1603 3248 1760 3310 credatur
1786 3248 1889 3309 divus

548 3364 714 3444 Ignatius,
737 3364 767 3426 si
790 3374 910 3426 nactus
933 3375 984 3426 est
1008 3364 1126 3426 decem
1150 3364 1334 3446 leopardos
1364 3364 1419 3426 his
1448 3364 1707 3445 quatuordecim
1737 3364 1888 3425 camelo·

549 3498 622 3541 rum
646 3479 847 3542 custodibus
870 3481 1068 3541 deteriores.
1103 3478 1189 3541 Cum
1224 3480 1349 3562 quibus
1379 3480 1583 3542 dedolandis
1614 3491 1648 3541 et
1680 3476 1888 3541 condocefa·

548 3595 689 3666 ciendis,
718 3605 754 3657 ut
786 3596 929 3657 multum
953 3593 1078 3658 Furtus
1102 3595 1322 3667 laboraverit,
1346 3596 1459 3658 oleum
1484 3606 1519 3657 et
1542 3614 1682 3676 operam
1705 3595 1887 3675 perdebat.

548 3709 655 3773 Erant
678 3712 769 3773 enirn
801 3710 997 3781 insolentes,
1026 3711 1211 3782 inhumani,
1240 3712 1465 3792 impudentes,
1494 3722 1528 3774 et
1552 3712 1588 3773 in
1615 3722 1758 3773 cunctos
1790 3710 1889 3773 mille

549 3828 659 3890 modis
683 3828 847 3899 iniuriosi,
872 3846 933 3888 nec
957 3847 978 3889 a
1000 3830 1135 3909 pugnis,
1160 3828 1241 3889 colli
1266 3847 1306 3889 ac
1333 3828 1422 3910 tergi
1439 3828 1672 3908 petitionibus,
1690 3845 1754 3888 nec
1771 3847 1792 3887 a
1809 3846 1888 3887 sua-

549 3944 634 4005 viori
659 3944 740 4005 bolo
764 3944 808 4004 ab
832 3943 911 4025 igne
935 3944 1149 4005 vendicando
1179 3944 1245 4005 sibi
1276 3945 1523 4025 temperabant.
1556 3941 1653 4024 Quae
1684 3943 1802 4005 omnia
1826 3963 1889 4024 pa-

547 4060 671 4121 tienter
694 4060 891 4121 devoranda
914 4055 1019 4129 fuere,
1035 4078 1079 4121 ne
1094 4060 1159 4140 ipsi
1183 4060 1377 4141 pervicacia
1400 4060 1560 4121 obdurati
1583 4060 1737 4121 sarcinas
1752 4060 1787 4120 in
1803 4059 1889 4121 soli·

548 4176 664 4236 tudine
688 4175 907 4255 deponerent,
931 4185 989 4235 aut
1021 4175 1099 4236 illas
1122 4194 1259 4255 quoquo
1284 4174 1411 4236 vellent
1435 4185 1661 4256 asportarent.
1685 4172 1789 4255 Quod
1816 4173 1892 4236 illis

548 4291 650 4352 situm
674 4301 748 4352 erat
772 4290 805 4352 in
829 4291 975 4371 proclivi
999 4309 1076 4352 cum
1101 4292 1145 4353 ab
1169 4292 1266 4352 initio
1289 4302 1399 4353 totam
1422 4303 1583 4353 vecturae
1603 4291 1798 4353 mercedem
1815 4290 1891 4352 col·

548 4406 713 4488 legissent
737 4426 800 4468 nec
823 4407 924 4468 aliter
947 4406 1116 4468 voluerint
1133 4406 1240 4468 ullam
1256 4408 1435 4470 nobiseum
1451 4408 1537 4469 inire
1552 4408 1760 4487 pactionem.
1777 4406 1890 4469 Furto

547 4523 650 4583 etiam
674 4541 772 4584 suurn
797 4541 918 4583 nomen
943 4540 1107 4602 perquam
1130 4523 1309 4584 commode
1325 4524 1547 4605 congruebat,
1575 4523 1621 4585 ob
1648 4523 1891 4585 insatiabilem

548 4640 582 4699 in
607 4639 733 4699 nostris
756 4639 857 4700 rebus
880 4638 1072 4719 exugendis
1096 4638 1307 4709 aviditatem,
1325 4658 1411 4720 quae
1428 4639 1542 4719 ipsum
1558 4639 1695 4720 impulit
1718 4649 1756 4700 ut
1785 4640 1892 4701 nobis

547 4754 624 4815 viae
649 4762 910 4815 monstratorem
935 4754 1008 4834 (nec
1031 4773 1113 4814 sane
1137 4754 1294 4815 inutilem
1318 4755 1363 4815 ob
1387 4755 1557 4837 insignem
1581 4754 1676 4816 illius
1698 4764 1733 4816 et
1749 4755 1892 4817 abstru-

547 4888 606 4930 sae
629 4889 737 4949 aquae
761 4869 930 4946 notitiam)
962 4888 999 4929 se
1029 4868 1179 4939 adderet,
1204 4880 1237 4930 et
1266 4869 1403 4951 Regem
1435 4871 1479 4932 ad
1509 4871 1659 4951 petenda
1689 4889 1780 4951 quae
1812 4873 1892 4952 ipse

635 5120 673 5178 (a)
693 5117 723 5164 In
743 5116 858 5179 margine
877 5116 930 5164 alin
950 5133 1026 5166 manu
1045 5117 1186 5168 substituta
1203 5133 1250 5166 vox
1270 5135 1286 5168 e
1298 5134 1383 5168 cerum
1399 5140 1420 5171 n,
