4066 6174
222 1769 433 1819 Haereticorum
446 1785 512 1822 can·

193 1849 239 1891 tus
257 1850 285 1890 ot
302 1839 426 1891 choreae.

188 3264 191 3269 “
225 3256 393 3322 Aliquorum
415 3260 510 3308 estho-

190 3328 310 3379 lioorum
328 3344 361 3380 ex
379 3331 511 3394 opposito

189 3400 357 3451 commotio.

542 574 604 636 374
872 570 1146 621 EXPEDITIONIS
1169 570 1433 622 AETHIOPICAE
1455 572 1535 622 ETC.

541 720 576 781 in
599 719 703 801 pedes
726 729 830 791 stans,
855 719 926 782 alta
948 738 1033 783 voce
1057 722 1242 801 repetebat.
1265 721 1357 799 quod
1374 719 1592 783 Zamarianus
1607 721 1776 784 submisse
1798 739 1878 805 sug·

540 834 692 917 gerebat,
716 845 750 897 et
774 835 821 897 ita
844 834 950 897 dixit:
982 833 1124 907 Audite,
1149 837 1273 898 audite.
1300 835 1401 899 Prius
1423 837 1522 899 vobis
1553 836 1750 900 Romanam
1774 834 1877 899 fidem

540 947 707 1021 dedimus,
730 949 855 1013 bonam
881 950 975 1014 illam
999 950 1251 1023 existimantem
1274 951 1336 1015 sed
1358 953 1404 1014 ob
1427 950 1523 1014 illam
1545 971 1646 1016 caesa
1669 962 1721 1016 est
1744 950 1878 1015 infinita

540 1065 724 1128 multitudo
747 1085 825 1129 cum
848 1065 948 1139 Iulio,
974 1064 1149 1148 Capraele,
1180 1066 1285 1131 Tecla
1309 1064 1511 1151 Gueorguis,
1535 1064 1639 1132 Sarsa
1662 1066 1819 1131 Christds
1843 1079 1877 1131 et

540 1199 629 1243 nunc
648 1201 725 1245 cum
742 1183 816 1246 istis
832 1183 1021 1246 rusticanis.
1039 1180 1150 1245 Vobis
1165 1202 1247 1266 ergo
1263 1203 1352 1247 nunc
1368 1184 1544 1247 reddimus
1558 1183 1661 1247 fidem
1684 1194 1877 1248 vestrorum

540 1297 717 1371 maiorum,
741 1300 833 1381 regis
856 1297 983 1370 Iacobi,
1000 1296 1114 1361 Malae
1130 1295 1290 1380 Seguedi,
1314 1298 1471 1363 Adamas
1493 1297 1654 1383 Seguedi,
1676 1298 1796 1363 Asnaf
1814 1297 1878 1363 Se·

539 1413 643 1493 guedi
659 1424 692 1477 et
707 1411 810 1497 Onag
825 1410 986 1498 Seguedi.
1003 1413 1139 1478 Priores
1162 1413 1278 1478 clerici
1294 1416 1328 1478 in
1345 1436 1425 1482 suas
1440 1417 1606 1480 ecclesias
1628 1417 1878 1500 regrediantur,

540 1547 616 1592 aras
638 1549 717 1593 suas
739 1530 919 1612 portatiles
935 1531 1107 1602 inducant,
1131 1550 1210 1595 suas
1233 1531 1391 1614 liturgias
1406 1533 1591 1599 celebrent.
1610 1532 1656 1597 Et
1672 1553 1791 1597 omnes
1807 1533 1878 1596 lae·

538 1647 614 1709 titia
637 1646 851 1728 triumphato.

627 1767 658 1825 8.
679 1762 766 1824 Mox
780 1764 839 1846 qui
857 1764 1076 1845 praeconium
1103 1764 1243 1827 auribus
1257 1776 1336 1828 sunt
1352 1768 1523 1848 aucupati,
1540 1785 1654 1829 aerem
1670 1768 1879 1830 clamoribus

539 1887 573 1941 et
596 1876 730 1942 festivis
752 1879 930 1961 plausibus
952 1890 1185 1962 perruperunt,
1217 1889 1252 1943 et
1281 1872 1499 1946 cantionibus
1529 1902 1569 1946 ac
1599 1884 1732 1946 choreis
1767 1882 1878 1948 indul·

538 2004 667 2076 gentes,
691 2014 751 2057 eas
774 1994 807 2057 in
832 2003 940 2058 totam
956 2005 1091 2058 noctem
1114 2006 1355 2078 provexerunt,
1379 2008 1414 2061 et
1433 1999 1731 2062 indiscriminatim
1754 2000 1878 2063 eodem

538 2109 643 2171 choro
666 2110 794 2183 clerici,
819 2111 987 2183 monachi,
1015 2111 1142 2175 milites
1164 2131 1205 2174 ac
1229 2109 1399 2176 foeminae
1414 2114 1650 2177 volvebantur.
1674 2113 1877 2197 Imperator,

537 2244 743 2307 quamquam
767 2236 971 2310 aegrotaret,
995 2227 1040 2290 ad
1063 2247 1131 2300 eas,
1162 2248 1250 2310 quae
1281 2229 1371 2292 intra
1401 2229 1509 2311 ipsius
1531 2238 1629 2312 septa
1651 2230 1879 2293 nectebantur

538 2342 582 2404 ad
606 2340 791 2405 fenestram
815 2344 1000 2424 processit;
1023 2363 1166 2425 quarum
1190 2345 1308 2408 restim
1338 2364 1416 2408 cum
1440 2344 1584 2408 clericus
1614 2347 1729 2408 subire
1756 2347 1876 2417 nollet,

538 2456 572 2519 in
596 2478 654 2521 eas
676 2459 812 2522 obtorto
835 2459 927 2521 collo
950 2471 1000 2522 est
1024 2469 1225 2542 pertractus.
1256 2458 1448 2534 Canticum,
1479 2462 1569 2543 quod
1602 2461 1877 2535 modulabantur,

537 2574 608 2636 tale
630 2584 703 2637 erat
730 2573 779 2638 Yc
801 2573 1055 2649 habardaruxa,
1083 2576 1284 2660 Haynmnot
1313 2576 1378 2661 qha
1400 2577 1495 2649 alxa,
1521 2578 1648 2640 idest:
1678 2575 1793 2650 Canis,
1818 2580 1877 2660 qui

538 2692 623 2753 mari
635 2690 701 2753 huc
716 2692 849 2763 venisti,
863 2690 948 2757 mihi
960 2689 1027 2754 fide
1039 2712 1107 2755 uou
1119 2692 1289 2774 placuisti.
1302 2693 1339 2755 A
1350 2694 1515 2776 precariis
1529 2693 1690 2776 globulis,
1708 2693 1875 2765 iconibus,

537 2816 571 2868 et
594 2807 762 2878 crucibus,
785 2815 857 2870 tarn
880 2808 1037 2891 propriis,
1061 2827 1163 2889 quam
1187 2807 1320 2879 alienis,
1343 2806 1610 2895 confringendis,
1634 2819 1668 2871 et
1692 2808 1728 2871 in
1759 2810 1875 2894 ignem

538 2922 721 2994 mittendis,
738 2920 902 3004 perfidiae
918 2922 1107 3005 auspicium
1124 2943 1144 2985 a
1160 2924 1278 2987 multis
1293 2933 1476 3006 sumptum.
1503 2921 1535 2987 Ο
1551 2920 1720 2987 infinitam
1737 2925 1876 2987 divinae

536 3037 723 3119 patientiae
746 3038 1032 3121 magnitudinem!
1056 3036 1088 3102 O
1113 3038 1299 3102 belluinam
1325 3040 1502 3103 hominum
1533 3037 1705 3103 feritatem
1740 3050 1777 3102 et
1800 3060 1875 3105 cae-

537 3153 691 3216 citatem!

627 3290 656 3348 9.
681 3267 783 3332 Multi
798 3280 911 3333 tamen
933 3289 978 3333 ex
993 3270 1200 3352 primoribus
1215 3271 1277 3333 iila
1292 3271 1483 3337 catholicae
1498 3272 1637 3353 pietatis
1653 3282 1875 3335 monumenta

538 3404 600 3447 nec
623 3387 814 3448 cervicibus
829 3405 892 3449 nec
908 3387 951 3449 de
967 3388 1124 3450 manibus
1147 3406 1273 3468 ponere
1296 3387 1488 3461 voluerunt,
1505 3388 1575 3450 imo
1594 3388 1767 3461 dicebant,
1783 3389 1873 3469 quod

537 3500 769 3564 Habitachum
794 3502 989 3569 Zamalesus
1012 3505 1227 3584 imperatoris
1246 3502 1361 3566 Malae
1384 3500 1533 3587 Seguedi
1550 3522 1666 3586 nepos,
1687 3504 1776 3567 illud
1798 3524 1873 3567 esse

536 3624 670 3697 tempus
692 3616 852 3698 gestandi
875 3626 910 3679 et
934 3636 1049 3680 eorum
1067 3614 1215 3681 fructum
1232 3619 1429 3704 colligendi.
1454 3617 1540 3682 Cum
1564 3620 1598 3681 in
1614 3618 1786 3703 Principis
1813 3620 1872 3681 do·

537 3750 628 3794 mum
653 3751 729 3795 cum
761 3750 888 3816 magno
919 3733 1121 3796 ancillarum
1153 3753 1260 3817 grege
1290 3737 1446 3818 ingressa
1476 3747 1567 3799 esset
1594 3732 1707 3798 Ozoro
1729 3732 1871 3817 Sophia,

535 3846 755 3929 Imperatoris
771 3848 991 3935 Zadenguilis
1006 3847 1087 3922 filia,
1103 3850 1164 3913 sed
1188 3852 1250 3913 tali
1266 3860 1373 3932 patre,
1397 3851 1442 3913 ob
1458 3851 1665 3914 haereticam
1686 3850 1869 3933 nequitiam

535 3971 569 4025 et
592 3962 806 4027 licentiosam
830 3965 948 4036 vitam,
964 3965 1106 4048 indigna
1122 3976 1157 4028 et
1174 3966 1310 4029 illarum
1333 3967 1501 4047 quaedam
1517 3967 1744 4049 impudenter,
1757 3984 1869 4029 coram

536 4076 693 4161 Principe
717 4090 751 4142 et
774 4079 866 4150 hera,
890 4080 1051 4163 globulos
1067 4082 1238 4163 precarios
1253 4082 1350 4145 ducis
1369 4082 1498 4144 sinistri
1514 4101 1629 4153 cornu,
1647 4081 1730 4144 dicti
1751 4081 1870 4145 Fetelo

535 4190 682 4265 Selasse,
705 4192 886 4278 frangendi
901 4204 936 4258 et
951 4196 1140 4278 dissipandi
1156 4196 1271 4259 animo
1286 4197 1496 4278 arripuisset,
1513 4196 1573 4259 ille
1593 4206 1721 4259 tectum
1745 4199 1869 4278 vagina

535 4309 688 4391 gladium
712 4311 822 4374 eidem
846 4311 1041 4384 obiectavit,
1066 4312 1200 4375 dicens:
1224 4311 1396 4383 Abscede,
1413 4313 1635 4396 propudium3
1656 4314 1710 4376 sin
1726 4313 1794 4376 hoc
1808 4312 1867 4376 tibi

535 4445 575 4488 ac
598 4435 677 4489 tuae
699 4426 799 4490 herae
822 4427 950 4490 collum
973 4426 1161 4501 decutiam;
1188 4428 1355 4509 siquidem
1380 4447 1443 4490 nec
1466 4428 1573 4509 ipsius
1596 4438 1706 4509 pater,
1731 4429 1761 4491 si
1784 4447 1868 4490 nunc

535 4542 679 4613 viveret,
704 4562 797 4605 meos
828 4543 910 4605 mibi
933 4544 1095 4626 globulos
1117 4553 1232 4625 posset
1262 4554 1476 4624 extorquere.
1505 4543 1610 4606 Plura
1633 4546 1797 4627 exempla
1818 4545 1867 4606 his

535 4657 671 4731 similia,
695 4661 724 4721 si
748 4679 835 4741 opus
857 4668 956 4732 esset,
982 4660 1257 4741 producerentur.
