4066 6184
627 619 744 669 meaa
768 618 806 678 11,
831 617 955 669 cneus
979 618 1062 670 xvr.
1446 622 1505 685 271

175 758 426 849 pomeridiana,
450 787 525 831 cum
548 766 665 831 multis
687 767 873 849 asperrima
906 767 1029 831 itinera
1051 764 1235 830 conficeret
1258 773 1393 830 etcum
1415 764 1519 830 hoste

176 883 415 966 praeliaretur,
439 903 545 947 neca
570 892 667 968 patre
697 883 812 946 induci
846 885 958 966 potuit
985 891 1023 946 ut
1053 882 1119 947 sibi
1148 881 1318 945 tantulum
1349 891 1514 965 parceret,

39 1002 142 1059 [128.
177 1009 237 1064 aut
260 1001 402 1084 genium
424 1001 459 1063 in
483 1000 580 1084 regni
604 1009 638 1063 et
660 996 742 1062 fidei
765 998 928 1063 damnum
944 997 1033 1063 *tam
1049 998 1271 1062 inclementer
1285 995 1513 1062 defraudaret.

177 1114 247 1180 His
271 1117 385 1189 armis,
410 1118 455 1179 ad
477 1116 686 1200 subigendos
710 1117 815 1179 animi
838 1114 956 1181 hostes
978 1135 1081 1197 quam
1104 1114 1286 1179 Lastenses
1305 1115 1515 1178 commodio-
1603 1110 1607 1115 ’

177 1233 284 1304 ribus,
308 1233 504 1304 instructus,
528 1232 572 1294 ad
596 1251 655 1296 eos
678 1250 756 1294 cum
779 1231 898 1314 paucis
921 1231 1097 1314 processit.
1121 1231 1245 1295 Plures
1275 1232 1366 1295 enim
1398 1249 1516 1294 mensa

176 1355 212 1409 et
235 1347 316 1410 aula
338 1347 462 1419 solent,
485 1365 590 1428 quam
611 1346 697 1409 belli
720 1348 796 1410 alea
823 1346 987 1410 convivas
1011 1366 1197 1411 numerare.
1221 1344 1306 1410 Cum
1330 1347 1373 1411 iis
1399 1342 1516 1411 tamen

176 1461 222 1526 ad
245 1463 457 1544 praecelsam
480 1471 515 1525 et
538 1462 693 1526 ultimam
716 1461 921 1527 Amarensis
944 1463 1041 1547 regni
1064 1472 1201 1537 metam,
1225 1464 1377 1526 maxime
1404 1462 1515 1525 orien-

175 1578 283 1642 talem
306 1586 341 1641 et
365 1576 503 1641 Zeilano
526 1596 632 1662 regno
656 1576 845 1651 finitimam,
870 1581 1038 1661 superatis
1064 1578 1182 1643 Doaro
1204 1588 1239 1642 et
1265 1577 1417 1661 Angote,
1433 1576 1515 1643 Gal·

175 1693 288 1757 larum
310 1692 506 1767 domiciliis,
529 1704 564 1757 et
588 1691 674 1758 fusis
697 1695 852 1778 pluribus
874 1696 1065 1769 rusticanis
1089 1694 1148 1778 qui
1171 1696 1348 1778 angustias
1371 1696 1515 1759 circum·

175 1809 356 1884 sedebant,
379 1813 544 1895 perrupit.

269 1943 300 2006 5.
316 1927 386 1991 Hic
408 1946 534 2011 prorex
559 1926 749 2012 principem
771 1927 961 1991 Basilidem
984 1927 1144 2009 illiusque
1163 1926 1353 1991 exercitum
1370 1928 1515 2012 aBaga·
1578 1936 1696 2001 protegi
1719 1951 1772 1989 sun
1797 1937 1865 1989 dilt-

175 2044 309 2109 mediro
325 2043 392 2106 sibi
406 2044 594 2127 promissos
613 2043 866 2128 opperiebatur.
882 2041 952 2108 Sed
968 2053 1132 2126 expertus
1146 2054 1208 2117 est,
1232 2043 1325 2127 quod
1349 2063 1515 2108 nonnum·
1543 2008 1639 2072 Μ’
1656 2008 1713 2060 ‘⁰¹‘
1729 2008 1863 2062 ‘'dm''

176 2179 281 2242 quam
293 2178 356 2224 suo
368 2167 403 2223 et
415 2161 587 2224 communi
603 2160 695 2224 malo
711 2162 735 2222 ii
751 2162 933 2243 patiuntur,
950 2163 1008 2244 qui
1024 2169 1102 2224 sunt
1117 2160 1223 2223 nimio
1236 2159 1313 2242 plus
1330 2159 1517 2241 diligentes

175 2275 311 2358 quibus,
336 2294 414 2338 cum
436 2277 522 2339 socii
545 2278 588 2339 ad
613 2277 755 2340 multam
779 2278 870 2340 diem
893 2285 1050 2350 stertunt,
1070 2276 1223 2339 exitialis
1238 2286 1367 2339 estsua
1383 2276 1517 2339 antelu-

177 2410 265 2454 cana
281 2389 460 2455 insomnia.
476 2391 566 2455 Nam
583 2393 669 2456 adeo
685 2392 798 2456 lentus
813 2390 878 2456 fuit
893 2391 1064 2473 Principis
1079 2400 1113 2455 et
1129 2392 1359 2473 imperialium
1378 2410 1514 2474 proces-

175 2527 245 2578 sus,
268 2515 306 2570 ut
330 2504 441 2589 ipsum
457 2510 608 2591 coeperit
624 2528 778 2572 annonae
801 2506 985 2571 difficultas
1007 2517 1041 2571 et
1060 2509 1109 2570 rei
1133 2505 1376 2571 frumentariae
1399 2508 1517 2589 inopia

175 2619 363 2707 flagellare,
387 2643 450 2687 nec
472 2623 614 2687 haberet
639 2625 729 2687 unde
751 2624 1027 2706 supplementum
1045 2632 1232 2706 quaereret,
1249 2643 1326 2687 cum
1342 2625 1516 2688 montibus

176 2747 212 2803 et
227 2737 388 2803 hostibus
402 2739 552 2824 undique
568 2741 772 2823 cingeretur.
785 2738 879 2813 Iden,
892 2749 1011 2804 ventre
1026 2758 1126 2804 aures
1141 2759 1211 2803 non
1225 2739 1374 2803 habente
1386 2759 1449 2803 nec
1464 2742 1515 2804 in·

176 2855 298 2920 ducias
322 2853 460 2930 ferente,
485 2856 674 2920 deserenda
689 2854 754 2920 fuit
769 2876 870 2939 rupes
886 2876 988 2937 quam
1005 2856 1184 2929 insidebat,
1201 2865 1235 2919 et
1250 2858 1316 2920 iter
1330 2865 1515 2920 retrorsum
1572 2850 1577 2856 ’

177 2974 457 3045 convertendum,
481 2971 560 3036 Hoc
584 2982 721 3057 sumpto
745 2973 902 3044 consilio,
921 2975 1003 3054 quia
1018 2991 1095 3036 raro
1111 2974 1284 3036 exercitus
1299 2974 1372 3035 sine
1389 2991 1515 3057 magno

177 3087 377 3152 discrimine
399 3098 589 3163 revocatur,
616 3099 650 3154 et
674 3090 784 3153 maius
806 3090 991 3153 discrimen
1007 3097 1059 3153 est
1074 3089 1180 3161 ducis,
1197 3090 1226 3152 si
1241 3088 1307 3151 hoc
1323 3087 1448 3171 dignus
1464 3100 1516 3153 est

178 3203 327 3277 nomine,
351 3224 454 3287 quam
476 3206 750 3288 manipularium,
775 3206 982 3269 diedecima
1005 3214 1104 3268 sexta
1120 3206 1312 3269 decembris
1327 3207 1516 3287 eademque

177 3320 360 3395 dominica,
396 3322 635 3405 exomologesi
670 3331 705 3385 et
739 3341 838 3385 sacra
871 3320 997 3404 synaxi
1028 3341 1066 3385 se
1098 3323 1252 3395 munivit,
1284 3331 1320 3385 et
1349 3322 1515 3405 sequenti,

177 3444 358 3520 postquam
382 3437 533 3502 animum
557 3437 774 3502 confessione
809 3440 932 3501 iterum
962 3447 1192 3521 repurgasset,
1223 3438 1358 3520 aliquos
1386 3434 1517 3500 fistula-

177 3562 270 3618 tores
300 3573 363 3637 per
386 3557 513 3619 montis
535 3555 719 3637 supercilia
742 3565 777 3619 et
801 3564 967 3638 angustos
990 3555 1098 3619 calles
1113 3555 1241 3626 divisit,
1265 3565 1302 3618 ut
1325 3555 1518 3618 rusticanos

177 3669 251 3733 sine
276 3671 380 3734 dubio
403 3693 424 3734 a
447 3683 546 3755 tergo
569 3671 788 3734 allatraturos
811 3671 1020 3743 cohiberent,
1045 3680 1079 3734 et
1097 3671 1242 3734 coeteris
1259 3679 1338 3733 ante
1354 3669 1515 3741 dimissis,

178 3795 371 3850 extremum
395 3788 469 3869 ipse
492 3806 616 3871 agmen
644 3787 777 3851 clausit.
801 3784 873 3850 Sed
897 3806 975 3850 cum
998 3786 1085 3849 illud
1116 3788 1269 3850 montani
1300 3805 1367 3848 non
1399 3786 1516 3849 admo·

179 3904 258 3967 dum
283 3903 381 3966 multi
405 3905 623 3976 lacesserent,
648 3905 808 3967 custodes
831 3913 926 3967 tanta
949 3904 1159 3985 perturbatio
1183 3902 1332 3976 incessit,
1355 3912 1403 3975 ut,
1420 3899 1517 3964 fasti·

177 4019 246 4103 giis
269 4028 304 4082 et
327 4016 484 4083 faucibus
507 4020 660 4093 desertis,
685 4041 726 4082 eo
750 4029 902 4102 tempore
926 4039 963 4083 se
987 4021 1021 4082 in
1046 4017 1164 4102 fugam
1184 4031 1217 4083 et
1233 4020 1339 4102 aliqui
1363 4021 1398 4080 in
1418 4036 1520 4100 prae·

107 4150 112 4159 ·
179 4136 299 4218 cipitia
321 4136 539 4208 coniecerint,
562 4154 631 4216 quo
653 4154 780 4218 prorex
803 4137 837 4198 in
854 4136 968 4198 medio
984 4136 1149 4198 descensu
1163 4135 1336 4199 haerebat.
1352 4134 1517 4197 Monuere
1576 4130 1579 4135 ’

180 4249 363 4334 stipatores
392 4261 429 4315 ut
463 4272 501 4315 se
532 4270 578 4314 ex
608 4271 707 4315 sacso
738 4252 909 4323 deiiceret,
941 4252 1033 4334 quod
1063 4253 1225 4315 innoxius
1256 4271 1317 4313 nec
1348 4250 1517 4333 inglorius

178 4376 354 4449 praestare
375 4376 502 4449 posset.
527 4366 592 4430 Ille
614 4377 729 4430 tamen
754 4368 789 4430 id
805 4388 842 4430 se
858 4368 1037 4450 indignum
1053 4377 1146 4431 ratus
1161 4376 1195 4430 et
1211 4385 1400 4449 agnoscens
1419 4364 1516 4428 illam

179 4502 255 4545 esse
278 4480 398 4546 horam
421 4503 485 4566 pro
508 4483 690 4547 Romanae
712 4481 792 4547 fidei
816 4481 1016 4546 defensione
1039 4484 1216 4556 moriendi,
1247 4502 1350 4565 quam
1381 4500 1517 4563 semper

179 4608 416 4680 exoptaverat,
438 4601 523 4682 ipsis
539 4619 616 4663 eum
633 4600 758 4663 saltum
775 4602 865 4662 laeto
880 4600 978 4662 vultu
994 4609 1029 4663 et
1044 4600 1170 4662 blando
1187 4601 1352 4662 dexterae
1367 4598 1516 4679 impulsu

181 4716 299 4787 suasit,
315 4734 376 4779 suo
391 4736 429 4778 se
445 4716 607 4780 dictitans
624 4718 700 4779 loco
716 4734 983 4797 permansurum.
997 4715 1117 4778 Cuncti
1131 4724 1304 4777 momento
1316 4714 1515 4786 discessere,

180 4840 316 4913 praeter
339 4833 433 4905 duos,
458 4832 582 4915 quibus
606 4834 770 4896 commori
793 4831 1019 4913 praefinitum.
1047 4832 1168 4894 Telum
1197 4833 1327 4894 missile
1354 4833 1389 4894 in
1417 4831 1514 4893 illum

42 4955 151 5012 t.128,v.
180 4946 371 5009 coniectum
395 4948 517 5010 stantis
541 4948 629 5011 latus
652 4945 866 5020 trans*misit‚
891 4968 958 5030 quo
982 4959 1133 5030 accepto,
1154 4948 1219 5010 Dei
1235 4947 1335 5010 miles
1351 4948 1513 5030 ingenua

179 5063 384 5145 procumbit,
408 5083 504 5126 suam
527 5064 579 5127 illi
603 5065 752 5127 animam
769 5065 1021 5137 commendans
1038 5074 1072 5127 et
1087 5065 1200 5127 subito
1218 5064 1377 5126 libratum
1394 5072 1446 5126 est
1461 5083 1514 5125 sa·

180 5197 264 5242 xum
288 5177 381 5261 quod
404 5189 558 5244 orantem
580 5189 693 5246 terrae
716 5179 849 5246 afflixit.
873 5179 920 5244 Et
941 5181 1105 5243 rusticani
1127 5180 1195 5241 duo
1222 5180 1433 5251 accedentes,
1450 5198 1514 5241 nec
