4124 6182
525 559 564 618 92
858 549 1132 600 EXPEDITIONIS
1155 548 1416 599 AETHIOPICAE
1439 548 1520 598 ETC.

210 710 282 760 cum
292 724 320 773 p.
332 712 417 759 Petro
426 711 497 758 Pae·
615 721 643 763 2.
668 698 884 784 Significavit
907 700 1020 771 etiam,
1044 699 1110 762 sibi
1134 707 1271 780 gratum
1296 695 1380 768 fore,
1402 699 1433 761 si
1455 707 1553 780 pater
1578 696 1735 767 Paezius,
1757 712 1857 774 quem

174 781 221 902 ἔξ
229 780 497 902 {ggdssoffgffl
524 815 677 879 audierat
700 815 899 897 Zadenguili
924 813 1031 878 fuisse
1054 833 1186 877 summe
1209 815 1408 897 gratiosum,
1432 814 1468 875 in
1498 812 1647 894 Tigraeo
1670 828 1778 893 regno
1802 809 1859 869 de·

175 923 495 984 ⁸¹L¹¹⁸¹¹⁸¹²¹⁸⁸Rffl¹¹b
523 950 618 1014 gens,
642 932 686 993 ad
708 951 746 994 se
769 927 931 993 festinato
955 931 1132 1001 acciretur,
1156 949 1302 1011 eumque
1325 930 1398 1011 ipse
1414 929 1509 1010 prius
1531 926 1733 991 transmisso
1756 924 1861 987 tabel-

524 1046 619 1114 lario,
636 1047 782 1109 vocavit.
799 1045 994 1128 Appulsum
1011 1064 1104 1117 vero,
1117 1045 1249 1117 eodem,
1262 1064 1331 1126 quo
1347 1045 1421 1127 ipse
1444 1046 1644 1126 prandebat,
1664 1039 1859 1109 caenaculo,

523 1161 602 1223 velo
624 1170 757 1224 tantum
781 1160 992 1243 interposito,
1015 1160 1115 1224 iussit
1140 1161 1281 1242 epulari.
1309 1159 1470 1222 Remotis
1486 1159 1625 1229 mensis,
1641 1178 1719 1220 eum
1735 1156 1859 1237 coegit,

522 1296 590 1358 qua
612 1279 744 1339 ratione
766 1275 838 1339 ficri
861 1287 987 1358 posset,
1012 1288 1048 1339 ut
1071 1274 1225 1339 Lusitani
1247 1276 1373 1338 milites
1389 1276 1433 1337 ad
1449 1295 1497 1347 se,
1514 1284 1552 1338 ut
1566 1274 1650 1337 olim
1666 1274 1731 1335 sub
1746 1267 1865 1334 Asnaf

523 1392 693 1476 Seguedo,
728 1393 947 1465 accederent;
982 1392 1067 1454 illud
1101 1392 1192 1454 enim
1228 1392 1365 1454 unicum
1388 1409 1464 1453 esse
1499 1389 1709 1472 praesidium
1739 1396 1777 1449 ut
1808 1405 1862 1447 res

523 1509 702 1571 abassinae
725 1506 919 1571 firmitatem
944 1507 1229 1570 nanciscerentur.
1253 1505 1452 1587 Respondit
1475 1516 1582 1588 pater,
1606 1503 1701 1567 aliud
1727 1522 1766 1566 se
1793 1521 1861 1564 mc·

524 1625 617 1686 dium
648 1624 911 1706 haudquaquam
943 1623 1144 1705 conspicari,
1175 1642 1278 1706 quam
1307 1624 1337 1685 si
1361 1623 1435 1704 ipse
1466 1641 1628 1685 romanae
1657 1618 1738 1682 fidei
1770 1637 1861 1680 com·

523 1741 665 1820 plexum
689 1750 724 1801 et
746 1738 924 1802 Ecclesiae
948 1740 1148 1820 obsequium
1172 1740 1374 1821 sponderet:
1400 1740 1435 1801 id
1463 1739 1555 1801 enirn
1571 1747 1682 1800 totum
1697 1754 1774 1798 esse
1790 1753 1860 1815 pre¹

523 1857 619 1926 tium,
650 1876 718 1938 quo
750 1855 941 1918 catholicus
975 1854 1172 1918 Lusitaniae
1203 1855 1287 1916 Rex
1326 1856 1370 1918 ad
1401 1874 1461 1917 eos
1491 1863 1650 1935 sumptus
1686 1850 1863 1914 faciendos

524 1971 784 2052 pertraheretur,
808 1982 843 2034 et
866 1970 1048 2033 Romanus
1071 1967 1235 2034 Pontifex
1259 1972 1303 2033 ad
1318 1970 1533 2033 subiicienda
1549 1968 1615 2051 ipsi
1630 1987 1767 2031 suarum
1784 1966 1862 2028 hor·

523 2087 691 2150 tationum
719 2086 867 2149 calcaria
897 2095 1163 2168 permoveretur.
1197 2085 1294 2148 Nihil
1325 2084 1517 2166 imperator
1547 2082 1770 2154 detrectavit3
1801 2100 1862 2143 ex-

524 2214 639 2265 aratae
663 2202 759 2266 illico
781 2212 859 2265 sunt
889 2204 933 2265 ad
964 2202 1160 2265 Romanam
1192 2200 1404 2274 Pontificem,
1438 2201 1636 2264 Lusitaniae
1667 2198 1805 2280 Regem
1829 2208 1863 2258 et

526 2318 676 2380 indicum
699 2327 891 2399 praetorem
916 2318 1100 2400 epistolae3
1124 2316 1213 2379 aliae
1237 2326 1315 2398 post
1338 2335 1402 2379 sex
1425 2334 1535 2378 annos
1557 2323 1592 2376 et
1619 2315 1762 2376 ultimae
1786 2325 1864 2393 post

524 2433 683 2514 quinque,
708 2431 798 2495 Iulio
821 2443 924 2513 atque
948 2431 1076 2495 Abuna
1099 2429 1240 2494 Simone
1263 2433 1298 2493 in
1329 2429 1513 2512 perfidioso
1540 2438 1659 2492 contra
1685 2446 1864 2490 romanam

524 2550 705 2611 veritatem
729 2550 822 2611 bello
847 2548 1095 2631 interremptis3
1131 2568 1207 2612 cum
1231 2564 1366 2629 semper
1388 2546 1454 2628 ipsi
1487 2558 1556 2608 tam
1581 2564 1602 2607 a
1625 2543 1729 2626 Rege
1761 2562 1864 2624 quam

523 2686 544 2726 a
578 2662 746 2727 Pontifice
773 2665 980 2746 perhumane
1011 2677 1046 2728 et
1078 2666 1123 2727 ad
1153 2682 1274 2746 preces
1306 2673 1497 2744 opportune
1528 2661 1784 2724 rescriberetur.
1819 2657 1866 2719 Et

526 2790 621 2861 pater
645 2780 787 2843 Paezius
811 2782 844 2843 in
868 2800 1012 2864 regnum
1035 2780 1229 2864 Tigraeum,
1255 2780 1387 2842 litteras
1410 2787 1447 2841 ut
1471 2778 1505 2840 in
1529 2776 1665 2840 Indiam
1687 2776 1864 2857 dirigeret,

525 2908 577 2957 est
600 2896 770 2958 dimissus.

617 3031 645 3090 3.
670 3010 754 3074 Post
784 3011 869 3074 haec
900 3013 1027 3084 divina,
1057 3032 1095 3075 se
1126 3012 1169 3074 ad
1200 3014 1298 3094 regni
1329 3030 1428 3074 curas
1461 3010 1653 3092 Imperator
1682 3007 1864 3070 convertit.

214 3142 290 3192 tnter
308 3142 409 3190 natm
426 3140 499 3189 divi·
526 3124 680 3207 Quatuor
702 3127 755 3189 illi
778 3123 873 3189 fuere
896 3125 1020 3189 fratres
1043 3145 1089 3189 ex
1112 3129 1233 3192 eadem
1256 3140 1365 3191 matre
1397 3129 1449 3191 Ite
1465 3126 1655 3198 Amelmal,
1672 3124 1774 3196 idest,
1792 3123 1866 3206 pal·

178 3212 221 3262 ὀὴ
238 3212 437 3275 praetectum.
528 3244 599 3306 lore
622 3263 682 3305 seu
705 3241 879 3305 viriditate
910 3242 994 3314 auri,
1017 3262 1062 3304 ex
1093 3243 1283 3305 clarissima
1314 3241 1506 3306 Ximelium
1535 3242 1791 3304 Amaraeorum
1817 3236 1866 3301 fa·

527 3357 632 3429 milia,
649 3359 795 3420 diversis
810 3358 973 3438 patribus.
991 3357 1080 3419 Nam
1096 3356 1229 3420 Emana
1245 3355 1410 3431 Christds,
1427 3356 1502 3421 Asa
1518 3354 1683 3427 Christds,
1701 3365 1737 3418 et
1753 3353 1868 3417 Melea

526 3471 681 3537 Christds
703 3472 773 3555 (qui
800 3475 868 3536 iam
899 3494 918 3536 e
949 3475 1040 3536 vivis
1069 3484 1276 3547 excesserat,
1308 3475 1429 3537 relicto
1460 3472 1533 3536 filio
1564 3470 1671 3536 Sarsa
1701 3469 1866 3542 Christds,

527 3599 667 3652 cruenta
689 3599 810 3670 postea
832 3599 942 3652 morte
964 3588 1112 3669 sublato)
1136 3600 1267 3671 patrem
1292 3589 1441 3652 habuere
1463 3588 1622 3671 Azagem
1648 3585 1755 3650 Sarsa
1770 3585 1867 3649 Chri·

527 3705 615 3777 stds;
640 3705 750 3768 iunior
773 3703 856 3768 Sela
878 3703 1042 3777 Christos,
1066 3707 1164 3779 idest,
1182 3708 1297 3789 imago
1312 3705 1450 3778 Christi,
1474 3706 1683 3788 vigesimum
1706 3714 1867 3785 quartum

527 3832 606 3884 tunc
630 3840 756 3884 annum
779 3839 896 3904 agens,
920 3820 1111 3894 Musaeum,
1133 3821 1394 3885 Damotensium
1414 3820 1622 3884 ditissimum
1643 3829 1678 3884 et
1694 3820 1868 3883 nobilissi-

215 3948 282 3998 sut
299 3947 427 3997 christos
439 3947 500 3996 lau·
528 3956 631 3999 mum.
647 3935 682 3998 Is
706 3937 765 3999 ille
780 3946 832 4000 est
847 3933 946 3999 *Sela
961 3935 1127 4009 Christds,
1143 3939 1202 4020 qui
1219 3938 1348 4020 ingenii
1363 3937 1587 4019 perspicacia,
1604 3938 1711 3999 studii
1728 3946 1868 3998 conten·
1893 3941 1909 3988 f·
1924 3940 1978 3999 40³·

180 4021 240 4069 ‘¹⁸⁸'
528 4053 633 4124 tione,
656 4049 867 4126 fortitudine,
891 4070 1005 4114 rerum
1028 4053 1238 4134 agendarum
1262 4054 1411 4124 solertia,
1437 4053 1654 4124 liberalitate,
1679 4052 1810 4133 insigni
1834 4049 1867 4112 in

528 4186 703 4230 romanam
734 4165 837 4229 fidem
860 4166 1027 4249 religione
1050 4178 1085 4229 et
1109 4169 1142 4228 in
1168 4168 1258 4230 illius
1280 4169 1566 4250 propagationem
1590 4166 1724 4241 ardore,
1748 4186 1867 4229 secun·

529 4284 658 4353 darum,
686 4294 764 4363 post
795 4281 1049 4363 Imperatorem,
1074 4283 1221 4363 partium
1245 4298 1341 4346 actor
1365 4281 1447 4355 fuit;
1475 4283 1536 4345 sed
1565 4282 1761 4345 constantia
1777 4282 1812 4344 in
1828 4301 1869 4344 ea

529 4395 745 4461 defendenda
774 4416 880 4478 usque
911 4397 954 4458 ad
985 4398 1207 4478 principatus,
1243 4396 1466 4470 fortunarum,
1490 4398 1611 4460 uxoris
1634 4397 1812 4470 iacturam,
1836 4407 1869 4460 et

529 4513 626 4576 exilii
650 4515 717 4575 iam
734 4531 937 4595 perannum
961 4513 1129 4573 decimum
1153 4524 1314 4576 octavum
1339 4515 1570 4595 perpessione,
1594 4514 1750 4576 omnium
1768 4511 1869 4576 facile

529 4630 696 4710 princeps.
713 4626 818 4690 Cuius
833 4624 981 4690 frontem
997 4647 1074 4690 cum
1090 4648 1187 4691 sacro
1203 4629 1388 4692 chrismate
1400 4630 1636 4711 perunximus,
1649 4627 1717 4710 ipsi
1729 4639 1870 4711 propter

529 4753 720 4825 spectatam
747 4743 790 4804 ad
815 4745 929 4805 omnia
944 4762 1069 4825 magna
1092 4745 1255 4816 indolem,
1273 4745 1308 4807 in
1324 4747 1441 4828 magni
1458 4745 1639 4809 Antistitis
1655 4747 1866 4813 memoriam.

530 4859 656 4921 Leonis
672 4877 795 4921 nomen
811 4859 1057 4940 adaptavimus.
1083 4859 1120 4922 In
1138 4879 1197 4922 eos
1213 4859 1317 4942 igitur
1335 4859 1569 4942 praefecturas
1583 4862 1743 4924 dividere
1762 4862 1869 4924 voluit

531 4976 729 5057 Imperator.
747 4974 897 5038 Amarae
921 4971 1054 5038 Emana
1076 4973 1241 5047 Christds,
1266 4976 1488 5059 Bagamediri
1510 4974 1595 5040 Sela
1616 4975 1787 5050 Christds,
1803 4974 1868 5041 Go-

531 5094 641 5154 iamae
657 5111 772 5155 curam
796 5091 884 5154 Iulio
907 5112 1045 5175 genero,
1062 5092 1138 5155 viro
1154 5093 1311 5173 prudenti
1331 5111 1441 5174 aeque
1457 5112 1497 5155 ac
1513 5093 1667 5165 robusto,
1684 5094 1867 5177 delegans:
