4124 6182
650 575 767 624 LIBER
792 576 814 633 I,
847 575 972 625 CAPUT
995 574 1051 625 xl.
1457 581 1513 625 101

180 720 429 804 antesignanus
451 719 584 785 Emand
606 718 771 794 Christds,
795 722 910 785 senior
932 722 1154 804 Imperatoris
1178 721 1292 795 frater,
1317 722 1394 786 Ras
1409 722 1518 806 digni·

180 844 252 899 tate
276 845 411 907 auctus,
434 848 684 919 permoverunt,
709 847 746 899 ut
770 839 813 899 iis
835 837 894 919 qui
922 837 1164 902 Lusitanorum
1193 836 1295 901 fidem
1322 840 1517 920 probarent,

180 962 239 1013 aut
263 950 300 1015 in
324 972 442 1015 eorum
464 954 604 1037 templis
627 956 859 1026 convenirent,
883 956 941 1019 vel
969 955 1254 1036 colloquerentur,
1280 955 1387 1017 sacris
1413 956 1517 1016 inter·

181 1069 322 1133 diceret.
348 1067 450 1150 Quod
473 1089 550 1131 curn
582 1071 643 1133 ille
674 1072 708 1133 in
732 1073 898 1135 castrensi
922 1073 1069 1136 ecclesia
1091 1070 1294 1153 interposita
1321 1082 1517 1133 sanctorum

180 1185 420 1264 apostolorum
444 1186 537 1249 Petri
562 1198 596 1250 et
619 1187 719 1251 Pauli
742 1190 955 1260 auctoritate,
979 1189 1217 1270 praestitisset,
1249 1188 1389 1249 obvium
1419 1186 1517 1249 Lusi·

179 1309 299 1362 tanum
322 1302 464 1382 quidam
487 1303 678 1367 catholicus
693 1304 880 1377 admonuit,
905 1305 1054 1368 Abunae
1076 1304 1223 1374 diceret,¹
1240 1314 1276 1366 ut
1291 1303 1518 1365 alexandrina

180 1414 342 1479 Dioscori
365 1427 538 1499 potestate
565 1420 740 1492 niteretur,
772 1431 806 1483 et
838 1420 1009 1484 Romanis
1038 1440 1119 1483 suos
1148 1418 1340 1501 Apostolos
1370 1420 1518 1482 intactos

179 1532 401 1615 relinqueret,
427 1555 447 1598 a
469 1535 594 1617 quibus
616 1537 692 1599 sola
715 1556 791 1599 curn
815 1535 883 1600 fide
914 1537 1031 1599 claves
1061 1536 1277 1599 donarentur.
1303 1532 1403 1616 Quod
1433 1533 1517 1596 olim

179 1649 297 1712 verbis
319 1650 408 1722 aliis,
432 1653 493 1713 sed
516 1652 640 1715 eodem
656 1673 757 1716 sensu
778 1654 915 1716 dixerat
931 1651 1081 1734 Optatus
1103 1650 1328 1714 Mlevitanus:
1357 1649 1455 1714 Unde
1469 1652 1520 1713 cst

179 1764 271 1846 quod
277 1764 387 1829 claves
399 1766 502 1852 regni
509 1767 602 1831 nobis
612 1774 781 1854 usurpare
791 1768 1004 1840 contenditis,
1017 1766 1081 1852 qui
1088 1771 1204 1829 contra
1215 1765 1408 1830 cathedram
1418 1764 1521 1828 Petri

177 1879 302 1943 vcstn's
314 1883 647 1967 praesumptionibus
667 1889 702 1948 et
723 1884 877 1948 audaciis
897 1884 1061 1969 sacrilege
1082 1879 1271 1947 maistans?
1285 1881 1329 1966 (ι)
1352 1878 1517 1944 Conscius

179 1994 331 2059 Abunae
349 1999 424 2060 ausi
440 1997 642 2081 Imperator,
658 2000 873 2063 senatoribus
888 2000 1119 2064 castrensibus
1134 2000 1245 2062 edixit
1261 2008 1297 2061 ut
1312 1999 1408 2081 regio
1423 2014 1516 2079 prae·

179 2114 281 2174 conlo
306 2112 474 2187 omnibus,
499 2116 557 2197 qui
580 2117 720 2188 vellent,
744 2127 950 2198 potestatem
975 2113 1126 2179 facerent
1153 2116 1322 2178 lusitanae
1347 2112 1426 2177 fidei
1454 2115 1516 2174 im·

178 2247 268 2309 pune
293 2230 494 2310 capiendae.
517 2230 581 2294 Cui
603 2233 766 2296 mandato
790 2233 851 2304 illi,
876 2234 991 2295 animo
1014 2234 1048 2295 in
1076 2230 1224 2294 Abunae
1247 2231 1450 2294 sententiam
1466 2230 1517 2291 di·

176 2344 372 2417 scedentes,
396 2347 482 2408 satis
505 2346 613 2409 invite
636 2357 831 2428 paruerunt.

267 2481 302 2538 4.
326 2459 411 2523 Cum
436 2458 659 2526 Goiamenses
682 2462 777 2543 Agai
801 2482 891 2525 anno
918 2467 1000 2541 1614
1025 2465 1192 2526 aerarIum
1217 2462 1342 2525 debitis
1365 2461 1516 2542 vectiga·
1578 2480 1647 2527 nco
1670 2474 1746 2540 apud
1772 2471 1865 2522 Achn-

177 2575 269 2639 libus
294 2575 578 2649 intervertissent,
602 2576 829 2641 Achaferium
852 2580 887 2641 in
911 2597 1027 2642 eorum
1051 2576 1175 2641 finibus
1199 2578 1347 2641 locatum
1366 2576 1517 2658 Impera·
1544 2546 1657 2597 ΜΨ·

175 2701 231 2754 tor
254 2711 338 2755 suas
360 2691 479 2775 copias
502 2693 546 2756 ad
568 2693 713 2757 hiberna
742 2694 905 2758 traduxit.
934 2692 1046 2776 Quam
1077 2695 1367 2777 opportunitatem
1398 2702 1434 2754 ut
1461 2711 1516 2753 res

176 2818 325 2870 novaret
348 2820 469 2872 nactus
491 2807 629 2882 Abuna,
655 2812 782 2873 multos
806 2812 918 2892 coepit
943 2812 986 2873 ad
1009 2830 1160 2874 errorum
1183 2828 1319 2872 suorum
1347 2805 1516 2870 defensio·

177 2943 266 2995 nem,
281 2924 421 2987 obiecto
434 2924 556 2988 iterum
569 2926 796 2997 anathemate,
812 2928 985 2990 solicitare
1001 2928 1048 3011 (in
1072 2927 1195 3007 quibus
1207 2925 1332 2987 Iulium
1347 2925 1515 3006 tigraeum

176 3057 363 3123 protegem
387 3052 423 3103 ut
448 3039 538 3105 fastu
562 3043 746 3125 turgidum,
772 3043 819 3105 ita
842 3044 1008 3105 scientiae
1031 3041 1197 3125 indigum)
1220 3040 1265 3103 ad
1288 3038 1517 3123 provinciales

176 3155 371 3218 catholicos
395 3167 429 3219 et
451 3153 620 3220 foeminas
643 3154 817 3220 Lusitanis
840 3169 964 3240 nuptas
979 3155 1200 3221 facultatibus
1215 3156 1399 3225 exuendas,
1417 3154 1516 3217 emis·

175 3271 279 3335 sariis
303 3273 484 3335 submissis
506 3271 700 3346 TafazibuS,
725 3274 921 3347 concitavit,
946 3276 1037 3355 quod
1068 3273 1244 3336 hominum
1278 3291 1386 3356 genus
1409 3281 1443 3334 et
1468 3267 1517 3332 fe·

176 3386 272 3451 ritati
299 3399 334 3450 et
358 3388 498 3470 rapinae
522 3391 753 3471 mancipatum
777 3392 917 3472 antiquo
941 3402 974 3453 et
999 3392 1162 3453 intestino
1186 3392 1219 3452 in
1233 3388 1424 3467 Lusitanos·
1437 3387 1517 3448 odio

176 3503 422 3568 inflammatur.
446 3504 611 3568 Abunam
635 3516 767 3587 patrem
791 3506 961 3578 Paezium
986 3503 1068 3570 Sela
1090 3504 1246 3568 Christds
1269 3516 1304 3567 et
1327 3503 1518 3566 Monachos

176 3616 407 3683 Goiamenses
430 3632 464 3683 et
488 3620 762 3704 Bagamedrinos
785 3623 827 3685 ad
848 3642 885 3685 se
911 3622 1054 3685 accersit
1070 3621 1271 3704 Imperator,
1288 3640 1366 3683 cum
1382 3621 1517 3683 interim

62 3778 68 3790 .
118 3760 148 3800 ,·.
175 3736 252 3817 ipse
277 3755 300 3797 a
324 3744 432 3797 matre
454 3747 488 3799 et
504 3757 524 3798 a
541 3735 647 3800 fratre
662 3735 795 3800 Emanai
812 3737 967 3802 Christds
983 3740 1253 3809 submoueretur,
1270 3757 1313 3799 ne
1333 3734 1388 3798 *se
1404 3757 1518 3800 suum·

175 3871 242 3933 que
268 3852 453 3932 imperium
478 3854 511 3915 in
535 3864 690 3934 apertum
715 3854 897 3917 discrimen
921 3856 1118 3917 coniiceret.
1142 3853 1274 3935 Quibus
1290 3853 1363 3935 ipse
1379 3872 1517 3937 respon·

175 3969 237 4039 dit,
264 3987 345 4029 cum
370 3967 437 4029 sibi
461 3969 585 4051 ubique
610 3989 701 4032 mors
724 3981 813 4032 esset
838 3971 872 4032 in
896 3970 1040 4039 insidiis,
1072 3970 1157 4032 nihil
1189 3969 1300 4051 magis
1330 3974 1516 4052 optandum

175 4102 282 4164 quam
308 4092 346 4145 ut
370 4084 445 4165 ipsa
464 4086 499 4146 in
514 4086 671 4147 veritatis
686 4087 993 4169 propugnationem
1010 4084 1260 4168 defungeretur.
1277 4085 1426 4150 Easdem
1441 4108 1518 4150 sua·

174 4201 296 4262 siones
320 4217 383 4280 pro
407 4199 607 4263 deriduculo
630 4201 751 4263 habuit
786 4199 868 4263 Sela
902 4200 1066 4272 Christds,
1099 4203 1143 4264 ab
1174 4202 1367 4283 importuno
1399 4205 1517 4266 lateris

175 4317 301 4377 dolore
324 4334 386 4397 per
409 4335 469 4378 eos
491 4318 574 4388 dies,
600 4337 642 4378 ne
657 4317 774 4381 hostes
789 4318 1048 4398 triumpharent,
1065 4317 1184 4379 divina
1199 4320 1328 4399 pietate
1344 4319 1517 4382 liberatus.

175 4430 216 4493 ln
241 4430 356 4513 patris
380 4429 494 4493 Paezii
517 4432 664 4514 gratiam
688 4433 731 4494 ad
756 4432 880 4495 Iulium
906 4433 1097 4515 Imperator
1119 4434 1239 4496 scribit
1259 4444 1295 4497 ut
1315 4434 1518 4517 quidquida

175 4546 364 4609 catholicis
380 4556 414 4607 et
437 4544 610 4609 Lusitanis
633 4559 724 4610 esset
748 4550 948 4628 expilatum,
973 4548 1093 4611 iisdem
1112 4560 1287 4612 numerato
1303 4550 1517 4624 redderetur;

175 4663 239 4725 sed
264 4661 302 4723 id
326 4662 419 4743 quod
443 4680 536 4724 mare
551 4663 658 4725 semel
674 4664 859 4735 absorbuit,
876 4683 953 4726 raro
968 4664 1139 4747 integrum
1156 4666 1190 4727 in
1207 4665 1304 4728 littus
1318 4678 1440 4748 sponte
1455 4687 1518 4729 sua

175 4780 237 4840 sad
261 4778 341 4839 sola
363 4775 527 4840 fluctuum
551 4780 779 4842 concitatione
801 4798 962 4861 quassum
987 4780 1226 4861 reciprocatur.

270 4910 300 4971 5.
327 4890 414 4955 Cum
438 4892 568 4957 Abuna
591 4895 636 4957 ob
660 4893 824 4958 inflictum
849 4895 883 4957 in
907 4896 1095 4958 catholicos
1118 4897 1301 4960 anathema
1327 4897 1519 4979 Imperator
1581 4908 1697 4957 Abunae
1709 4919 1737 4958 et
1749 4908 1866 4961 alterius

395 5008 401 5021 .
1238 5014 1244 5026 .
1279 5014 1284 5026 .
1545 4979 1726 5028 haeretici
1766 4980 1866 5032 incon·

176 5009 429 5092 expostulavit,
442 5020 477 5071 et
500 5021 683 5093 negantem
707 5022 882 5073 senatores
904 5012 1096 5083 tuebantur,
1122 5014 1212 5074 nudo
1236 5013 1328 5076 rllrus
1343 5024 1516 5094 tamquam
1544 5048 1657 5100 md..

267 5148 308 5206 (1)
328 5142 388 5193 Lib.
412 5155 433 5200 1,
453 5151 537 5196 contr.
559 5146 682 5196 Parmen.
