4166 6182
754 572 809 621 AD
834 571 1037 621 LECTOREM
1525 580 1560 621 21

226 719 418 799 proposita,
441 738 508 781 non
528 720 743 800 pertimesco
760 718 857 800 Quid
871 718 1019 803 amplius
1039 718 1139 782 debui
1147 718 1270 805 fucere
1288 720 1406 783 urucae
1424 740 1515 783 meua
1533 724 1569 782 et

228 832 466 919 uoufecz'?(1)
490 830 581 914 Quid
600 854 643 896 ue
659 836 703 896 ab
720 834 781 895 illa
796 835 996 897 extruderer
1012 836 1211 897 tentandum
1227 834 1349 897 omisi?
1372 833 1466 916 Quas
1482 836 1567 899 late-

229 950 309 1012 bras
324 960 359 1011 et
375 968 478 1030 rupes
495 951 689 1012 inaccessas
706 970 773 1012 non
790 951 967 1032 quaesivi?
984 951 1160 1031 Numquid
1176 951 1351 1013 doctrinae
1368 970 1485 1033 sepem
1501 953 1567 1032 ipsi

231 1084 299 1127 non
322 1066 562 1127 circumduxi?
585 1064 741 1148 Singulis
763 1066 885 1128 diebus
909 1068 1090 1129 dominicis
1113 1075 1147 1129 et
1171 1064 1306 1129 festivis
1332 1068 1442 1148 ipsam
1470 1086 1567 1148 prae·

231 1181 414 1243 dicationis
437 1182 532 1243 vallo
555 1183 761 1244 muniebam.
786 1181 971 1263 Numquid,
996 1203 1073 1245 cum
1097 1183 1263 1244 malarum
1282 1182 1567 1245 consuetudinum

230 1291 410 1357 frondibus
433 1296 644 1367 silvesceret,
668 1297 882 1359 luxuriantes
905 1298 1066 1378 palmites
1089 1294 1179 1359 falce
1207 1317 1274 1359 non
1301 1299 1471 1379 repressi?
1494 1296 1566 1359 Ex-

230 1412 422 1492 pendantur
437 1413 480 1473 ad
497 1422 677 1492 utrumque
701 1411 946 1493 Imperatorem
971 1414 1138 1494 epistolae
1161 1422 1197 1475 et
1220 1415 1411 1486 conciones,
1424 1422 1458 1476 et
1473 1413 1567 1475 vide-

229 1527 330 1599 bitur,
352 1547 419 1589 non
437 1528 575 1607 quidem
592 1526 761 1600 hebetem,
779 1530 839 1591 sed
856 1530 1043 1590 acutiorem
1059 1538 1093 1591 et
1109 1528 1337 1591 ardentiorem
1354 1548 1450 1591 meae
1467 1527 1568 1592 falcis

230 1642 338 1704 aciem
364 1639 480 1715 fuisse,
505 1662 608 1724 quam
624 1646 753 1724 patitur
769 1646 865 1726 regia
881 1645 1046 1726 magistas
1063 1643 1146 1726 [sic],
1164 1645 1206 1705 ad
1231 1646 1348 1727 magni
1371 1644 1568 1718 Theodosii,

231 1777 307 1820 cum
321 1759 522 1840 obiurgatus
535 1768 588 1821 est
604 1779 623 1819 a
639 1768 757 1821 sancto
774 1759 974 1831 Ambrosio,
997 1759 1201 1842 religionem
1222 1761 1372 1822 nondum
1395 1772 1567 1841 provecta.

231 1872 407 1955 Numquid
430 1884 569 1955 propter
593 1875 856 1937 somnolentiam
889 1875 973 1937 mihi
1004 1875 1072 1936 dici
1103 1884 1253 1956 poterat:
1279 1874 1401 1939 Custos
1426 1875 1511 1960 quid
1530 1877 1569 1939 du

231 1991 351 2053 nocte?
376 1988 499 2052 Custos
521 1988 607 2073 quid
627 1989 667 2052 de
689 1991 810 2053 nocte?
826 1990 869 2067 (2)
894 1990 1005 2053 Nocte
1028 2001 1062 2054 et
1086 1992 1142 2053 die
1157 1992 1305 2074 pervigil
1322 1988 1372 2054 fui
1397 1994 1431 2055 in
1455 2012 1496 2055 ea
1512 2012 1568 2054 cu-

231 2104 421 2178 stodienda,
447 2116 481 2168 et
504 2125 523 2167 a
548 2106 682 2187 magnis
707 2107 796 2186 lupis
819 2116 854 2169 et
871 2127 890 2168 a
907 2108 1059 2187 parvulis
1074 2108 1237 2188 vulpibus
1253 2106 1479 2181 defendenda,
1494 2128 1567 2180 nec,

125 2268 132 2282 .
183 2269 190 2284 .
231 2221 311 2284 dum
325 2242 396 2303 pax
411 2221 552 2304 *viguit
569 2231 705 2303 tempus
721 2222 830 2284 ullum
843 2222 933 2284 elabi
946 2242 1067 2303 passus
1081 2243 1247 2305 sum,quo
1263 2226 1307 2286 ab
1320 2225 1381 2286 illa
1393 2224 1568 2286 lustranda

232 2349 265 2401 et
288 2339 495 2401 excutienda
517 2339 583 2400 sim
607 2335 759 2400 feriatus.
784 2337 876 2419 Quid
900 2338 1004 2420 ergo?
1019 2337 1079 2400 An
1095 2340 1186 2422 quod
1197 2338 1570 2425 expectuuz'utfucerct

232 2473 316 2517 uuus
331 2452 462 2539 elfeca?
476 2453 648 2516 labruscas
659 2454 715 2535 (3),
728 2454 785 2516 vel
801 2455 926 2535 spinas,
944 2455 1068 2536 quibus
1083 2463 1209 2535 patres
1226 2455 1373 2517 cultores
1389 2474 1480 2525 suos,
1498 2454 1568 2536 epi-

231 2589 374 2650 scopum
399 2568 588 2633 Nicaenum
613 2579 646 2632 et
670 2590 725 2632 me
749 2571 945 2632 coronavit?
968 2567 1102 2633 Solatio
1126 2570 1224 2632 nobis
1243 2580 1306 2643 est,
1323 2571 1414 2651 quod
1430 2571 1568 2632 easdem

233 2686 359 2747 dilecto
384 2685 500 2746 tulerit
524 2686 635 2757 vinea,
660 2705 747 2765 quae
772 2683 864 2748 facta
887 2696 937 2747 est
961 2686 993 2746 ei
1017 2685 1052 2746 in
1076 2686 1153 2746 loco
1177 2686 1307 2766 pingui,
1326 2686 1360 2746 in
1377 2704 1482 2747 cornu
1498 2684 1569 2747 filio

232 2803 298 2866 olei
323 2801 506 2884 eidemque
530 2799 619 2864 fudit
634 2799 695 2887 fel
707 2800 888 2864 draconum
904 2806 938 2865 et
950 2820 1114 2863 venenum
1134 2798 1287 2885 aspidum
1310 2800 1524 2883 rusuuabile(
1547 2800 1567 2883 ).

232 2918 280 2981 Ut
304 2920 351 2981 ibi
377 2918 473 2981 nulla
497 2918 591 2981 illius
614 2920 716 3000 culpa
738 2916 812 2990 fuit,
837 2919 898 2980 sed
922 2928 1096 2999 espectata
1116 2916 1291 2998 patientia,
1308 2916 1358 2978 sic
1373 2936 1483 2998 neque
1499 2917 1570 2978 ulla

233 3043 385 3096 nostrum
411 3036 444 3095 in
469 3044 568 3097 aceto
592 3044 626 3097 et
650 3034 844 3116 absynthi0,
861 3035 953 3115 quod
970 3044 1086 3096 nostra
1109 3033 1291 3095 torcularia
1315 3041 1568 3112 expresserunt.

320 3148 472 3212 Odiosos
487 3151 661 3232 indigenis
678 3169 740 3212 nos
755 3146 861 3212 fuisse
875 3153 973 3231 (quae
989 3158 1063 3211 erat
1080 3148 1199 3211 ultima
1214 3148 1430 3227 obtrectatio)
1443 3166 1570 3230 negare

233 3285 300 3328 non
316 3285 510 3347 possumus,
527 3285 593 3328 non
610 3275 725 3327 tamen
741 3265 909 3337 omnibus,
926 3267 986 3328 sed
1004 3265 1045 3328 iis
1061 3276 1203 3336 tantum,
1220 3265 1263 3327 de
1279 3263 1404 3345 quibus
1417 3263 1571 3328 Christus

232 3382 420 3444 Dominus:
437 3380 545 3443 Beati
557 3381 638 3444 estus
656 3401 730 3444 cum
746 3401 803 3445 uos
817 3378 952 3444 oderint
964 3380 1115 3444 honzr'ues
1130 3384 1163 3443 et
1172 3379 1345 3464 persecuti
1362 3399 1419 3442 vus
1426 3378 1572 3465 fuerim

231 3501 266 3559 ct
287 3493 445 3560 drum'ut
466 3516 563 3559 omne
585 3496 713 3559 mulum
738 3497 898 3560 adversus
921 3517 986 3571 uos,
1011 3496 1052 3558 iis
1079 3515 1201 3577 nempe
1232 3496 1290 3575 qui
1313 3494 1470 3557 homines
1493 3504 1570 3555 sunt

232 3631 294 3674 nec
319 3610 493 3683 coelestia,
518 3613 578 3674 sed
602 3620 739 3674 terrena
762 3613 915 3694 sapiunt:
941 3611 1102 3673 catholici
1126 3612 1217 3673 enim
1241 3620 1275 3671 et
1295 3620 1452 3672 aeternae
1479 3611 1571 3670 vitae

232 3738 407 3790 curatores
430 3747 511 3789 suos
534 3727 653 3789 oculos
676 3726 845 3790 eruissent
868 3739 901 3790 et
918 3729 1016 3790 nobis
1031 3728 1215 3790 dedissent.
1232 3726 1270 3789 Si
1286 3727 1377 3787 oculi
1398 3725 1572 3787 lachrimis

232 3840 377 3906 fluentes
393 3844 521 3905 amoris
537 3853 615 3905 sunt
631 3842 772 3915 indices
790 3862 867 3905 cum
891 3863 951 3925 per
967 3864 1025 3906 eos
1048 3844 1162 3906 cordis
1186 3840 1291 3904 fibrae
1315 3842 1571 3923 colliquescunt,

231 3969 316 4041 quot
339 3958 597 4040 lachrymarum
621 3955 762 4020 flumina
791 3960 826 4020 in
857 3968 975 4021 nostro
1006 3959 1101 4021 exitu
1126 3956 1235 4020 effusa
1246 3958 1302 4039 (5).
1327 3956 1572 4027 Nebessenses,

231 4073 456 4145 Collelenses‚
488 4073 642 4136 Danotes
666 4074 749 4157 [sic],
774 4073 879 4157 Agai‚
909 4074 1163 4156 Gorgorrenses
1191 4083 1315 4154 patres,
1345 4094 1366 4134 a
1388 4072 1460 4135 suis
1490 4074 1572 4134 resi·

232 4189 366 4253 denciis
390 4208 558 4273 egressos,
584 4191 627 4252 ad
648 4200 824 4254 extremos
839 4210 977 4253 suorum
993 4209 1153 4272 agrorum
1170 4200 1204 4252 et
1219 4189 1473 4270 provinciarum
1489 4186 1574 4250 fines

232 4326 311 4368 curn
337 4306 526 4387 lachrymis
549 4314 584 4367 et
608 4307 728 4368 intimo
751 4306 881 4368 doloris
896 4325 998 4368 sensu
1015 4314 1094 4367 sunt
1109 4307 1280 4387 prosecuti
1294 4306 1347 4386 (6).
1372 4305 1521 4385 Depsae,
1538 4304 1571 4364 iu

233 4422 364 4503 oppido
387 4421 618 4493 Patriarchae‚
636 4423 680 4484 ad
696 4430 887 4484 extremam
904 4421 1104 4484 concionem
1120 4430 1155 4483 et
1174 4422 1458 4483 contestationem
1471 4420 1515 4502 (7)
1539 4428 1574 4482 et

231 4548 366 4619 postea,
390 4537 425 4598 in
448 4555 556 4619 regno
579 4536 739 4619 Tigrae0,
764 4539 798 4598 in
823 4538 944 4599 ultimo
960 4556 1116 4608 excessu,
1144 4536 1401 4607 catholicorum,
1426 4556 1472 4598 ex
1495 4556 1574 4617 pro·

231 4652 326 4735 regis
341 4653 465 4714 castris
481 4655 724 4725 accurentium,
737 4654 795 4734 qui
812 4653 979 4716 clamores
990 4672 1078 4733 quae
1094 4651 1406 4733 complorationes?
1419 4651 1462 4736 (8)
1479 4651 1575 4734 Quae

231 4787 333 4839 nunc,
358 4768 415 4829 vel
444 4769 597 4849 ipsorum
625 4768 876 4831 haereticorum
908 4768 1088 4839 desideria,
1119 4788 1207 4849 quae
1238 4769 1575 4831 commendationes?

321 4955 361 5023 (1)
382 4955 448 5006 Ism'.
467 4966 492 5019 5,
511 4971 536 5007 n.
556 4969 580 5017 4.
611 4982 633 4992 -
652 4954 691 5021 (z)
711 4957 775 5006 lsai.
795 4968 837 5011 21,
857 4972 882 5008 n.
904 4968 944 5005 11.
972 4982 994 4990 -
1017 4957 1053 5017 (3)
1073 4955 1137 5006 lsai.
1157 4967 1181 5019 5,
1201 4972 1226 5004 n.
1247 4969 1271 5017 4.
1291 4984 1324 4992 —
1344 4958 1381 5017 (4)
1402 4956 1510 5003 Denter.
1532 4965 1575 5015 32,

231 5063 256 5097 n.
277 5056 320 5107 33.
340 5072 377 5082 -
395 5046 433 5108 (5)
452 5045 512 5095 Lib.
532 5056 557 5101 2,
575 5060 633 5108 cap.
653 5055 694 5107 34,
714 5061 739 5096 n.
759 5043 784 5104 6,
806 5055 829 5105 7.
849 5072 883 5082 -
902 5042 944 5112 (6)
964 5044 1023 5096 Lib.
1045 5054 1069 5105 3,
1083 5059 1139 5109 cap.
1155 5052 1178 5103 7,
1191 5061 1216 5094 n.
1231 5050 1256 5096 b.
1286 5076 1291 5081 -
1318 5044 1356 5110 (7)
1369 5044 1428 5094 Lib.
1443 5054 1467 5104 3,
1481 5059 1537 5108 vap.
1552 5044 1575 5100 8,

229 5152 247 5184 u
278 5147 301 5184 1.
321 5162 357 5172 -
377 5133 415 5196 (8)
434 5134 495 5185 Lib.
515 5144 540 5195 3,
559 5149 616 5198 cap.
639 5146 678 5194 19,
698 5150 724 5187 n.
744 5133 768 5192 8,
792 5143 831 5196 15.
