4066 6184
243 2730 320 2784 sano
337 2732 460 2785 conalllo
472 2749 489 2783 ι
497 2748 528 2785 ae

206 2806 428 2928 uhrah?
437 2805 529 2942 1⁹1¹„ss

205 2956 290 2997 rator.

233 4013 382 4075 ‘tyrannm
394 4015 429 4064 de
441 4017 525 4065 Luta

204 4084 358 4136 deurenda
378 4086 523 4151 cogitavit.

563 583 625 645 286
894 589 1169 648 EXPEDITIONIS
1191 588 1456 649 AETHIOPICAE
1478 588 1559 648 ETC.

560 763 662 827 quam
687 743 859 808 dominica
881 744 1037 829 genialis,
1062 746 1212 810 intentae
1234 756 1330 810 erant
1353 746 1447 810 illius
1469 746 1601 829 copiae,
1624 755 1662 809 ut
1684 746 1764 809 cibo
1790 764 1827 815 re
1841 742 1888 823 in·

559 857 721 924 lercirent
752 870 787 925 et
811 861 846 924 in
869 862 988 925 vinum
1011 882 1079 925 non
1103 881 1206 926 avare
1230 862 1490 945 ingurgitarent,
1515 882 1592 925 cum
1615 862 1730 926 subito
1752 882 1791 927 so
1819 859 1886 924 infi-

542 979 630 1077 ‚nita
654 979 689 1040 vi
713 977 860 1041 militurn
883 1000 904 1041 a
927 979 1060 1042 duobus
1082 979 1304 1061 Imperatoris
1326 980 1472 1063 generis,
1496 989 1530 1042 et
1554 978 1622 1042 alio
1645 980 1803 1062 dynasta,
1826 979 1887 1061 ipsi

558 1095 742 1176 plurimum
766 1095 943 1168 obstricto,
967 1096 1113 1159 collecta
1135 1094 1359 1160 circumfusas
1381 1097 1510 1169 vident,
1534 1105 1567 1159 et
1590 1116 1611 1157 a
1637 1094 1786 1178 Tigraeo
1815 1114 1887 1177 pro·

557 1229 638 1293 rege
662 1212 706 1274 ab
729 1212 853 1275 iisdem
875 1213 1098 1295 praemonito,
1122 1221 1161 1275 ut
1181 1213 1339 1276 condicta
1353 1212 1447 1285 hora,
1463 1213 1601 1275 diversa
1616 1231 1684 1293 qua
1699 1212 1778 1293 ipsi,
1794 1220 1888 1295 parte

558 1328 814 1411 aggrederetur.
837 1328 1055 1410 Repentinus
1079 1330 1234 1393 incursus
1260 1330 1443 1392 rusticanis
1473 1348 1575 1392 omne
1605 1327 1788 1391 consilium
1816 1347 1887 1415 per·

557 1445 669 1517 vertit,
695 1454 730 1507 et
753 1444 860 1509 solius
882 1442 987 1529 fugae
1020 1444 1230 1528 praesidium
1253 1456 1287 1509 et
1310 1447 1459 1528 spatium
1490 1446 1637 1528 reliquit,
1668 1444 1731 1508 sed
1761 1444 1794 1511 el
1824 1464 1887 1507 non

557 1568 627 1623 tam
651 1558 776 1624 festine
799 1581 836 1625 se
860 1562 1035 1635 dedanim,
1059 1564 1143 1644 quin
1166 1580 1270 1645 supra
1292 1571 1414 1645 quater
1440 1562 1600 1625 millenos
1629 1561 1699 1624 sint
1731 1562 1887 1644 prostrati

556 1685 591 1739 et
615 1675 650 1739 in
673 1677 864 1760 sepulchris
887 1676 1202 1761 con*cupiseentiae
1233 1687 1270 1742 ut
1299 1678 1470 1761 quondam
1501 1677 1691 1750 Israelitae,
1723 1675 1887 1745 tumulati.
1908 1684 1983 1746 losu-

555 1790 676 1856 Novus
698 1812 825 1875 prorex
848 1796 941 1877 (quia
963 1794 1155 1877 proditores
1177 1805 1277 1878 tergo
1299 1813 1402 1876 quam
1425 1791 1539 1857 fronte
1561 1792 1713 1856 notiores
1739 1811 1817 1859 esse
1837 1812 1888 1859 ao

556 1908 637 1991 lent)
661 1910 845 1992 pernitium
868 1911 947 1994 equi
971 1914 1177 1997 ungularum
1207 1909 1374 1976 beneficio
1405 1911 1550 1975 salutem
1581 1911 1648 1973 sibi
1678 1910 1825 1993 paravit.
1851 1909 1887 1971 In

557 2026 725 2090 manubiis
749 2036 884 2109 praeter
906 2028 1032 2102 hastas,
1056 2038 1163 2103 scuta,
1187 2039 1222 2091 et
1246 2029 1398 2091 iumenta
1419 2027 1585 2099 oneraria,
1610 2025 1696 2089 nihil
1728 2036 1887 2109 expeten-

556 2142 648 2205 dum.
672 2142 794 2227 Magni
816 2153 930 2208 tamen
954 2146 1136 2209 aestimata
1158 2147 1226 2208 duo
1249 2153 1284 2208 et
1303 2145 1446 2228 triginta
1471 2142 1568 2226 paria
1583 2143 1787 2206 bellicorum
1803 2152 1886 2227 tym-

556 2278 722 2341 panorum
745 2280 832 2341 quae
854 2260 993 2326 hostilis
1016 2261 1189 2327 exercitus
1212 2260 1465 2325 multitudinem
1492 2259 1686 2332 ostendunt,
1713 2277 1793 2322 cum
1822 2258 1886 2325 illis

555 2374 592 2437 hi
614 2384 746 2440 tantum
770 2378 875 2442 duces
897 2388 1045 2452 utantur,
1069 2380 1129 2462 qui
1144 2379 1323 2442 minimum
1338 2385 1625 2459 quatercentenos
1640 2375 1771 2439 milites
1785 2384 1885 2461 agunt

554 2493 620 2556 sub
643 2492 793 2558 vexillis.
821 2492 934 2558 Maior
957 2495 1094 2578 tyranni
1124 2513 1331 2559 aeconomus
1352 2502 1474 2575 captus
1503 2501 1539 2555 et
1569 2491 1614 2555 ad
1643 2490 1884 2574 Imperatorem

556 2610 691 2674 missus.

646 2746 677 2806 3.
700 2726 833 2790 Eodem
856 2728 1002 2791 sabbato
1025 2749 1044 2791 e
1067 2726 1221 2793 Ganetae
1243 2727 1384 2810 palatio,
1407 2726 1467 2789 ubi
1493 2737 1574 2789 tunc
1603 2726 1883 2796 commorabatur,

555 2843 746 2927 Imperator
769 2862 936 2927 egressus,
960 2845 995 2907 in
1019 2845 1126 2926 patris
1148 2843 1318 2908 Ludovici
1342 2842 1519 2917 Azebedii,
1544 2841 1634 2905 male
1656 2852 1737 2906 tunc
1764 2838 1883 2911 affetu,

554 2970 591 3023 ut
614 2960 705 3042 apud
728 2960 837 3042 ipsius
859 2980 959 3023 aures
981 2962 1125 3024 crimina
1148 2960 1344 3043 deponeret,
1367 2961 1505 3023 domum
1526 2959 1713 3023 descendit.
1728 2957 1813 3025 Post
1828 2976 1883 3020 ex·

554 3078 752 3159 piationem,
777 3076 870 3158 quod
892 3088 992 3159 tapes
1015 3098 1083 3141 non
1107 3088 1206 3150 esset,
1230 3078 1266 3140 in
1289 3085 1404 3161 tegete
1427 3076 1619 3147 considens,
1643 3094 1729 3138 sana
1758 3074 1884 3157 aliquot

555 3192 701 3256 concilia
723 3194 841 3265 audiit,
865 3194 990 3274 quibus
1013 3193 1163 3276 optimus
1185 3213 1292 3256 senex
1315 3193 1424 3265 illum,
1448 3193 1529 3256 data
1550 3189 1732 3254 occasione
1763 3190 1884 3273 dirige·

553 3310 627 3373 bat:
653 3309 742 3373 inter
764 3330 850 3393 quae
873 3310 970 3383 illud,
994 3321 1031 3374 ut
1054 3309 1100 3373 Za
1122 3308 1279 3373 ChrIstds
1301 3306 1393 3372 filiae
1415 3328 1497 3372 suae
1520 3306 1727 3391 Onguelavi,
1755 3308 1799 3373 de
1820 3325 1885 3389 qua

554 3424 691 3507 saepius
714 3434 839 3499 actum,
862 3426 1015 3498 rivalem,
1029 3427 1074 3489 ob
1098 3424 1316 3489 manifestam
1338 3424 1513 3506 utriusque
1529 3424 1775 3506 impuritatem,
1790 3423 1884 3491 aulae

554 3539 677 3605 finibus
700 3552 887 3606 excuteret.
912 3542 1031 3605 Paruit
1054 3541 1247 3626 Imperator
1270 3552 1315 3615 et,
1331 3561 1408 3604 cum
1431 3550 1509 3624 post
1531 3550 1611 3604 octo
1634 3540 1708 3603 dies
1722 3538 1823 3607 huius
1836 3539 1884 3601 vi-

554 3658 683 3721 ctoriae
706 3660 862 3722 nuntium
885 3657 1089 3730 advenisset,
1114 3678 1189 3721 eam
1213 3656 1289 3720 Deo
1312 3667 1487 3740 acceptam
1510 3657 1628 3720 retulit
1647 3658 1682 3719 in
1698 3653 1885 3738 praemium

553 3769 665 3836 factae
688 3775 749 3837 illa
772 3773 828 3837 die
852 3772 1079 3838 confessionis
1101 3784 1136 3838 et
1157 3772 1317 3838 salutaris
1340 3773 1477 3837 consilii
1500 3793 1520 3836 a
1545 3782 1643 3854 patre
1658 3773 1724 3835 sibi
1739 3771 1884 3856 porrecti

553 3899 587 3953 et
610 3889 807 3953 executioni
830 3910 851 3952 a
874 3908 912 3953 se
935 3890 1098 3954 mandati.

641 4029 671 4086 4.
688 4007 886 4090 Tyrannum
903 4005 1017 4070 Melci
1028 4005 1182 4070 Christos
1197 4008 1349 4091 graviter
1363 4015 1481 4070 tantae
1496 4006 1606 4068 cladis
1618 4006 1775 4073 nuntium
1791 4003 1885 4068 exul-

552 4126 682 4188 ceravit
705 4134 738 4187 et
761 4125 877 4186 animo
899 4123 950 4186 sic
974 4123 1173 4187 debilitatus
1195 4132 1230 4186 et
1256 4124 1355 4206 inops
1386 4121 1521 4185 consilii
1552 4120 1726 4193 remansit,
1750 4130 1788 4182 ut
1821 4118 1884 4182 La·-

550 4239 715 4304 stensium
744 4238 961 4321 suspiciosus,
987 4241 1029 4302 de
1059 4241 1179 4303 tutiori
1209 4237 1452 4302 Amarensium
1475 4238 1611 4318 rupium
1634 4237 1735 4319 asylo
1756 4235 1885 4319 cogita·

550 4356 649 4426 verit,
673 4353 732 4417 ubi
755 4356 885 4417 sciebat
910 4356 1036 4418 multos
1059 4375 1135 4419 esse
1158 4356 1210 4418 sui
1233 4356 1387 4437 impense
1409 4355 1591 4417 studiosos.
1615 4351 1807 4416 Consilium
1837 4362 1886 4416 ta·

549 4490 628 4533 men
651 4470 738 4534 illud
760 4471 961 4553 posthabuit
984 4479 1165 4554 postquam
1188 4481 1282 4535 certo
1304 4469 1446 4555 agnovit
1473 4469 1550 4533 Ras
1577 4469 1650 4532 illic
1664 4468 1887 4532 bibemacula

548 4595 809 4650 transacturum.
834 4586 907 4650 Nec
931 4584 1038 4650 falsus
1061 4585 1127 4651 fuit
1150 4587 1264 4660 animi,
1289 4588 1320 4650 si
1343 4587 1434 4650 enim
1457 4607 1498 4650 eo
1514 4606 1551 4649 se
1566 4582 1749 4659 conferret,
1766 4587 1884 4649 eodem

548 4700 620 4767 fato
644 4702 872 4767 incursaretur
888 4724 957 4786 quo
980 4703 1172 4776 Madrakal,
1189 4723 1275 4766 unus
1291 4723 1337 4766 ex
1356 4701 1532 4766 fidissimis
1555 4703 1663 4784 ipsius
1686 4700 1886 4774 cultoribus,

547 4840 659 4903 quem,
684 4839 761 4883 cum
784 4820 833 4883 ibi
855 4840 892 4883 se
925 4841 1004 4884 cum
1035 4821 1151 4883 multis
1181 4839 1266 4903 rupe
1297 4817 1485 4883 fortissima
1514 4827 1645 4881 tutatus
1676 4828 1779 4892 esset,
1811 4818 1887 4881 Ras

548 4938 638 5010 inde,
669 4938 828 5000 omnibus
858 4958 945 5019 pene
975 4938 1093 5009 caesis,
1118 4936 1251 5009 deiecit,
1276 4937 1350 5018 ipse
1373 4955 1456 4999 vero
1479 4934 1656 5016 aliquanto
1679 4932 1888 5001 fortunatior

547 5073 594 5117 ex
616 5053 677 5116 illa
698 5074 736 5117 se
761 5055 984 5136 praecipitem
1007 5073 1123 5136 agens,
1147 5054 1253 5115 vitam
1277 5053 1436 5125 servavit,
1460 5071 1562 5133 quam
1586 5051 1688 5114 multi
1713 5050 1886 5116 sociorum

549 5171 702 5234 amisere.
