4066 6184
605 559 721 609 LIBER
744 559 783 618 11,
816 559 941 608 CAPUT
967 559 1052 608 XIII.
1437 564 1499 625 255

24 708 129 764 [¹²1³.
160 706 269 768 simae
294 705 470 790 Vir*ginis
493 706 624 771 Mariae
647 708 834 790 integritati
857 709 1027 789 parietum
1051 707 1211 771 claustris
1234 717 1269 771 et
1292 710 1364 771 voti
1385 706 1504 791 sigillo

159 819 366 885 obfirmatae
389 842 433 885 an
456 824 652 886 rabbinicae
674 823 819 886 vanitati
842 820 1057 906 suffragetur.
1086 823 1140 886 Tu
1164 843 1255 897 vero,
1274 821 1449 895 Salomon,
1466 831 1503 886 ut

160 937 257 999 illius
280 939 384 1020 primi
407 939 596 1002 aemulator
625 959 727 1012 esses,
759 940 873 1003 dicere
903 959 981 1002 cum
1012 940 1132 1003 eodem
1164 940 1316 1003 debebas
1347 940 1433 1003 illud
1456 959 1503 1002 ex

159 1053 380 1118 Proverbiis:
410 1054 494 1117 Tria
518 1054 609 1118 mr'lri
626 1053 783 1140 drfficr’lr'a
804 1059 889 1119 sunl
910 1059 944 1120 et
964 1058 1127 1140 quartum
1146 1055 1288 1140 pentius
1310 1055 1429 1142 ignoro
1448 1055 1502 1139 (1).

159 1169 203 1232 In
228 1172 362 1252 quibus,
394 1191 440 1234 ex
470 1174 638 1235 sententia
669 1171 909 1235 Rabbinorum
934 1170 1103 1235 Hakados
1135 1181 1168 1235 et
1192 1171 1323 1244 Iodam,
1355 1171 1504 1236 Messiae

159 1287 241 1349 vias
264 1288 385 1350 ordine
408 1290 608 1372 retrogrado
632 1287 805 1351 describit.
837 1287 935 1351 Viam
959 1288 1096 1373 aquilae
1127 1289 1166 1352 in
1188 1289 1273 1353 coelo
1288 1287 1342 1373 (2),
1373 1290 1410 1352 id
1440 1300 1503 1361 est,

160 1401 315 1465 Messiac
338 1405 374 1465 in
397 1404 532 1466 coelum
555 1405 692 1486 propria
715 1406 841 1467 virtute
866 1405 1090 1468 ascendentis.
1123 1404 1219 1468 Viam
1247 1404 1378 1468 colubri
1404 1411 1506 1490 super

154 1522 296 1602 petram
304 1542 319 1588 ,·
343 1518 377 1581 id
401 1527 454 1582 est
477 1520 630 1583 eiusdem
654 1520 709 1582 vel
734 1539 811 1583 cum
835 1540 881 1583 ex
903 1529 1002 1602 petra
1024 1520 1196 1603 sepulchri
1231 1520 1418 1593 attolletur,
1447 1521 1504 1583 vel

162 1653 243 1695 cum
267 1653 411 1697 aeneum
435 1634 558 1699 Moisis
580 1636 768 1708 colubrum,
784 1637 859 1699 sive
874 1646 1075 1719 serpentem,
1100 1656 1202 1719 super
1224 1646 1356 1719 petram
1376 1636 1410 1699 in
1426 1655 1504 1718 per·

163 1751 234 1811 tica
257 1751 431 1812 elevatum
455 1750 654 1815 imitabitur.
686 1751 785 1816 Viam
808 1751 905 1815 nami
930 1751 967 1814 in
991 1749 1097 1815 medab
1119 1750 1230 1825 nram}
1251 1753 1430 1835 ipsiusmet
1455 1753 1504 1815 ia·

163 1866 345 1939 crationes
369 1885 446 1929 cum
469 1876 544 1930 toto
568 1869 660 1931 vitae
682 1877 847 1950 tempore,
872 1870 979 1932 instar
1003 1869 1111 1941 navis,
1136 1867 1202 1931 huc
1226 1878 1262 1930 et
1284 1868 1367 1931 illuc
1391 1869 1504 1932 ventis

162 1979 365 2045 reflantibus
389 1981 592 2064 impelletur.
617 1981 702 2046 Cum
726 1993 842 2047 tamen
857 1984 941 2047 haec
957 1984 1044 2047 adeo
1060 1984 1128 2047 sint
1144 1984 1328 2056 inaccessa,
1345 1995 1503 2067 quartum

163 2096 252 2159 illud
277 2117 373 2161 mens
395 2100 483 2161 tanti
506 2101 572 2162 viri
594 2119 632 2162 se
655 2101 790 2182 assequi
813 2119 913 2182 posse
937 2100 1149 2182 desperavit:
1170 2099 1270 2163 Viam
1286 2099 1361 2163 viri
1374 2100 1412 2163 in
1426 2101 1505 2164 ado·

163 2211 324 2275 lescentia
346 2233 407 2276 seu
430 2214 468 2277 in
491 2212 746 2287 adolescentulo,
771 2215 931 2279 hebraice
954 2215 1070 2278 Alma.
1088 2215 1260 2298 Namque
1276 2225 1378 2299 pacto
1393 2215 1504 2301 Virgo

163 2330 296 2411 absque
318 2330 467 2392 humano
490 2330 621 2394 semine
643 2330 835 2414 perfectum
858 2331 970 2394 Deum
994 2351 1034 2394 ac
1058 2329 1247 2414 perfectum
1267 2333 1440 2395 hominem
1468 2333 1503 2394 in

164 2455 264 2507 utero
287 2448 479 2528 concipere,
503 2467 648 2530 eumque
672 2448 792 2511 illaesa
814 2448 1020 2532 integritate,
1045 2467 1165 2531 parere
1191 2450 1309 2532 possit,
1334 2469 1397 2511 nec
1420 2449 1505 2512 satis

163 2570 218 2624 est
240 2562 393 2625 humano
416 2562 604 2627 intellectui
628 2583 761 2646 capere,
785 2584 848 2627 nec
872 2564 934 2627 ulli
958 2565 1097 2646 linguae
1113 2564 1301 2647 explicare.
1317 2564 1383 2628 Dic
1400 2565 1505 2648 igitur

163 2687 302 2757 aperte:
334 2677 433 2742 Viam
456 2678 529 2742 viri
547 2678 585 2742 in
609 2678 713 2743 Alma
732 2681 871 2764 pentius
895 2679 1021 2766 ἐμοῖο,
1046 2700 1109 2744 nec
1132 2682 1254 2744 mirum
1278 2680 1322 2744 sit
1353 2681 1388 2743 id
1410 2681 1503 2763 quod

163 2791 347 2855 Salomoni
370 2793 657 2876 ierosolymitano
681 2793 745 2859 fuit
768 2797 1005 2879 caliginosum,
1029 2795 1216 2860 Austriaco
1239 2798 1336 2860 reddi
1365 2796 1505 2861 omnino

164 2909 399 2972 tenebrosum.

260 3042 310 3104 17.
335 3026 587 3109 Disputationis
610 3030 790 3093 veritatem
814 3048 932 3092 omnes
955 3026 1106 3111 perfecte
1130 3038 1208 3092 sunt
1225 3030 1372 3092 assecuti
1397 3038 1431 3092 et
1455 3030 1504 3091 ita
1568 3034 1645 3086 Libri
1671 3033 1852 3084 taburniei

165 3140 200 3202 in
226 3139 404 3215 Iudaeum,
427 3144 473 3206 ob
496 3144 631 3208 auditas
653 3147 697 3208 ab
720 3166 761 3209 eo
792 3146 1033 3228 blasphemias,
1058 3145 1198 3218 incensi,
1222 3154 1258 3207 ut
1281 3146 1506 3228 gravissimus
1533 3104 1854 3244 ἓξῗᾞζξῃζᾞ

164 3258 314 3339 quisque
338 3268 456 3340 raptor
479 3260 514 3322 in
537 3260 631 3324 illius
655 3261 762 3324 libros
785 3261 998 3334 involaverit,
1027 3270 1060 3324 et
1092 3260 1125 3324 in
1157 3280 1278 3342 rogum
1310 3260 1377 3323 iarn
1409 3279 1506 3342 prae·
1533 3250 1600 3301 ⁶¹¹⁸·

163 3383 325 3454 paratum
356 3374 521 3449 iniecerit,
561 3397 602 3439 eo
640 3378 724 3439 satis
753 3396 790 3439 se
821 3374 957 3439 felicem
989 3378 1206 3440 existimante
1237 3377 1328 3457 quod
1357 3377 1506 3439 vulcano

164 3508 246 3551 esca
269 3490 370 3552 datus
394 3510 462 3552 non
486 3489 598 3554 fuerit.
623 3490 662 3553 In
687 3494 933 3574 mancipiorum
961 3493 1126 3557 distractu
1149 3501 1306 3556 servatae
1328 3490 1505 3555 Canonum

164 3606 380 3677 sanctiones,
404 3616 438 3668 ct
461 3608 535 3688 ipse
558 3608 735 3689 ipsiusque
759 3609 918 3691 discipuli
942 3611 990 3672 ita
1012 3608 1232 3691 supercilium
1256 3608 1419 3690 deinceps
1447 3610 1505 3670 de·

165 3722 331 3793 Iecerunt,
344 3730 383 3783 ut
402 3731 460 3786 aut
477 3722 713 3787 Patriarcham
728 3723 941 3809 defugerent,
958 3734 1024 3798 aut,
1042 3726 1071 3788 si
1088 3723 1264 3806 inopinato
1280 3732 1504 3795 occurrerent,

165 3839 201 3898 in
226 3848 352 3901 terram
376 3840 609 3902 venerabundi
633 3841 906 3904 devolverentur.

257 4029 298 4097 (1)
318 4033 407 4090 Pron,
427 4043 470 4094 30,
490 4049 514 4085 n.
537 4034 577 4092 18,
599 4045 640 4095 19.
661 4062 693 4072 -
712 4034 751 4101 (2)
773 4038 873 4093 Galat„
893 4035 938 4087 lib.
960 4043 983 4095 7,
1002 4050 1058 4100 cap.
1081 4045 1121 4100 15.
