4066 6184
602 592 718 645 amau
741 592 781 654 11,
812 589 937 644 carus
960 591 1045 646 mx.
1428 594 1486 659 291

49 744 130 809 [138.
156 742 226 815 das,
250 739 443 807 con*fossio
467 753 501 806 et
523 763 620 807 sacra
636 742 830 805 communio
846 742 996 814 iniretur,
1013 750 1048 805 et
1058 761 1119 824 par
1133 741 1329 823 quindecim
1345 742 1420 804 dies
1435 742 1492 804 vel

156 859 348 934 continuos,
371 862 427 923 vel
451 861 673 931 intermissos
697 870 843 941 quatuor
865 858 1041 931 ecclesiae,
1065 861 1121 921 vel
1145 878 1212 921 una
1230 867 1373 930 tantum,
1391 878 1412 919 a
1427 856 1493 919 Pa·

156 975 305 1039 triarcha
328 975 476 1059 singulis
499 975 697 1037 invisendae
720 976 973 1069 deputarentur.
996 973 1036 1037 In
1060 975 1154 1037 curia
1177 974 1377 1057 designatae
1404 973 1493 1036 duae

156 1092 283 1174 regiae,
307 1089 488 1173 Ganjabet,
512 1091 641 1153 Beatae
664 1088 802 1174 Virgini
825 1109 931 1162 sacra,
955 1091 998 1152 ad
1022 1090 1115 1152 illius
1138 1091 1331 1163 dexteram
1356 1098 1391 1167 et
1412 1088 1491 1151 Iesu

157 1209 287 1271 nomini
322 1208 512 1290 adscripta,
541 1207 585 1271 ad
616 1207 750 1271 laevam
780 1226 916 1288 semper
946 1207 1090 1281 locatae,
1120 1208 1244 1290 quibus
1274 1206 1392 1270 addita
1423 1206 1491 1270 duo

157 1324 290 1386 minora
313 1335 448 1407 patrum
473 1335 507 1388 et
537 1323 768 1395 Patriarchae,
800 1325 860 1387 sed
883 1323 1034 1406 publica,
1057 1323 1214 1387 oratoria
1240 1322 1492 1405 Decretumque

156 1449 192 1504 ut
215 1442 434 1522 promerendi
457 1440 598 1503 iubilaei
621 1448 757 1522 tempus
781 1459 802 1503 a
824 1440 880 1503 die
903 1439 1112 1522 Assumptae
1131 1439 1167 1502 in
1183 1439 1315 1503 coelum
1335 1438 1492 1523 Virginis

157 1557 199 1619 ad
222 1557 333 1639 ipsius
355 1556 583 1621 Nativitatem
604 1558 858 1639 protraheretur
875 1576 962 1639 quae
979 1557 1056 1619 aliis
1071 1559 1169 1620 annis
1185 1558 1220 1620 in
1235 1558 1382 1640 primum
1399 1557 1491 1619 diem

157 1673 236 1735 anni
259 1671 514 1737 Abassinorum
537 1673 667 1746 incidit,
691 1683 839 1756 excepto
862 1673 1067 1745 intercalari,
1090 1673 1149 1756 qui
1172 1682 1324 1737 nostrum
1348 1691 1410 1755 per
1428 1692 1493 1736 sex

156 1806 291 1852 menses
314 1799 349 1852 et
370 1790 547 1853 semissem
572 1790 744 1853 antecedit
766 1798 801 1852 et
824 1788 859 1851 in
883 1790 973 1853 diem
996 1799 1204 1872 sequentem,
1221 1807 1309 1871 quae
1325 1790 1424 1852 nobis
1440 1797 1492 1853 est

157 1923 245 1967 nona
268 1905 486 1987 septembris,
511 1914 698 1970 amovetur.

244 2041 277 2100 4.
301 2019 380 2103 Quo
403 2021 458 2085 die
481 2021 645 2086 Dancazii
669 2042 783 2086 coram
806 2022 1028 2105 Imperatore,
1053 2023 1230 2086 curialium
1253 2020 1338 2087 flore
1360 2032 1395 2086 et
1411 2041 1491 2086 con·
1555 2032 1630 2096 Quid
1650 2032 1840 2084 rubtlaeum

157 2134 233 2200 fusa
255 2138 485 2212 multitudine,
509 2140 763 2221 promulgatum
787 2149 839 2202 est
862 2139 1058 2214 iubilaeum,
1083 2142 1126 2203 de
1149 2140 1242 2204 illius
1258 2139 1404 2212 nomine,
1421 2136 1491 2202 effi·
1518 2104 1717 2227 &affl
1741 2114 1841 2156 ‘¹⁸⁰⁸‘

156 2254 251 2316 cacia
274 2264 310 2317 et
333 2252 465 2319 divitiis
487 2253 687 2318 PatrIarcha
710 2255 918 2319 luculentam
949 2255 1069 2319 habuit
1092 2257 1302 2330 concionem,
1334 2255 1415 2339 late,
1430 2275 1491 2318 ex·

156 2388 290 2451 ponens
312 2380 347 2434 et
370 2370 488 2433 multis
509 2371 717 2433 testimoniis
739 2368 953 2444 confirmans,
978 2390 1053 2434 esse
1075 2370 1110 2434 in
1133 2371 1292 2435 Ecclesia
1322 2371 1493 2435 catholica

156 2487 352 2551 thesaurum
373 2487 620 2552 'inexhaustum
637 2508 683 2551 ex
698 2486 841 2552 infinitis
852 2486 989 2576 ⁸Christi
1005 2487 1157 2563 Domini,
1173 2490 1398 2553 Beatissimae
1414 2487 1492 2552 Vir·

155 2604 247 2687 ginis
270 2613 306 2667 et
329 2603 475 2668 aliorum
498 2612 694 2668 sanctorum
728 2605 870 2677 meritis,
894 2606 1045 2687 ipsorum
1073 2604 1235 2669 solutioni
1265 2604 1404 2670 minime
1435 2626 1492 2670 ne·

155 2720 324 2793 cessariis,
356 2720 620 2795 redundantem
644 2721 805 2803 illiusque
827 2722 943 2785 claves
969 2731 1006 2785 ut
1030 2740 1106 2784 eum
1134 2723 1242 2804 possit
1268 2720 1492 2806 indulgentiis

155 2837 364 2918 expendere,
388 2838 588 2901 commissas
610 2856 686 2901 esse
709 2837 871 2901 Romano
894 2835 1064 2910 Pontifici,
1086 2836 1153 2901 Dei
1181 2839 1313 2901 vicibus
1340 2839 1375 2900 in
1402 2847 1493 2903 terra

156 2949 323 3038 fungenti,
346 2955 439 3037 quod
462 2955 537 3037 ipse
560 2954 735 3036 legitimus
750 2955 794 3018 sit
817 2952 889 3015 divi
913 2953 1004 3016 Petri
1027 2973 1214 3027 successor,
1239 2975 1260 3017 a
1282 2953 1418 3017 Christo
1436 2974 1492 3019 ea·

156 3088 230 3133 rum
268 3071 420 3133 custodis
447 3079 480 3133 et
510 3069 756 3150 dispensatoris
786 3070 972 3141 constituti,
1004 3071 1187 3133 ostendens
1217 3072 1318 3135 simul
1344 3079 1428 3154 quot
1457 3080 1492 3135 et

155 3196 285 3268 quanta
307 3185 538 3248 emolumenta
561 3186 595 3248 in
618 3182 739 3247 fideles
762 3204 808 3247 ex
831 3185 929 3247 uberi
948 3185 1238 3269 indulgentiarum
1252 3187 1492 3269 distributione

155 3300 402 3366 diffundantur.
425 3300 523 3364 Idem
542 3302 732 3364 institutum
748 3310 862 3383 patres
878 3302 995 3365 multis
1010 3303 1232 3366 concionibus
1246 3320 1308 3385 per
1323 3302 1403 3365 illos
1418 3304 1493 3366 dies

154 3417 285 3482 habitis
308 3418 410 3481 docte
432 3426 467 3481 et
489 3426 686 3481 constanter
708 3428 787 3481 sunt
809 3419 989 3500 prosecuti.
1011 3418 1077 3480 Per
1102 3428 1194 3482 totos
1208 3419 1403 3500 quindecim
1419 3418 1493 3502 dies

155 3534 382 3598 Beatissimae
410 3532 565 3617 Virginis
596 3535 774 3598 nativitate
804 3536 1002 3608 anteriores
1033 3535 1259 3617 praecedente
1290 3534 1493 3617 longissimo

154 3660 189 3713 et
211 3650 472 3734 elegantissimo
495 3650 573 3714 Iesu
590 3652 738 3715 nominis
753 3651 895 3724 vexillo,
912 3669 990 3714 cum
1007 3650 1151 3715 honesto
1167 3660 1200 3715 et
1217 3651 1372 3715 modesto
1388 3651 1493 3714 comi·

153 3775 228 3830 tatu
254 3767 299 3829 ad
323 3768 517 3831 lustrandas
540 3777 684 3848 quatuor
706 3768 870 3832 ecclesias
893 3769 1106 3832 decantantis
1123 3766 1198 3850 [sic]
1221 3787 1282 3850 per
1304 3767 1437 3850 plateas
1452 3767 1494 3829 li·

154 3885 261 3947 taniis
276 3892 310 3947 et
323 3884 412 3946 intra
424 3881 503 3945 illas
519 3882 722 3966 lugubribus
737 3883 909 3964 aliquibus
920 3884 965 3946 ad
981 3885 1086 3946 animi
1101 3883 1255 3947 dolorem
1271 3882 1493 3946 excitandum

153 4000 346 4070 versiculis,
371 3998 571 4062 Patriarcha
586 4000 763 4081 processit.
781 3998 1026 4082 Imperatorem
1049 4018 1184 4081 quoque
1208 4019 1275 4062 non
1297 3999 1418 4082 puduit
1434 4017 1493 4081 pe·

154 4114 316 4187 destrem,
340 4124 375 4177 et
399 4116 531 4178 cunctis
554 4117 751 4197 proceribus
774 4117 991 4190 associatum,
1015 4116 1079 4178 iter
1101 4116 1191 4178 idem
1215 4117 1398 4197 suscipere,
1415 4133 1494 4177 cum

153 4231 292 4313 plateae
326 4232 431 4294 cruda
465 4232 575 4294 adhuc
609 4232 734 4313 hyeme
765 4251 871 4295 caeno
901 4241 1016 4295 essent
1045 4232 1215 4314 oppletae.
1246 4228 1379 4295 Seniori
1409 4249 1493 4295 vero

154 4345 255 4411 fratri
279 4346 357 4410 Ras
380 4346 513 4411 Emana
535 4346 690 4412 Christds
713 4369 733 4411 a
755 4350 900 4430 pedibus
920 4349 1099 4432 gradiendi
1115 4350 1259 4419 insueto,
1277 4349 1439 4421 monenti,
1455 4357 1493 4411 ut

153 4466 257 4527 unius
280 4465 447 4527 ecclesiae
469 4465 625 4547 ingressu
648 4473 827 4527 contentus
849 4473 949 4537 esset,
973 4464 1080 4528 dixit:
1104 4460 1142 4526 Si
1162 4461 1274 4527 fessus
1289 4484 1336 4536 es,
1353 4464 1492 4527 domum

153 4598 275 4662 perge,
300 4599 363 4644 nec
387 4579 543 4663 amplius,
567 4601 621 4644 me
645 4582 849 4653 comitando,
873 4580 1065 4644 delasseris.
1089 4580 1129 4643 In
1153 4580 1208 4643 his
1230 4581 1321 4643 enim
1344 4599 1433 4663 quae
1448 4580 1492 4642 ad

154 4716 255 4760 meae
278 4696 413 4760 animae
437 4698 583 4760 salutem
606 4706 773 4779 spectant,
797 4698 879 4778 quid
903 4716 979 4759 mea
1001 4697 1134 4759 intersit
1157 4715 1225 4759 non
1249 4697 1380 4777 ignoro.

248 4830 278 4892 5.
303 4813 520 4877 Novendiale
543 4833 675 4877 sacrum
699 4814 843 4876 totidem
874 4823 952 4876 ante
976 4811 1133 4898 Virginis
1163 4813 1377 4877 nativitatem
1409 4812 1493 4875 luci·
1555 4819 1774 4873 Novendlate
1797 4834 1844 4871 u-

26 4940 126 5003 tmen.
152 4927 239 4994 *bus
264 4950 285 4992 a
309 4929 509 4993 Patriarcha
535 4930 755 5003 celebratum,
786 4930 941 4994 adhibita
971 4931 1121 5013 plurium
1152 4949 1275 4993 vocum
1306 4938 1340 4992 et
1371 4929 1494 4990 instru·
1519 4906 1599 4943 Μ
1617 4893 1815 4956 mmmm

155 5056 350 5111 mentorum
373 5045 589 5127 symphonia,
613 5049 757 5129 ipsoque
781 5047 837 5109 vel
863 5046 980 5130 aliquo
1004 5055 1148 5128 patrum,
1166 5066 1207 5110 ea
1229 5043 1334 5117 finita,
1359 5044 1512 5117 concio·¹

155 5173 261 5231 nante
283 5171 318 5225 et
343 5162 459 5225 multis
481 5183 518 5226 se
540 5172 760 5245 peccatorum
783 5163 918 5225 sarcina
940 5164 984 5225 ad
1008 5160 1210 5225 confessarii
1240 5180 1339 5224 aures
1369 5180 1494 5223 exone·
