4066 6184
548 527 611 586 240
878 520 1150 571 EXPEDITIONIS
1173 520 1435 572 AETHIOPICAE
1459 521 1539 571 ETC.

544 688 679 751 semper
708 670 833 753 legitur
863 670 1015 743 stetisse3
1046 688 1125 733 nam
1156 669 1190 731 in
1217 670 1338 733 eadem
1361 670 1511 732 visione:
1543 669 1624 754 Ipse
1653 688 1730 733 vero
1762 670 1869 734 stabat

547 782 649 849 riexta
669 804 722 848 eos
743 784 804 848 sub
825 783 958 858 arbom
981 796 1016 849 et
1039 782 1143 871 infraf:
1167 783 1344 850 Abraham
1366 789 1479 848 autem
1502 781 1611 848 adhue
1632 784 1742 848 stabat
1762 805 1866 848 coram

546 900 760 985 Dominoir).
784 897 929 981 Quando
952 902 1066 984 igitur,
1090 911 1148 965 aut
1171 901 1343 984 quomodo
1367 902 1398 964 ei
1422 901 1569 965 dictum:
1596 901 1684 965 Sede
1697 922 1720 965 a
1739 898 1866 965 dextris

548 1016 655 1081 meis?
686 1015 867 1099 Quomodo
897 1018 983 1082 illud
1013 1018 1125 1081 eidem
1155 1017 1319 1099 competit
1329 1011 1340 1078 τ’
1368 1017 1426 1082 Ex
1455 1021 1551 1080 utero
1580 1021 1661 1081 ante
1685 1014 1870 1104 luciferum

547 1135 615 1218 (ubi
640 1154 728 1198 nunc
751 1144 845 1198 tuam
875 1135 1058 1198 lectionem
1088 1136 1243 1206 admitto,
1275 1153 1390 1198 coram
1413 1134 1469 1198 vel
1500 1154 1520 1196 e
1546 1134 1686 1217 regione
1716 1133 1870 1196 velante

548 1248 671 1313 faciem
694 1249 846 1333 aurorae)
866 1249 976 1337 genui
986 1254 1028 1313 te.
1051 1249 1117 1313 Ille
1139 1250 1232 1313 enim
1255 1251 1350 1314 solus
1371 1251 1441 1313 dici
1464 1260 1578 1332 potest
1593 1248 1729 1333 genitus
1751 1267 1870 1321 coram,

547 1366 603 1429 vel
626 1388 645 1431 e
669 1368 820 1450 regione,
837 1366 892 1429 vel
908 1376 987 1430 ante
1003 1364 1127 1430 faciem
1144 1384 1296 1440 aurorae,
1310 1377 1347 1435 et
1364 1368 1397 1429 in
1413 1367 1653 1449 splendoribus
1673 1376 1872 1439 sanctorum,

548 1483 643 1546 cuius
666 1483 701 1544 in
724 1484 799 1565 ipsa
822 1481 1001 1546 nativitate
1024 1492 1119 1546 tanta
1134 1492 1187 1547 ast
1201 1484 1394 1547 sanctitatis
1408 1482 1595 1565 plenitudo,
1612 1492 1649 1545 ut
1664 1502 1740 1545 cum
1756 1500 1873 1544 aurora

548 1608 581 1662 et
604 1599 677 1662 sole
699 1599 808 1681 possit
823 1599 1029 1662 contendere
1045 1609 1079 1663 et
1094 1599 1189 1681 ipsos
1204 1601 1396 1663 obscurare.
1421 1597 1472 1662 At
1498 1597 1719 1661 Abrahamus
1741 1598 1872 1680 genitus

548 1716 658 1779 estin
682 1714 923 1778 obscurissima
953 1711 1175 1779 infedelitatis
1205 1726 1316 1787 nocte,
1341 1734 1418 1778 cum
1447 1712 1659 1797 probabilius
1689 1712 1744 1786 sit,
1767 1712 1873 1776 Th3re

548 1830 655 1913 ipsius
676 1840 808 1912 patrem
832 1841 866 1895 et
889 1831 977 1895 alios
992 1833 1137 1896 maiores
1153 1832 1324 1895 idolorum
1340 1831 1445 1895 cultui
1463 1830 1598 1894 deditos
1620 1827 1736 1901 fuisse,
1760 1829 1872 1892 utilia

548 1945 648 2010 Iosue
672 1948 778 2010 verba
803 1948 970 2029 pandunt:
1007 1946 1117 2011 Trans
1139 1948 1285 2023 fluoriem
1309 1945 1547 2012 hubr'laoerunt
1570 1950 1690 2032 patres
1711 1945 1817 2009 vestri
1834 1943 1870 2006 ab

549 2061 659 2137 im'tio,
680 2061 792 2127 There
812 2052 911 2147 poter
932 2061 1108 2127 Abraham
1130 2069 1164 2128 et
1177 2063 1329 2135 Nachor,
1346 2068 1380 2127 et
1392 2062 1584 2127 servierunt
1597 2059 1665 2126 deii
1679 2058 1865 2144 althahir).

550 2175 729 2259 Quomodo
752 2177 913 2242 nativitas
936 2180 1023 2243 adeo
1046 2181 1226 2243 tenebrosa
1248 2177 1427 2243 luciferum
1450 2188 1484 2242 et
1507 2196 1664 2241 auroram
1680 2175 1829 2260 potuerit
1843 2178 1874 2238 in

551 2304 722 2358 certamen
746 2297 957 2377 provocare?

241 2414 446 2465 Melchisedech
479 2428 524 2463 ιι·
644 2430 692 2472 11.
716 2410 790 2474 Iam
814 2409 916 2474 illud:
946 2410 997 2476 Tu
1019 2433 1053 2476 es
1081 2412 1234 2476 sacerdos
1263 2412 1302 2476 in
1328 2416 1502 2476 ueternum
1524 2407 1704 2474 secundum
1726 2406 1872 2473 ordritem

205 2486 360 2535 cerdotium
372 2483 480 2546 abipso
493 2486 523 2534 in
675 2527 680 2538 .
891 2528 897 2541 ,
1132 2530 1138 2543 ,
1329 2529 1335 2543 ,
1843 2526 1849 2537 .

205 2558 394 2606 mmm
408 2553 525 2605 lue-eus
552 2525 813 2591 Melchisedech:
842 2529 965 2610 qulbus
995 2529 1159 2593 throclers
1182 2539 1296 2611 potest
1326 2548 1362 2593 m
1378 2527 1614 2592 Abrahamum
1637 2524 1871 2608 contorqueri?

206 2626 525 2749 *6ῗέἓῖἓέἕίξὲ
552 2641 667 2707 Nullis
689 2662 776 2725 opus
799 2652 851 2706 est
874 2644 1159 2708 machinamentis
1188 2644 1375 2728 (respondit
1406 2642 1593 2725 Salomon),
1616 2662 1684 2706 uno
1715 2643 1752 2706 id
1775 2642 1875 2703 verbo

552 2760 658 2822 nostri
681 2760 837 2842 magistri
859 2755 1070 2824 *moliuntur
1095 2758 1305 2824 Gravissima
1321 2760 1433 2825 Deum
1451 2758 1707 2823 Melchisedech
1723 2754 1873 2825 offendit,
1898 2766 1913 2814 r.
1925 2776 1962 2825 ru
2005 2792 2006 2837 ,

552 2895 638 2947 cum,
663 2874 865 2939 Abrahamo
888 2879 1069 2940 revertenti
1092 2896 1113 2939 a
1136 2877 1241 2940 caede
1264 2877 1405 2960 Regum
1429 2878 1567 2939 obviam
1583 2893 1750 2959 egressus,
1774 2875 1805 2936 ei
1824 2874 1876 2935 be-
2005 2876 2006 2943 i

553 2992 783 3056 nedictionem
798 2991 962 3075 impertiit
978 3005 1012 3057 et
1029 3013 1096 3056 non
1112 2994 1179 3076 ipsi
1196 2993 1283 3057 De0.
1299 2991 1410 3076 Quam
1426 2995 1471 3056 ob
1487 3011 1624 3056 causam
1640 2989 1735 3054 Deus
1758 3007 1876 3053 excan·
2005 2980 2006 2983 ’

553 3109 704 3181 descens,
728 3109 884 3172 eumdem
915 3110 1107 3174 sacerdotio
1139 3110 1287 3192 privavit
1318 3110 1471 3192 illudque
1503 3107 1677 3172 transtulit
1704 3107 1740 3169 in
1770 3105 1877 3167 Abra·

554 3225 690 3288 hamum
722 3225 882 3308 illiusque
909 3235 1064 3307 posteros
1089 3225 1278 3299 Aaronem,
1305 3225 1506 3289 Eleazarum
1533 3234 1567 3289 et
1590 3233 1745 3287 coeteros
1768 3240 1878 3284 eorum

554 3350 705 3423 nepotes,
729 3358 791 3423 per
813 3361 899 3422 quos
922 3343 1011 3405 idern
1036 3341 1254 3405 Abrahamus
1277 3342 1471 3406 sacerdotio
1493 3339 1701 3424 fungebatur
1724 3348 1759 3402 et
1775 3336 1880 3401 dictus

555 3468 605 3519 est
628 3456 779 3520 sacerdos
801 3455 980 3522 seeundum
1003 3458 1154 3522 ordinem
1177 3457 1433 3522 Melchisedech.

243 3587 309 3637 Non
321 3585 446 3648 peccavit
457 3587 528 3637 uei·
648 3593 697 3635 12.
731 3573 828 3636 Bone
862 3572 957 3637 Deus
990 3574 1050 3655 (ait
1081 3574 1301 3656 Patriarcha),
1333 3577 1367 3637 in
1402 3583 1487 3656 quot
1519 3571 1639 3635 foveas
1673 3582 1708 3634 et
1743 3572 1880 3651 abrupta

209 3656 528 3721 chisedechinpnneet
753 3689 759 3703 .
887 3691 894 3704 .
951 3691 957 3705 .
1107 3692 1113 3704 .
1152 3692 1158 3704 .
1376 3690 1414 3705 ..
1453 3690 1460 3704 .
1716 3687 1759 3701 ..

210 3729 278 3778 vino
305 3728 431 3778 ebranno
460 3728 528 3778 offe·
555 3698 590 3753 te
613 3708 689 3752 cum
712 3700 780 3752 turs
803 3699 977 3772 maglstrts
1000 3692 1180 3771 proruisti?
1203 3687 1294 3771 Quot
1316 3701 1462 3753 emisisti
1486 3690 1599 3760 verba,
1624 3696 1675 3751 tot
1696 3689 1763 3750 t1b1
1786 3695 1880 3767 atque

210 3803 306 3851 ando.
557 3805 626 3867 illis
656 3805 768 3868 hiatus
791 3816 825 3869 et
848 3806 1052 3888 praecipitia
1074 3806 1245 3870 excidisti.
1272 3805 1310 3868 [n
1333 3825 1401 3887 quo
1427 3807 1585 3888 peccavit
1611 3800 1880 3867 Melchisedech?

556 3918 657 4002 Quod
690 3920 854 3984 Abrahae
888 3941 909 3983 a
941 3921 1035 3985 bello
1068 3923 1274 4003 regredienti
1305 3941 1381 3984 cum
1412 3941 1500 4003 pane
1530 3941 1571 3984 ac
1601 3922 1684 3983 vino
1719 3917 1880 3982 occurrit?

556 4036 690 4100 Scimus
720 4047 895 4101 aeternum
925 4037 1051 4101 bellum
1076 4037 1152 4102 Deo
1175 4039 1220 4102 ab
1250 4038 1456 4101 Amalecitis
1488 4039 1652 4101 indictum
1683 4046 1718 4098 et
1743 4028 1881 4097 Ammo·

557 4155 646 4215 nitas
672 4162 772 4233 atque
807 4151 979 4217 Moabitas
1012 4154 1056 4216 ab
1091 4153 1184 4217 illius
1206 4154 1353 4217 ecclesia
1383 4154 1474 4217 ultra
1497 4153 1666 4217 decimam
1697 4149 1881 4234 generatio·

558 4288 635 4331 nem
664 4269 836 4341 exclusos,
871 4269 964 4351 quod
997 4290 1059 4333 suo
1093 4272 1230 4352 populo,
1266 4289 1341 4333 cum
1377 4291 1422 4332 ex
1452 4268 1620 4353 Aegypto
1650 4276 1741 4331 esset
1774 4284 1881 4349 egres·

556 4404 623 4456 sus,
648 4386 860 4448 inviarum
886 4391 976 4469 pane
1009 4389 1044 4448 et
1075 4406 1165 4470 aqua
1199 4406 1267 4449 non
1300 4385 1510 4449 occurrerint
1534 4384 1588 4467 (3).
1625 4383 1773 4449 Cinaeos
1804 4400 1880 4444 vero

557 4502 684 4563 eisdem
711 4503 912 4583 permixtos,
943 4509 1021 4582 post
1051 4521 1158 4564 annos
1187 4512 1308 4583 quater
1335 4511 1482 4572 centum,
1512 4501 1628 4565 Saulis
1655 4510 1821 4582 tempore,
1842 4498 1881 4559 ab

557 4617 727 4679 occisione
758 4617 929 4688 liberatos
957 4617 1049 4696 quod
1071 4627 1151 4679 tunc
1183 4619 1217 4680 in
1252 4638 1328 4681 eum
1363 4618 1597 4681 misericordia
1620 4616 1674 4680 usi
1697 4612 1879 4695 fuerint(4l

557 4728 623 4811 Qui
646 4751 729 4814 ergo
752 4732 819 4795 dici
844 4741 974 4814 postest
997 4731 1252 4797 Melchisedech
1275 4735 1428 4798 eiusdem
1452 4731 1697 4797 beneficentiae
1720 4733 1754 4793 in
1779 4730 1879 4793 Abra·

558 4847 697 4910 hamum
730 4846 969 4917 exhibitorem,
1004 4848 1049 4909 ob
1083 4847 1179 4912 illam
1217 4870 1237 4911 a
1275 4850 1343 4912 Dei
1381 4850 1575 4914 sacerdotio
1613 4844 1879 4931 exauguratum?

646 5010 686 5067 (Η
713 5009 811 5065 G‘'⁸‘⁸“
839 5003 879 5064 18,
899 5024 923 5059 ¹¹·
944 5007 968 5065 8⁹
989 5019 1030 5059 ²²·
1060 5039 1091 5046 ·
1120 5014 1156 5072 (²)
1177 5011 1234 5069 Ios„
1256 5006 1340 5081 24,sn.
1362 5023 1386 5060 2.
1415 5038 1448 5048 -
1467 5015 1506 5073 (3)
1525 5009 1645 5065 Denter„
1667 5019 1708 5072 23,
1729 5024 1753 5058 u.
1774 5018 1796 5070 3,
1815 5019 1877 5067 4.-

559 5096 628 5166 (4)21
650 5100 727 5165 Reg„
750 5110 789 5163 15,
808 5115 833 5150 n,
853 5096 877 5150 6,
