4166 6182
556 552 645 600 XXII
1093 551 1354 603 INTRODUCTIO

554 699 717 774 virorum
761 700 925 796 expetito
966 700 1136 785 consilio,
1176 703 1223 774 ab
1264 727 1310 774 eo
1347 701 1384 773 in
1423 700 1665 797 Aethiopiam
1704 702 1885 776 mittendo

554 833 872 930 supersedendum
911 834 1066 920 censuit,
1112 833 1200 908 licet
1240 834 1339 908 idern
1383 836 1484 931 Zaga
1521 833 1702 921 Christos
1740 861 1763 909 a
1804 835 1885 931 qui·

554 1016 634 1074 losse
655 1017 767 1091 meglio
789 1018 910 1084 servit0,
933 1017 958 1075 si
979 1035 1037 1075 sou
1058 1035 1179 1093 sempre
1202 1018 1269 1076 11111
1292 1018 1341 1076 (11’
1357 1018 1485 1077 secolari
1498 1027 1529 1075 et
1543 1018 1775 1094 singolarissimi
1790 1019 1884 1077 nostri

552 1115 752 1183 benelattori;
776 1116 803 1173 le
825 1133 896 1173 cose
917 1133 972 1190 per
994 1115 1035 1172 lui
1057 1116 1229 1174 necessarie
1251 1134 1370 1191 sempre
1391 1133 1468 1175 sono
1489 1117 1595 1174 andati
1616 1135 1635 1174 a
1656 1116 1784 1193 pigliare
1806 1116 1885 1175 iPa·

552 1213 608 1281 dri,
630 1208 669 1270 ne
692 1214 762 1284 mai,
784 1232 838 1289 per
859 1214 959 1289 spatio
981 1214 1013 1271 di
1036 1214 1168 1271 vintidui
1191 1214 1291 1289 giomi
1316 1216 1347 1271 in
1369 1214 1449 1273 circa
1473 1215 1529 1273 che
1552 1233 1630 1273 sono
1660 1216 1691 1273 in
1718 1224 1880 1283 convente,

551 1310 577 1367 si
599 1306 616 1366 ὲ
637 1321 749 1387 negato
770 1313 873 1369 l’uscir
894 1313 925 1370 di
947 1330 1025 1371 esso.
1050 1311 1124 1370 Solo
1148 1312 1223 1370 hieri
1250 1313 1316 1380 che,
1341 1313 1472 1371 essendo
1494 1312 1572 1371 fuori
1594 1314 1648 1373 (101
1669 1314 1701 1371 (11
1715 1314 1774 1371 essi
1788 1313 1884 1389 padri,

552 1408 697 1467 ciascuno
718 1418 963 1485 accompagnato
984 1427 1045 1468 con
1066 1428 1108 1466 un
1131 1410 1208 1468 frate
1229 1411 1279 1467 del
1295 1419 1458 1479 convento,
1474 1428 1574 1469 venne
1588 1413 1609 1468 il
1625 1421 1716 1480 11110,
1730 1410 1884 1469 chiamato

552 1506 597 1564 111
617 1505 739 1582 Ignatio
760 1526 814 1584 per
836 1509 865 1565 la
886 1508 1004 1566 licenza
1024 1517 1055 1566 et
1072 1509 1285 1566 benedittione
1300 1509 1431 1567 d'uscire
1445 1508 1597 1584 anch’egli
1611 1509 1755 1585 (essendo
1770 1509 1885 1566 andato

552 1622 571 1662 a
591 1623 697 1680 spasso
718 1606 749 1662 in
771 1624 912 1667 carrozza
935 1605 1100 1681 l‘Etliiopel
1112 1622 1119 1675 ;
1141 1616 1171 1664 et
1193 1607 1335 1665 vedendo
1357 1608 1388 1665 io
1408 1624 1490 1665 esser
1515 1615 1627 1683 troppo
1650 1608 1707 1666 clre
1728 1617 1773 1665 tre
1798 1606 1883 1682 padri

552 1703 704 1762 lacessero
725 1705 988 1781 frequentemente
1009 1716 1053 1763 tre
1074 1705 1173 1780 copie,
1197 1704 1274 1764 oltre
1296 1705 1372 1762 altre
1393 1706 1442 1763 del
1469 1714 1632 1774 convento,
1660 1705 1718 1763 che
1746 1723 1884 1763 necessa·

552 1802 701 1860 riamente
722 1802 748 1861 si
769 1812 899 1863 trovano
922 1803 1001 1861 fuori
1022 1803 1095 1878 ogni
1116 1802 1236 1877 giorno,
1258 1821 1348 1861 come
1376 1803 1534 1870 cereatori,
1563 1803 1733 1862 confessori
1762 1803 1794 1860 di
1821 1821 1884 1861 mo·

552 1899 649 1958 nache
670 1912 701 1958 et
721 1919 775 1976 per
796 1901 863 1958 altri
885 1900 1010 1970 servitii,
1032 1901 1073 1975 gli
1095 1900 1169 1959 dissi
1192 1900 1250 1959 che
1271 1901 1303 1958 di
1325 1901 1423 1975 gratia
1443 1901 1659 1977 soprasedesse
1687 1918 1742 1977 per
1769 1900 1883 1958 altiora.

552 1995 654 2067 Quivi,
677 1997 928 2056 Eminentissimo
949 1996 1087 2071 Signore,
1110 2016 1173 2057 non
1195 1998 1294 2074 potrei
1315 2016 1439 2056 narrare
1460 2016 1524 2057 non
1545 1998 1603 2057 che
1624 1999 1754 2056 scrivere
1773 1998 1793 2055 il
1812 2008 1884 2055 stre·

552 2096 616 2170 pito
638 2096 695 2153 che
717 2096 784 2153 fece
805 2096 874 2171 quel
897 2095 1001 2170 padre.
1025 2094 1082 2152 Per
1102 2113 1167 2154 non
1188 2113 1270 2155 esser
1291 2104 1379 2155 tanto
1399 2097 1530 2171 prolisso
1552 2094 1620 2155 diro
1641 2098 1709 2155 solo
1730 2096 1787 2154 che
1802 2094 1882 2155 ando

551 2194 651 2251 subito
673 2212 691 2251 a
711 2194 839 2269 pigliare
860 2193 1085 2251 un'obedienza
1105 2194 1137 2251 di
1163 2193 1223 2251 Sua
1245 2192 1415 2253 Eminenza
1435 2193 1520 2271 (qual
1542 2212 1597 2270 per
1611 2197 1714 2254 avanti
1730 2213 1794 2254 non
1808 2196 1884 2253 s’era

552 2292 637 2357 vista,
659 2286 772 2366 perche
793 2308 885 2349 senza
906 2292 998 2349 veder
1019 2292 1097 2350 altro
1118 2293 1238 2351 s'erano
1260 2292 1387 2353 ricevuti
1409 2292 1440 2349 in
1462 2298 1631 2367 convento)
1650 2303 1680 2351 et
1695 2294 1881 2369 impatiente,

551 2384 669 2447 benclre
692 2390 710 2446 il
734 2391 798 2448 mio
819 2388 943 2448 Vicario
964 2400 994 2448 et
1016 2390 1084 2448 altri
1107 2390 1194 2465 padri
1216 2390 1369 2451 lacessero
1391 2391 1475 2449 forza
1495 2408 1550 2467 per
1576 2393 1755 2450 trattenerlo
1784 2387 1882 2449 finche

551 2487 631 2546 fosse
654 2488 766 2564 partito
787 2506 829 2545 un
850 2488 1042 2563 genlilhomo
1064 2489 1112 2546 col
1135 2490 1225 2564 quale
1247 2489 1443 2565 raggionavo,
1466 2490 1550 2549 volse
1572 2491 1675 2547 venire
1695 2500 1726 2548 et
1741 2499 1882 2548 mostrat-

551 2586 632 2644 mela
652 2596 793 2662 presente
814 2588 883 2662 quel
914 2587 1059 2655 secolare,
1093 2605 1152 2644 con
1185 2587 1251 2645 dire
1283 2587 1385 2645 ch'era
1415 2596 1519 2644 mente
1539 2586 1613 2645 diS
1643 2586 1738 2645 Em.¹⁸
1761 2586 1881 2646 dovessi

550 2684 647 2759 dargli
670 2693 746 2741 tutte
769 2686 796 2742 le
820 2684 1018 2743 satisfattioni
1051 2685 1108 2742 che
1139 2685 1335 2744 dimandava.
1369 2683 1494 2754 Ond'io,
1515 2702 1548 2743 se
1569 2686 1629 2745 ben
1660 2686 1794 2743 conobbi
1826 2684 1882 2742 che

550 2791 657 2856 questa
678 2801 742 2841 non
763 2783 868 2840 eradi
897 2784 999 2858 quelle
1031 2783 1242 2841 sodisfattioni
1274 2783 1331 2842 clre
1364 2783 1491 2841 intende
1511 2781 1540 2840 S.
1563 2782 1665 2853 Em.¹²,
1691 2783 1881 2841 nondimeno

549 2880 591 2955 gli
612 2881 750 2939 concessi
772 2881 873 2939 subito
895 2890 1017 2956 potesse
1037 2880 1147 2939 uscire.
1170 2879 1288 2951 Questo
1311 2877 1328 2937 ὲ
1348 2899 1445 2956 poco:
1468 2881 1582 2938 tornati
1602 2881 1660 2939 che
1680 2881 1792 2939 furono
1814 2880 1881 2938 tutti

549 2999 567 3037 a
588 2998 668 3050 casa,
690 2981 837 3039 andando
859 2998 900 3037 un
922 2979 1017 3055 padre
1038 2978 1087 3036 de’
1112 2978 1277 3054 principali
1299 2980 1350 3037 del
1371 2988 1526 3037 convento
1546 2997 1565 3037 1
1586 2979 1740 3049 salutarlo,
1765 2979 1882 3037 comin-

549 3073 599 3135 cilr
621 3077 774 3155 l’Ethiope
795 3097 814 3137 1
835 3086 941 3136 1111111
962 3094 1034 3135 seco
1056 3094 1116 3135 con
1137 3077 1235 3134 molto
1256 3077 1425 3152 disprezzo,
1447 3076 1666 3136 chiamandolo
1690 3076 1832 3136 morbino
1852 3084 1882 3133 et

549 3195 609 3235 con
631 3178 699 3235 altri
721 3178 806 3236 nomi
827 3177 853 3235 si
876 3175 960 3245 fatti3
983 3176 1004 3232 il
1026 3175 1084 3233 che
1105 3184 1285 3251 sopportato
1313 3175 1555 3251 patientemente
1582 3172 1633 3229 dal
1662 3171 1757 3246 padre
1778 3170 1882 3229 volen-

549 3274 617 3332 dosi
638 3292 769 3344 scusare,
792 3292 890 3332 venne
913 3291 931 3330 a
953 3273 1082 3331 termine
1104 3274 1123 3330 il
1147 3273 1229 3348 Zaga
1251 3273 1374 3331 Christo
1395 3273 1453 3330 clre
1477 3271 1502 3331 si
1532 3266 1600 3329 levi>
1625 3270 1709 3328 dalla
1735 3268 1823 3327 sedia
1842 3277 1881 3336 et,

549 3388 582 3429 se
603 3390 666 3429 non
688 3390 740 3429 era
761 3389 803 3428 un
825 3372 920 3447 padre
941 3372 989 3428 de’
1012 3371 1079 3429 suoi
1101 3370 1276 3446 compagni,
1299 3371 1340 3443 gli
1363 3379 1496 3428 metteva
1518 3370 1546 3427 le
1567 3369 1651 3427 mani
1672 3368 1816 3436 addosso,
1838 3384 1882 3423 re-

549 3469 696 3544 plicando
717 3470 759 3544 gli
780 3470 912 3527 avrebbe
933 3478 1050 3543 gettato
1073 3470 1100 3526 le
1121 3470 1243 3527 budelle
1265 3470 1297 3525 in
1319 3478 1399 3526 terra
1420 3479 1451 3526 et
1472 3467 1647 3526 ordinando
1669 3484 1687 3523 a
1707 3464 1778 3523 tutti
1806 3474 1851 3522 tre
1872 3462 1880 3519 i

549 3566 614 3625 suoi
637 3567 802 3643 compagni
824 3567 904 3635 11111,
927 3567 1061 3641 presenti
1083 3566 1151 3624 altri
1180 3567 1267 3641 padri
1300 3567 1349 3623 del
1382 3574 1546 3634 convento,
1578 3563 1635 3620 che
1665 3562 1832 3620 andassero
1853 3562 1881 3618 la

549 3665 678 3722 mattina
699 3674 854 3739 seguente,
876 3664 935 3722 che
956 3660 973 3722 ὲ
996 3664 1098 3738 hoggi,
1120 3682 1138 3722 a
1159 3681 1280 3721 cercare
1313 3663 1427 3738 allogio
1459 3663 1491 3719 in
1523 3679 1594 3720 casa
1614 3660 1715 3718 d'altri
1737 3658 1879 3734 religiosi,

549 3781 637 3819 come
659 3763 691 3820 di
712 3763 790 3821 11110
811 3763 840 3820 vi
862 3780 940 3822 sono
962 3763 1069 3819 andati
1091 3771 1121 3820 et
1142 3763 1295 3820 seminato
1316 3762 1583 3819 falsissimamente
1597 3759 1654 3817 che
1668 3758 1709 3816 ho
1725 3757 1881 3815 licentiato

549 3878 617 3919 esso
638 3860 769 3934 signore.
792 3860 913 3918 Piaccia
935 3877 953 3917 a
973 3859 1035 3917 Dio
1056 3859 1081 3916 si
1104 3860 1181 3933 parti
1203 3860 1245 3917 da
1265 3869 1373 3935 questo
1396 3867 1550 3916 convento
1572 3867 1688 3932 quanto
1703 3854 1811 3930 prima,
1825 3848 1880 3911 che

549 3957 651 4014 imiei
674 3957 742 4016 frati
765 3974 897 4015 seranno
919 3956 995 4032 privi
1017 3957 1049 4013 di
1078 3953 1104 4014 si
1136 3957 1280 4031 pestifera
1311 3956 1556 4023 conversatione,
1588 3954 1678 4029 quale
1708 3952 1788 4010 altro
1818 3968 1880 4009 non

549 4054 664 4114 vomita
684 4056 742 4113 che
764 4054 967 4130 grandissimo
989 4054 1116 4121 heresie,
1132 4071 1186 4129 per
1201 4072 1263 4111 non
1279 4053 1373 4112 sentir
1388 4054 1417 4111 le
1438 4053 1521 4128 quali
1544 4051 1632 4109 molti
1653 4050 1701 4108 de’
1716 4050 1791 4107 mici
1813 4047 1879 4106 11111

549 4171 612 4211 non
634 4154 778 4228 vogliono
793 4152 967 4227 comperire
989 4170 1047 4210 ove
1069 4151 1094 4210 si
1116 4160 1211 4209 trova.
1233 4150 1271 4209 Et
1292 4173 1320 4210 se
1334 4154 1375 4227 sa
1389 4161 1481 4227 questo
1497 4149 1690 4209 rrlrwandosi
1700 4146 1748 4205 nel
1759 4167 1839 4205 cuore
1850 4145 1882 4203 di

548 4250 641 4307 Sama
664 4250 775 4317 Clu'era,
798 4250 844 4306 che
859 4249 1326 4325 farr·dquandosardarr1i)alo
1348 4251 1377 4305 in
1400 4247 1593 4322 Inghr'lterra,
1615 4246 1736 4304 sentina
1753 4242 1879 4301 eseccia

548 4348 579 4405 di
602 4357 679 4405 tutte
701 4348 847 4418 l’heresie,
869 4366 927 4407 ove
949 4347 990 4405 ha
1010 4345 1061 4421 gia
1083 4348 1201 4404 inviato
1223 4355 1299 4403 tutte
1329 4346 1356 4403 le
1387 4364 1441 4403 sue
1473 4345 1547 4404 robe
1577 4355 1607 4402 et
1639 4361 1735 4419 pensa
1765 4349 1879 4416 quanto

548 4446 647 4520 prima
667 4445 848 4503 d'audarvi?
881 4445 932 4504 Ho
965 4446 1070 4503 voluto
1101 4445 1157 4502 dar
1190 4454 1275 4519 parte
1306 4444 1338 4500 di
1364 4440 1413 4501 cio
1441 4462 1460 4501 a
1481 4443 1517 4500 V.
1540 4441 1574 4500 E.
1597 4436 1762 4500 acciocche
1793 4455 1878 4497 come

549 4543 646 4600 Padre
667 4562 684 4600 e
706 4542 876 4602 Protettore
898 4545 981 4602 della
1002 4553 1108 4601 nostra
1131 4542 1292 4616 Religione
1317 4541 1397 4599 lacci
1428 4541 1560 4616 qualche
1591 4539 1761 4597 riflessione
1791 4551 1878 4612 sopra

548 4642 770 4716 quest'huomO,
792 4642 863 4716 qual
886 4642 994 4699 dubito
1016 4659 1057 4697 un
1078 4641 1188 4714 giorno
1216 4641 1260 4697 sia
1292 4657 1346 4714 per
1377 4658 1459 4696 esser
1490 4639 1621 4713 cagione
1641 4637 1673 4693 di
1694 4654 1771 4711 grau
1792 4635 1876 4692 male.

548 4738 573 4794 E
595 4739 636 4795 mi
657 4739 786 4813 perdoni
808 4741 890 4797 della
912 4736 1067 4814 prolissitir
1088 4739 1118 4795 la
1140 4755 1234 4812 prego
1256 4737 1431 4811 facendogli
1454 4735 1694 4811 profondissima
1717 4734 1876 4791 riverenza.

628 4836 667 4892 Di
689 4835 848 4905 Piacenza,
871 4837 892 4893 li
914 4852 933 4910 p
955 4845 1063 4911 agosto
1089 4832 1172 4907 1634.

946 4933 987 4990 Di
1008 4934 1037 4991 S.
1060 4931 1095 4990 E.
1116 4932 1322 4990 humilissimo
1344 4931 1480 5005 figliuolo
1503 4950 1519 4988 e
1541 4948 1628 4989 servo

724 5030 781 5088 Fra
803 5030 961 5088 Grncouo
984 5045 1089 5086 01111(
1113 5029 1226 5086 Roccn
1247 5028 1418 5098 n’ALoenr,
1442 5027 1622 5086 Guardiano
1643 5028 1694 5084 dei
1716 5026 1793 5083 MM.
1815 5020 1873 5079 RR.

546 5128 644 5198 (APF,
676 5129 709 5194 V,
733 5130 842 5186 Latere
862 5129 896 5186 di
914 5129 1046 5202 Spngua,
1071 5127 1248 5201 Portogollo.
1272 5138 1343 5195 etc,
1366 5128 1425 5184 vol.
1451 5141 1514 5198 104,
1538 5127 1557 5183 f.
1580 5124 1639 5197 01).
