4166 6182
549 608 683 656 XXXIV
1087 611 1346 661 lNTRODUCTIO

545 756 663 840 sione,
704 782 799 852 quae
837 758 884 830 ad
924 760 1064 832 calcem
1104 758 1389 855 supplicationis
1431 758 1578 853 legitur,
1617 782 1692 829 non
1737 754 1884 850 liquido

544 905 691 962 constat
731 891 790 963 cui
832 916 878 964 ex
908 891 1026 965 tribus
1053 891 1300 987 petitionibus
1328 890 1500 965 Pontifex
1529 888 1702 963 annuerit
1722 890 1787 985 (ι).
1824 888 1883 959 De

545 1022 617 1094 hoc
646 1022 798 1095 homine
827 1049 913 1097 vere
943 1024 1183 1098 missionibus
1203 1025 1339 1098 infesto
1359 1025 1480 1120 deque
1504 1023 1585 1096 eius
1603 1022 1724 1118 gestis
1744 1035 1824 1093 tum
1845 1019 1881 1092 in

545 1179 611 1227 ora
638 1154 798 1240 arabica,
829 1156 909 1230 sive
938 1172 1024 1230 ante
1043 1157 1123 1230 sive
1144 1171 1229 1252 post
1248 1158 1327 1230 eius
1347 1155 1635 1230 destinationem
1660 1153 1697 1226 in
1729 1153 1884 1226 Aethio

546 1286 660 1382 piam,
676 1305 754 1362 tum
770 1288 807 1361 in
830 1289 947 1362 lndiis
965 1290 1208 1364 orientalibus
1227 1308 1264 1364 et
1284 1289 1445 1363 maxime
1465 1290 1502 1361 in
1523 1288 1743 1384 Mogorensi
1764 1312 1884 1382 regno

545 1419 626 1515 agit
656 1421 871 1494 Patriarcha
899 1422 935 1494 in
956 1447 1023 1496 sua
1044 1423 1223 1507 Historia,
1245 1423 1307 1496 lib.
1330 1423 1391 1507 lV,
1412 1446 1522 1517 capp.
1544 1447 1654 1506 xvnr,
1677 1446 1712 1492 n.
1738 1443 1883 1514 4sqq.;

544 1579 644 1626 xx1v
672 1578 740 1649 per
767 1568 832 1628 tot.
864 1553 968 1653 (Rer.
998 1557 1116 1640 Aah„
1137 1557 1210 1629 vol.
1233 1556 1297 1639 lX,
1319 1581 1380 1651 pp.
1406 1576 1587 1647 353·354,
1613 1551 1834 1647 384-388)(
1861 1555 1884 1644 ).

625 1705 688 1777 23.
710 1685 795 1778 Quo
815 1703 985 1783 tempore
1004 1687 1281 1762 controversiae
1302 1687 1540 1762 Patriarchae
1560 1712 1646 1760 cum
1666 1684 1887 1782 Chrysopo-

545 1817 662 1891 litano
682 1819 933 1915 agitabantur,
955 1820 1027 1905 ille,
1049 1834 1221 1915 utsupra
1241 1818 1331 1906 dixi,
1353 1844 1485 1893 omnes
1506 1843 1642 1892 nervos
1662 1817 1888 1891 intendebat

545 1966 586 2024 ut
613 1950 741 2047 aliquo
772 1953 885 2025 modo
915 1952 1110 2026 catholicis
1138 1952 1363 2048 Aethiopiae
1391 1951 1570 2025 auxilium
1601 1952 1715 2024 ferret
1740 1975 1888 2023 eorum-

545 2108 618 2178 que
646 2099 850 2156 extremam
881 2084 1046 2180 inopiam
1085 2087 1307 2161 sublevaret.
1344 2085 1404 2158 Ad
1443 2110 1510 2158 eos
1549 2108 1711 2177 namque
1741 2081 1781 2155 in
1813 2082 1887 2154 fide

545 2217 824 2290 confirmandos
860 2232 1065 2291 extremam
1104 2243 1253 2290 manum
1292 2216 1469 2313 apposuit
1506 2216 1613 2313 operi
1650 2214 1711 2289 cui
1757 2215 1888 2288 titulus

547 2349 634 2421 Lux
662 2349 779 2433 Fidei,
813 2351 913 2444 quod
941 2349 1152 2445 aethiopica
1180 2373 1327 2424 versum
1348 2351 1509 2422 Romam
1532 2347 1634 2421 misit
1653 2349 1703 2421 ad
1727 2348 1768 2420 S.
1791 2347 1889 2422 Con-

545 2480 806 2576 gregationem
837 2483 884 2555 de
908 2482 1164 2578 Propaganda
1191 2482 1282 2555 Fide
1310 2497 1350 2553 ut
1377 2481 1479 2578 typis
1500 2481 1756 2554 mandaretur.
1778 2479 1890 2576 Opus

546 2613 639 2687 tanti
672 2614 743 2686 fuit
771 2612 915 2687 Romae
944 2615 1179 2687 aestimatum
1217 2629 1257 2685 ut
1284 2614 1323 2685 S.
1353 2613 1610 2710 Congregatio
1641 2613 1889 2686 Patriarchae

545 2747 688 2844 gratias
725 2746 845 2842 egerit
880 2763 919 2820 et
946 2747 1139 2843 synopsim
1169 2746 1336 2820 eiusdem
1375 2746 1501 2841 operis
1530 2771 1599 2841 pro
1636 2745 1891 2819 missionariis

546 2880 681 2954 confici
710 2879 881 2953 statuerit
901 2881 965 2975 (3).

627 3116 672 3191 (1)
696 3116 904 3191 ‹Suggerisce
925 3124 1066 3190 pertanto
1087 3123 1132 3171 tre
1153 3132 1237 3172 cose:
1251 3158 1256 3171 .
1271 3158 1296 3173 ..
1330 3115 1358 3171 la
1380 3115 1517 3172 secunda
1538 3114 1605 3183 che,
1631 3132 1665 3172 se
1693 3115 1777 3173 bene
1800 3117 1891 3173 l’ora·

545 3226 613 3275 tore
633 3211 650 3272 ὲ
672 3213 809 3281 vecchi0‚
831 3213 863 3270 di
885 3231 964 3287 poca
985 3211 1062 3268 vista
1082 3230 1100 3269 e
1120 3229 1212 3269 meno
1233 3212 1328 3280 ndito,
1351 3212 1499 3285 potrebbe
1520 3212 1652 3270 tuttavia
1680 3212 1711 3269 la
1743 3231 1803 3271 sua
1825 3213 1891 3270 sola

546 3330 693 3390 presenza
715 3312 813 3369 molto
833 3311 955 3383 giovare
976 3328 993 3367 e
1014 3310 1232 3384 specialmente
1253 3327 1285 3366 se
1306 3309 1331 3365 si
1354 3309 1500 3367 fermasse
1521 3309 1606 3367 nella
1629 3309 1726 3367 Moka
1748 3329 1843 3369 come
1859 3311 1891 3368 in

546 3413 706 3470 residenza
726 3410 777 3467 del
799 3427 854 3466 suo
875 3417 1038 3466 vescovato
1058 3408 1090 3464 di
1112 3406 1285 3482 Chrisopoli
1307 3425 1323 3464 e
1345 3407 1492 3465 vicariatu
1513 3407 1681 3483 d’Etiopia,
1697 3404 1815 3484 poiche
1838 3428 1892 3484 per

546 3512 576 3567 la
597 3507 778 3567 continenza
800 3507 831 3563 in
856 3506 927 3580 qnel
959 3514 1048 3579 porto
1078 3504 1110 3560 di
1143 3503 1322 3560 mercatanti
1355 3504 1485 3573 indiani,
1518 3505 1638 3579 gentili,
1670 3507 1891 3575 maomettani,

544 3605 675 3663 africani
698 3614 728 3660 et
749 3603 817 3660 altri
840 3601 985 3675 potrebbe
1007 3601 1104 3676 aprire
1126 3600 1302 3657 facilissirna
1316 3601 1467 3658 via...alla
1482 3601 1702 3677 predicazione
1718 3603 1892 3663 dell’etan·

545 3702 628 3779 gelio
659 3700 746 3775 quasi
778 3717 831 3774 per
861 3708 940 3756 tutto
972 3700 992 3754 il
1025 3699 1141 3755 mondo
1163 3721 1188 3751 ».
1221 3701 1253 3767 [a
1283 3701 1377 3771 tergo]
1412 3720 1427 3750 «
1450 3698 1508 3757 Die
1537 3715 1556 3771 p
1583 3701 1767 3759 novembris
1804 3698 1891 3761 1668.

544 3799 763 3857 Sanctissimus
784 3797 892 3853 annuit
912 3807 943 3852 et
965 3794 1122 3852 mandavit
1144 3794 1270 3869 procedi
1295 3794 1335 3850 ad
1362 3795 1548 3855 ulteriora».
1573 3796 1676 3872 (APF,
1700 3798 1786 3869 Αεία,
1818 3798 1894 3866 Goa,

545 3907 616 3965 etc,
637 3897 697 3953 vol.
721 3908 788 3965 237,
810 3893 830 3950 f.
858 3891 935 3963 1n8).

628 3992 674 4067 (2)
695 3990 810 4049 Omnia
831 4008 909 4063 quae
931 3990 969 4046 de
991 3989 1050 4045 hoc
1072 3988 1197 4046 homine
1217 3989 1377 4064 scripserat
1400 3990 1432 4045 in
1453 4008 1508 4047 sua
1527 3990 1677 4062 Historia,
1694 3995 1753 4052 etsi
1771 3995 1893 4053 veritati

546 4090 729 4157 conformia,
752 4099 855 4144 tamen
877 4088 975 4143 noluit
997 4085 1171 4143 Patriarcha
1200 4095 1232 4141 ut
1260 4087 1339 4160 typis
1361 4087 1590 4145 mandarentur.
1613 4088 1698 4147 Sane
1721 4091 1755 4148 in
1783 4093 1894 4149 Aduer-

545 4190 717 4261 teucrosque
736 4205 765 4242 se
784 4185 838 4241 huo
858 4183 892 4240 dc
909 4183 1044 4258 guardar
1063 4203 1101 4240 na
1122 4185 1273 4257 impressio
1292 4182 1366 4241 destc
1387 4184 1469 4249 liuto,
1492 4203 1569 4260 quas
1591 4188 1631 4243 ad
1655 4189 1780 4247 calcem
1803 4191 1894 4247 huius

546 4283 790 4344 Introductionis
811 4282 918 4349 resero,
941 4281 972 4336 in
994 4280 1129 4336 secunda
1149 4298 1252 4336 earum
1278 4288 1371 4354 parte,
1401 4298 1480 4355 quae
1501 4293 1622 4357 spectat
1645 4284 1685 4342 ad
1711 4286 1829 4345 librum
1851 4286 1894 4344 IV

545 4402 600 4442 seu
615 4380 794 4445 Auctarium,
810 4379 841 4435 in
863 4378 923 4435 fine
945 4378 1021 4434 haec
1043 4378 1133 4433 verba
1154 4394 1246 4433 manu
1267 4377 1361 4451 patris
1383 4377 1542 4436 Baithasar
1565 4380 1672 4439 Tellez
1695 4396 1828 4443 exarata
1850 4386 1893 4443 le·

545 4489 674 4557 guntur:
702 4502 715 4528 «
730 4475 820 4533 Tndo
842 4494 861 4532 0
882 4494 941 4550 que
963 4485 1106 4548 pertence
1127 4491 1145 4530 a
1166 4482 1229 4531 este
1250 4474 1338 4549 bispo
1360 4473 1505 4532 Canarim
1527 4494 1560 4535 se
1581 4478 1623 4537 ha
1638 4480 1679 4538 de
1702 4482 1816 4541 deixar
1830 4502 1897 4542 om·

546 4580 624 4636 nino
646 4593 710 4632 sem
732 4592 765 4631 se
779 4582 941 4646 estampar,
963 4591 980 4628 e
1002 4572 1061 4629 assi
1083 4588 1210 4628 convem
1232 4589 1249 4627 e
1270 4570 1362 4628 assim
1376 4590 1395 4629 o
1411 4573 1540 4631 adiunto
1555 4593 1593 4632 ex
1609 4578 1806 4638 authoritate
1821 4577 1896 4639 ill.mi

546 4687 577 4735 et
592 4671 683 4732 rev.¹¹²l
706 4671 899 4729 Patriarchae
921 4669 995 4725 mihi
1018 4668 1181 4725 commissa
1197 4668 1228 4723 in
1244 4666 1301 4724 hac
1318 4678 1444 4742 parte».
1469 4669 1539 4728 Hoc
1561 4671 1699 4732 Mendez
1723 4679 1897 4752 prudenter

546 4773 636 4831 iussit
663 4788 702 4826 ne
731 4767 890 4825 Romanae
918 4764 1028 4823 Curiae
1056 4764 1258 4822 offensionem
1290 4765 1465 4823 incurreret.
1490 4766 1556 4841 Ego
1580 4788 1654 4828 vero
1678 4772 1713 4829 in
1735 4774 1896 4849 praesenti

546 4870 695 4934 editione,
712 4876 745 4923 ut
760 4865 923 4922 historicae
938 4862 1104 4919 sinceritati
1119 4861 1309 4918 consulerem
1330 4880 1394 4919 non
1417 4882 1483 4921 esse
1505 4883 1575 4922 eam
1597 4878 1723 4942 partem
1747 4873 1897 4931 omitten-

546 4970 620 5025 dam
643 4963 787 5029 iudicavi‚
804 4960 980 5035 praesertim
996 4976 1065 5016 cum
1081 4968 1149 5032 post
1165 4958 1221 5013 tria
1235 4961 1357 5016 saecula
1372 4962 1503 5034 amplius
1519 4981 1584 5020 non
1601 4966 1730 5040 vigeant
1747 4972 1895 5040 rationes,

547 5081 627 5139 quae
651 5058 845 5117 Patriarchae
866 5056 1021 5113 silentium
1043 5072 1172 5111 suasere.

629 5160 674 5231 (3,
701 5182 714 5207 «
732 5156 783 5228 (In
807 5154 934 5229 congre
955 5152 1016 5209 diei
1042 5167 1076 5223 14
1098 5152 1230 5208 octobris
1255 5150 1351 5225 1647).
1384 5153 1418 5210 In
1441 5174 1478 5212 ea
1500 5157 1602 5232 primo
1631 5161 1719 5222 [acta
1743 5168 1897 5227 relatione
