4058 6178
189 2294 251 2340 Lux
281 2292 379 2342 eadem
407 2294 474 2342 Fre·

153 2374 255 2413 monne
273 2363 335 2413 viu
351 2373 380 2413 et
396 2364 475 2415 ooni-

153 2442 199 2483 tur
216 2435 339 2486 auditus.

189 3914 343 3965 Amissae
366 3917 473 3966 vincet

153 3994 291 4035 extremae
310 3985 373 4037 sitis
400 3989 473 4051 peri·

152 4054 226 4105 cult.

507 519 565 578 132
837 511 1111 563 EXPEDITIONIS
1133 511 1397 563 AETHIOPICAE
1420 513 1500 563 Ere.

502 659 727 741 Aethiopiam
752 659 894 724 invexit.
919 658 993 722 Vix
1016 660 1155 733 dictum,
1179 662 1223 723 ad
1246 661 1437 731 dexteram,
1454 661 1498 723 ad
1524 679 1628 742 quam
1643 659 1838 741 Aethiopia

504 775 715 847 diffunditur,
740 777 843 840 stella
874 776 1034 839 obiicitur
1064 777 1145 840 luna
1175 777 1338 861 grandior
1367 786 1401 839 et
1423 773 1621 859 fulgentior,
1636 794 1725 857 quae
1751 784 1837 838 tam-

503 891 560 955 diu
591 894 743 963 immota,
774 892 937 975 quamdiu
967 893 1141 955 dominica
1171 894 1280 955 oratio
1304 903 1338 956 et
1369 891 1527 976 angelica
1560 890 1722 954 salutatio
1752 890 1836 953 reci·

502 1008 568 1071 tari
591 1020 741 1091 possent,
764 1020 875 1073 totum
899 1011 1086 1074 orizontem
1108 1010 1290 1091 splendore
1313 1018 1347 1072 et
1370 1018 1525 1072 nostrum
1545 1010 1677 1071 animos
1704 1008 1837 1071 laetitia

503 1136 537 1188 θῖ
564 1125 790 1189 admiratione
820 1128 1015 1210 complevit.
1038 1125 1112 1189 Nec
1139 1123 1249 1189 defuit
1280 1126 1337 1207 qui
1367 1125 1506 1196 diceret,
1536 1126 1642 1187 talem
1672 1144 1747 1188 esse
1776 1125 1835 1188 de·

503 1242 617 1305 buisse
632 1242 768 1305 stellam
786 1242 881 1305 illam
896 1262 984 1324 quae
1000 1240 1124 1325 Magos
1139 1243 1183 1305 ah
1194 1237 1336 1304 Oriente
1352 1241 1387 1303 in
1403 1259 1569 1322 praesepe
1582 1239 1834 1303 Bethlemicum

502 1357 650 1429 vocavit,
674 1377 736 1419 nec
760 1359 817 1439 qui
842 1358 937 1420 illico
952 1358 1124 1429 adiiceret,
1141 1357 1289 1421 indicem
1305 1366 1339 1420 et
1354 1357 1490 1420 arrham
1506 1376 1582 1420 esse
1608 1357 1834 1420 Beatissimae

503 1470 667 1554 Virginis,
691 1492 779 1555 quae
802 1492 840 1535 se
862 1473 925 1535 illa
953 1473 1028 1535 luce
1058 1474 1102 1536 ad
1133 1473 1300 1537 auxilium
1331 1482 1366 1536 et
1397 1471 1550 1536 favorem
1581 1472 1835 1553 promovendae

502 1588 714 1669 expeditioni
738 1591 824 1651 adeo
846 1590 1019 1672 gloriosae
1041 1586 1295 1661 foenerandum,
1316 1591 1424 1652 instar
1449 1607 1592 1651 aurorae
1606 1588 1832 1670 procedentis,

502 1704 546 1764 ad
569 1701 759 1786 perfectam
783 1705 873 1767 diem
897 1706 1151 1788 oppigneraret.
1174 1703 1260 1768 Mox
1291 1705 1456 1787 hymnum
1480 1704 1553 1769 Ave
1581 1704 1689 1768 mant
1714 1703 1834 1767 Μία
1859 1708 1880 1760 f.
1901 1706 1972 1771 ⁶42*-

501 1828 535 1880 et
559 1820 781 1900 antiphonam
810 1819 880 1882 Sub
903 1824 999 1882 ticum
1027 1817 1238 1904 praesidatum
1268 1817 1496 1906 confugimus,
1522 1823 1641 1882 sancta
1670 1818 1744 1882 Dei
1769 1816 1833 1880 Ge·

501 1933 616 1997 nz'trix
640 1954 718 1997 cum
740 1936 896 1998 subnexa
921 1935 986 2017 ipsi
1009 1937 1172 2007 oratione,
1196 1946 1323 2016 quanta
1352 1935 1527 2017 potuimus
1556 1934 1733 1997 alacritate
1756 1953 1833 2016 pro-

502 2052 710 2122 nunciantes
727 2061 899 2114 ostentum
915 2051 1001 2115 illud
1017 2050 1198 2115 habuimus
1213 2051 1375 2114 catholici
1390 2049 1536 2134 fulgoris
1551 2052 1586 2112 in
1609 2049 1833 2131 Aethiopiam

502 2165 643 2245 (utinam
667 2185 743 2228 cum
767 2164 928 2229 firmitate
938 2165 957 2246 l)
981 2165 1209 2250 irrumpentis.

592 2304 621 2359 4.
646 2281 743 2344 Piam
768 2282 856 2345 hanc
879 2283 1077 2363 opinionem
1100 2283 1276 2345 roboravit
1307 2282 1352 2354 id,
1378 2283 1471 2365 quod
1487 2292 1608 2364 postea
1623 2283 1834 2351 rescivimus,

501 2399 620 2460 eadem
645 2398 701 2460 die
726 2399 823 2480 (quae
847 2417 944 2461 sacra
959 2409 1032 2461 erat
1048 2398 1205 2480 apostolo
1224 2397 1415 2481 Barnabae)
1439 2408 1473 2460 et
1492 2400 1657 2480 temporis
1679 2399 1834 2469 articulo,

500 2512 529 2573 F
531 2531 691 2576 remonae
714 2533 801 2596 quae
825 2514 907 2576 olim
931 2513 1099 2576 subdivo
1123 2512 1321 2576 Frumentio
1345 2523 1379 2576 et
1403 2533 1492 2577 nunc
1514 2526 1592 2596 post
1620 2514 1834 2596 patriarchae

500 2627 663 2692 Andreae
694 2630 891 2711 hospitium,
923 2631 1123 2711 metropolis
1153 2638 1205 2692 est
1236 2630 1269 2691 in
1301 2629 1492 2712 Aethiopia
1522 2631 1712 2693 catholicae
1741 2628 1832 2699 fidei,

501 2764 613 2807 aerem
647 2745 785 2808 insolito
817 2744 952 2828 fulgore
976 2745 1194 2817 illustratum,
1219 2747 1262 2807 ad
1289 2747 1341 2807 sui
1373 2754 1592 2828 conspectum
1623 2766 1690 2809 non
1722 2746 1833 2809 solum

500 2862 592 2923 viros
616 2872 716 2925 extra
738 2863 876 2924 domum
900 2862 1068 2944 palantes,
1092 2863 1154 2925 sed
1177 2859 1345 2924 foeminas
1369 2862 1460 2924 intus
1482 2861 1632 2925 inclusas
1658 2880 1833 2931 evocasse,

501 2976 721 3059 auditumque
745 2980 925 3043 insuetum.
949 2988 1123 3060 tamquam
1147 2978 1264 3041 bellici
1288 2979 1457 3047 tormenti,
1481 2997 1613 3049 sonum,
1636 2997 1737 3059 quem
1764 2996 1832 3039 non

500 3092 600 3172 pauci
624 3092 753 3155 duxere
777 3092 935 3155 militaris
958 3093 1102 3157 alicuius
1127 3093 1304 3156 machinae
1334 3095 1425 3174 apud
1449 3091 1618 3172 Macuam,
1642 3112 1730 3173 quae
1753 3093 1833 3154 inde

501 3209 605 3270 distat
636 3218 773 3271 centum
811 3218 844 3270 et
872 3211 1120 3293 quinquaginta
1143 3210 1359 3281 milliaribus,
1384 3209 1647 3291 displosionem;
1672 3209 1834 3290 credique

500 3334 623 3404 potest,
648 3324 825 3388 Andream
850 3325 1089 3407 patriarcham,
1113 3324 1171 3406 qui
1194 3327 1265 3388 suis
1293 3326 1424 3388 meritis
1447 3335 1482 3387 et
1512 3326 1672 3407 precibus
1702 3323 1832 3386 incolu-

500 3458 590 3501 mem
614 3460 788 3502 accessum
812 3461 873 3504 suo
897 3442 1082 3503 successori
1107 3450 1142 3504 et
1161 3441 1264 3503 sociis
1281 3462 1302 3504 a
1316 3440 1393 3504 Deo
1409 3440 1616 3522 impetravit,
1633 3431 1744 3502 facem
1761 3440 1833 3501 illis

499 3555 579 3616 inde
603 3556 786 3636 protulisse
810 3566 844 3618 et
868 3557 961 3619 edito
992 3553 1128 3638 fragore
1162 3555 1384 3639 significasse,
1417 3555 1601 3637 aethiopici
1638 3554 1833 3617 schismatis

500 3670 709 3741 memoriam,
732 3681 769 3734 ut
786 3674 886 3734 estin
903 3671 1051 3744 Psalmo,
1076 3691 1149 3734 cum
1164 3672 1278 3735 ronaiu
1301 3678 1335 3735 et
1349 3671 1499 3735 trimultu
1508 3672 1704 3756 periturum
1721 3671 1765 3753 (1)
1781 3680 1832 3733 to·

499 3796 637 3869 tamque
656 3789 752 3851 illam
776 3790 950 3869 regionem
973 3787 1192 3850 Patriarchae
1216 3790 1372 3871 ingressu
1396 3788 1690 3850 commovendam.

591 3922 618 3981 5.
643 3903 745 3965 Diem
769 3904 873 3973 illam,
888 3924 975 3984 quae
998 3905 1149 3966 omnium
1174 3906 1361 3967 laetissima
1383 3901 1516 3967 affulsit
1531 3903 1631 3987 (quae
1648 3914 1698 3966 est
1713 3904 1832 3966 huma·

500 4040 619 4082 narum
642 4039 754 4082 rerum
777 4019 999 4104 vicissitudo),
1011 4020 1144 4083 tristius
1166 4022 1325 4083 omnibus
1347 4020 1514 4082 anteactis
1537 4020 1755 4081 subsecutum
1779 4027 1831 4080 est

500 4136 689 4216 periculum
712 4144 746 4197 et
768 4138 969 4198 matutinam
984 4136 1095 4198 lucem
1110 4135 1318 4198 meridianae
1333 4136 1496 4198 tenebrae
1511 4136 1705 4197 obruerunt.
1722 4135 1831 4196 Paulo

499 4264 577 4334 post
601 4253 684 4316 solis
707 4262 874 4324 exortum,
900 4253 933 4314 in
957 4260 1108 4314 montem
1130 4253 1337 4315 accessimus
1352 4249 1473 4314 ferreis
1503 4252 1733 4313 excrementis
1762 4247 1830 4311 for·

502 4369 717 4431 midabilem:
742 4370 790 4430 ibi
813 4389 885 4438 nos,
907 4369 1022 4430 nescio
1042 4367 1119 4449 quis
1135 4367 1392 4430 mahometanus
1407 4368 1483 4428 viae
1498 4366 1627 4449 peritus
1643 4367 1828 4437 admonuit,

501 4494 547 4556 ut,
561 4485 679 4546 relicto
702 4484 909 4545 camelorum
932 4484 1063 4555 itinere,
1087 4482 1375 4564 compendiariam
1400 4484 1492 4545 viam
1507 4491 1726 4553 sectaremur,
1743 4501 1831 4563 quae

501 4621 562 4662 nos
586 4601 687 4662 citius
709 4601 752 4661 ad
776 4601 935 4681 perennis
959 4619 1068 4680 aquae
1097 4610 1239 4681 puteum
1266 4609 1357 4662 esset
1381 4598 1578 4661 deductura.
1609 4596 1696 4660 Rati
1726 4616 1829 4659 unum

499 4717 557 4778 vel
580 4716 624 4778 ad
648 4735 815 4779 summum
839 4717 908 4778 duo
927 4736 1003 4779 esse
1019 4716 1188 4787 milliaria,
1205 4716 1320 4778 missis
1335 4715 1484 4786 camelis,
1501 4713 1643 4776 semitae
1659 4733 1723 4775 nos
1739 4732 1830 4775 com·

503 4833 666 4903 misimus,
691 4832 784 4893 nulla
808 4851 916 4911 aquae
935 4851 1032 4913 quae,
1049 4831 1120 4893 illis
1134 4830 1478 4903 vectabatur,·habita
1493 4831 1637 4893 ratione.
1653 4827 1723 4891 Sed
1739 4848 1831 4890 com·

500 4948 661 5027 pendium
685 4947 771 5008 illud
794 4956 890 5009 tanto
906 4946 1005 5009 nobis
1018 4942 1082 5008 suit
1098 4944 1289 5025 dispendio,
1305 4954 1343 5007 ut
1358 4944 1448 5007 ultra
1463 4945 1654 5006 octodecim
1670 4942 1832 5005 milliaria

588 5084 624 5141 (1)
644 5082 742 5132 Psalm.
761 5093 785 5141 9,
805 5096 829 5131 n.
851 5090 873 5139 7.
