4066 6174
558 546 621 621 346
890 554 1164 605 Exeeomorrrs
1187 553 1450 605 ammonete
1473 554 1553 603 ere.

555 714 590 765 et
613 704 785 766 cucullum
809 702 895 765 nihil
919 702 1068 784 amplius
1090 703 1171 765 novi
1195 702 1378 775 asciscens,
1402 702 1467 764 nisi
1483 702 1648 765 ecclesiae
1664 699 1789 764 fundos
1806 720 1881 781 quos

555 820 621 881 sihi
645 820 828 881 universim
853 819 1071 881 adiudicavit.
1088 818 1263 881 Perochus
1278 819 1323 881 ad
1339 817 1558 881 Patriarchae
1574 818 1711 899 asylum
1727 814 1880 898 confugit,
1993 860 1994 885 ,

555 953 766 1015 conquerens
789 935 854 996 sibi
878 935 923 998 ab
947 935 1022 1015 ipso
1047 934 1234 996 animarum
1260 953 1374 997 curam
1399 943 1434 996 et
1457 931 1583 996 famam
1611 933 1716 995 simul
1732 934 1879 1016 legatam,

556 1069 632 1111 cum
658 1048 789 1112 Umbar
813 1059 904 1112 totos
930 1069 1033 1132 agros
1063 1051 1265 1132 possideret.
1298 1050 1333 1112 Is
1363 1051 1539 1113 constituit
1570 1050 1742 1132 (quamvis
1769 1050 1880 1131 inique,

556 1166 617 1228 sed
641 1166 727 1228 iuste
751 1185 813 1248 pro
837 1167 1002 1246 tempore)
1027 1175 1064 1228 ut
1087 1166 1236 1228 titularis
1260 1166 1319 1228 ille
1343 1166 1531 1229 monachus
1553 1165 1705 1247 parocho
1722 1166 1755 1225 in
1774 1165 1880 1227 alimo-
1993 1192 1994 1199 ,

556 1282 647 1343 niam
671 1283 808 1345 cederet
832 1284 1040 1364 competenti
1064 1300 1225 1366 agrorum
1249 1284 1417 1364 portione.
1441 1281 1506 1344 Ille
1529 1282 1573 1344 ad
1596 1302 1694 1344 suum
1722 1282 1879 1343 cucullum

555 1416 746 1479 provocans
768 1401 965 1481 generalem
983 1399 1225 1460 monachorum
1242 1398 1347 1461 Tecla
1364 1396 1572 1480 Haiymeinot,
1586 1397 1737 1480 Ichegue
1753 1398 1878 1465 dictum,

555 1522 590 1575 et
614 1513 648 1575 in
673 1515 795 1576 castris
817 1524 898 1576 tunc
922 1526 1091 1597 agentem,
1117 1515 1235 1577 adivit.
1260 1513 1331 1576 Ubi
1354 1534 1431 1576 cum
1457 1513 1582 1576 multos
1605 1513 1748 1576 haberet
1775 1522 1880 1575 contu·

557 1630 715 1692 bernales
738 1634 860 1711 (neque
883 1631 974 1693 enirn
1000 1630 1252 1693 monachismus
1275 1630 1490 1712 aethiopicus
1512 1639 1622 1693 certat
1645 1648 1723 1692 cum
1743 1631 1811 1691 vita
1825 1630 1878 1690 mi·

556 1744 659 1816 litari,
684 1744 813 1816 curiali,
838 1747 893 1808 vel
917 1746 1051 1827 uxoria>
1083 1744 1185 1809 facile
1217 1747 1363 1809 obtinuit
1394 1756 1431 1808 ut
1461 1746 1646 1828 praeconio
1676 1754 1878 1815 statueretur,

556 1861 775 1923 Patriarchae
799 1862 1010 1943 antiquorum
1037 1861 1251 1934 Abunarum,
1274 1862 1428 1943 generali
1451 1860 1715 1924 mo*nachorum
1747 1861 1878 1923 aliorum
1899 1876 1968 1939 trtp.

554 1976 765 2059 generalium
790 1979 860 2039 iure
883 1979 1047 2060 deinceps
1069 1980 1238 2041 standum.
1263 1976 1364 2060 Quod
1387 1978 1527 2060 optimis
1560 1978 1741 2040 catholicis
1767 1987 1800 2040 et
1825 1978 1877 2038 Pa-

555 2092 736 2163 triarchae,
760 2112 837 2155 curn
862 2096 967 2166 novit,
992 2113 1059 2156 non
1083 2112 1200 2175 parum
1226 2094 1354 2157 doloris
1377 2095 1509 2167 attulit3
1537 2094 1599 2156 sed
1622 2103 1703 2156 tunc
1734 2093 1877 2156 dissimu-

554 2207 674 2270 lationi
700 2210 929 2272 mandandum
953 2207 1017 2272 fuit
1040 2219 1075 2272 et
1097 2210 1331 2292 abrogationis
1353 2220 1489 2292 tempus
1512 2210 1775 2291 expectandum,
1797 2210 1877 2289 quod

554 2333 680 2395 tamen,
704 2326 836 2388 rebus
827 2345 861 2387 rn
878 2326 977 2388 dies
968 2344 1003 2388 1n
1019 2327 1117 2408 peius
1132 2325 1393 2399 collabentibus,
1410 2325 1506 2389 Deus
1521 2327 1719 2408 neutiquam
1736 2326 1876 2388 adduxit
