4058 6178
648 606 766 656 LIBER
788 608 827 665 11,
851 605 976 656 ceput
999 608 1037 658 11.
1446 597 1505 672 163

178 771 240 813 non
264 751 307 814 ad
331 761 444 815 castra
467 751 585 815 fratris
607 755 656 816 tui
680 754 741 816 sed
764 751 917 816 Romam
933 744 1123 826 dumtaxat,
1146 773 1200 816 me
1223 773 1365 836 meaque
1387 752 1506 816 Eccle-

176 869 243 930 siae
261 870 573 932 commendaturus.
597 868 644 932 Et
666 871 895 933 narrationem
917 879 1131 951 praesentem
1154 871 1204 933 sic
1224 871 1298 952 ipse
1313 870 1504 933 concludit:

180 982 302 1070 ingens
325 982 438 1069 igitw
454 981 622 1069 gaudiam
653 984 691 1047 ire
713 984 874 1061 Ecclesia,
892 981 1119 1071 pontifexque
1141 985 1272 1058 Iulr'rrs,
1296 990 1338 1049 ut
1348 985 1506 1071 gratulo-

178 1105 272 1162 retur
282 1103 422 1163 nostrae
433 1099 651 1175 restitutioni,
667 1100 801 1164 litteras
816 1101 912 1165 mr'sr't
922 1100 969 1164 oct
980 1101 1147 1165 eeclesiam
1159 1100 1438 1165 Alexandrinam
1450 1102 1504 1183 (ι).

178 1213 270 1295 Quae
300 1216 337 1276 in
369 1233 411 1277 ea
440 1225 561 1297 postea
591 1216 700 1278 lectae
731 1235 846 1279 coram
875 1217 1085 1297 presbyteris
1119 1226 1153 1280 et
1180 1217 1344 1287 diaconis,
1380 1229 1506 1281 metam

73 1375 78 1387 .
125 1376 152 1395 ,.
177 1331 360 1394 Athanasii
384 1329 577 1401 *laboribus
600 1331 840 1414 imposuerunt.
870 1331 1003 1413 Quibus
1033 1334 1067 1395 in
1091 1333 1269 1396 sententiis
1296 1332 1380 1395 illud
1405 1332 1507 1395 liceat

177 1448 447 1510 animadvertere
470 1468 490 1510 a
513 1445 644 1529 Magno
666 1446 862 1510 Athanasio
884 1446 1075 1511 Ecclesiam
1100 1448 1368 1512 antonomastice
1398 1449 1507 1511 solam

177 1562 392 1635 Romanam
413 1561 622 1645 Episcopum
646 1580 739 1634 vero,
762 1562 873 1625 solum
895 1564 1003 1645 ipsius
1025 1561 1224 1627 Pontificem
1249 1563 1445 1646 nuncupari,
1470 1573 1508 1626 ut

175 1690 209 1742 et
230 1679 463 1743 Tertullianus
485 1680 584 1742 dicit:
608 1678 810 1763 Episcopum
832 1678 1084 1763 Episcopororn,
1106 1699 1207 1762 quem
1225 1689 1261 1741 ut
1280 1681 1405 1743 viseret
1432 1680 1507 1742 Ro·

176 1814 264 1858 mam
288 1794 385 1857 adire
407 1813 531 1876 operae
561 1795 728 1876 praetium
758 1796 917 1876 putabat3
942 1796 1029 1857 sicut
1053 1806 1087 1858 et
1109 1795 1236 1858 Paulus
1259 1794 1506 1879 lerosolymam

174 1910 340 1981 ascendit,
363 1907 476 1973 oritere
490 1910 642 1974 Petrum.
663 1906 744 1982 Ubi,
762 1920 901 1973 notante
920 1908 1176 1992 chrysostomo,
1193 1911 1385 1993 Apostolus
1401 1912 1507 1973 utitur

174 2046 298 2110 graeco
313 2028 432 2100 verbe,
448 2027 540 2107 quod
555 2035 686 2089 tantum
702 2027 815 2089 locum
830 2026 935 2090 habet
951 2027 986 2089 in
1001 2028 1195 2108 spectandis
1212 2027 1403 2109 insignibus
1415 2028 1505 2089 urbi·

173 2144 235 2205 bus
250 2161 291 2205 ac
320 2144 463 2206 theatris
486 2161 612 2225 magno
635 2160 856 2223 personarum
879 2151 914 2205 et
929 2152 1157 2225 spectatorum
1173 2162 1314 2205 numero
1329 2141 1504 2214 confertis,

172 2259 251 2341 quia
274 2269 310 2322 et
334 2257 457 2321 Petrus
480 2267 515 2322 et
544 2258 660 2330 Iulius,
692 2257 800 2339 ipsius
830 2276 1015 2331 successor,
1046 2260 1157 2322 urbes
1176 2269 1272 2322 erant
1300 2268 1333 2321 et
1363 2259 1505 2329 theatra,

173 2384 313 2456 propter
329 2373 482 2436 omnium
498 2375 662 2436 virtutum
677 2394 717 2436 ac
734 2374 934 2459 coelestium
949 2376 1115 2438 donorum
1132 2375 1383 2438 multitudinem
1399 2383 1433 2436 et
1449 2394 1505 2436 au·

171 2501 292 2572 gustas
309 2489 522 2552 auctoritatis
538 2489 719 2571 specimen,
737 2499 774 2552 ut
788 2491 1010 2572 praecipuum
1024 2490 1328 2553 orbismiraculum
1352 2490 1504 2553 visenda.

261 2626 314 2684 23.
347 2601 416 2667 Sed
447 2604 528 2685 quia
550 2604 739 2667 similitudo
766 2605 982 2668 conciliatrix
1010 2615 1063 2668 est
1089 2607 1225 2679 amoris,
1247 2606 1400 2669 eiusdem
1425 2603 1504 2667 fidei
1568 2616 1633 2665 Divi
1651 2617 1798 2667 nummii
1826 2628 1854 2666 et

170 2722 284 2784 unitas
308 2719 540 2782 Athanasium
563 2718 653 2781 Iulio
676 2729 710 2782 et
733 2718 858 2782 Iulium
881 2719 1075 2783 Athanasio
1098 2723 1307 2784 conserebat.
1333 2720 1422 2783 Nam
1446 2742 1503 2783 an·
1531 2686 1643 2808 ζᾞέξιξ
1656 2688 1853 2811 ffiffiffi

169 2847 310 2917 tequam
343 2835 455 2916 ipsum
489 2837 524 2896 in
554 2835 827 2900 communionem
855 2835 963 2899 Iulius
994 2837 1196 2908 admitteret,
1223 2837 1429 2918 hospitalem
1461 2838 1505 2899 ab
1531 2830 1629 2879 eadem
1647 2831 1728 2882 ⁹⁶0⁸·

170 2954 247 3035 ipso
268 2961 438 3015 tesseram
460 2953 636 3034 poposcit;
659 2952 720 3014 ille
742 2970 825 3014 vero
849 2953 992 3033 protulit
1006 2953 1201 3033 symbolum
1226 2972 1247 3014 a
1269 2971 1306 3015 se
1336 2953 1504 3034 composi·

168 3079 251 3141 tum,
268 3068 364 3151 quod
377 3066 561 3130 Athanasii
577 3068 711 3139 dicitur,
725 3088 833 3149 eoque
848 3077 1042 3150 conspect0‚
1057 3066 1165 3131 Iulius
1180 3048 1319 3131 intimas
1334 3068 1505 3131 amicitiae

168 3183 262 3247 fores
285 3184 399 3247 eidem
431 3181 603 3265 patefecit.
634 3181 710 3264 Quo
741 3185 842 3246 etiam
867 3203 949 3247 usus
971 3168 1025 3247 est
1054 3181 1198 3247 artificio
1228 3182 1394 3257 Liberius,
1424 3181 1505 3246 fidei

167 3297 358 3363 formulam
381 3300 491 3363 eidem
508 3297 665 3369 offerens,
681 3301 820 3382 eiusque
837 3299 1120 3381 subscriptionem
1136 3300 1373 3382 exigenshac
1388 3300 1506 3362 addita

166 3416 406 3496 peroratione:
436 3415 530 3478 Hur'c
551 3414 766 3501 confessioni,
786 3414 910 3501 frater
932 3414 1114 3486 Athenon}
1138 3435 1222 3501 quae
1247 3435 1327 3479 nera
1349 3415 1445 3499 fides
1467 3415 1505 3477 in

165 3536 287 3595 sancto
309 3528 474 3593 catholica
488 3535 522 3593 et
535 3531 716 3615 apostolico
730 3530 881 3595 Ecclesia
896 3535 1060 3606 censetur,
1075 3531 1107 3593 si
1121 3549 1247 3593 mcum
1262 3529 1377 3604 sentis,
1393 3550 1504 3594 eoram

165 3646 279 3710 codiee
294 3645 371 3709 Deo
393 3650 427 3708 et
449 3644 595 3721 Chrrito,
612 3666 741 3730 quaeso,
757 3646 941 3711 nrbrcribos
955 3667 1017 3730 quo
1040 3646 1198 3710 certiores
1213 3646 1406 3719 reddamur,
1422 3665 1505 3708 rrum

164 3761 318 3825 ttrirsdrm
342 3760 511 3824 mercum
533 3760 705 3849 suffragii
723 3763 782 3837 ris,
806 3761 957 3846 itemque
978 3766 1111 3826 steteras
1133 3761 1174 3825 de
1196 3766 1285 3825 recto
1300 3758 1384 3845 fiete,
1408 3766 1450 3824 ut
1471 3766 1507 3823 et

164 3897 224 3963 ego
246 3876 402 3941 securior
423 3877 554 3963 efficior
575 3882 701 3961 tuoque
723 3875 884 3941 mandato
906 3876 1221 3941 sr'reeiaesitotr'one
1236 3877 1347 3940 obeam
1360 3876 1414 3959 (2).
1439 3874 1503 3940 Cui

164 3991 340 4056 formulae
363 4011 439 4054 cum
467 3992 680 4056 Athanasius
710 3995 944 4057 incunctanter
974 3994 1244 4076 subscripsisset,
1268 3994 1340 4056 eius
1367 4013 1502 4056 causam

164 4108 328 4172 Liberius
352 4107 401 4169 ita
422 4110 704 4192 propugnandam
727 4113 887 4192 suscepit,
912 4120 948 4172 ut
971 4120 1049 4191 post
1073 4110 1267 4173 innumeras
1290 4111 1502 4181 vexationes,

163 4246 184 4288 a
211 4223 420 4288 Constantio
453 4223 610 4298 inflictas,
645 4226 762 4288 Roma
794 4227 933 4289 tandem
968 4227 1014 4289 sit
1047 4234 1199 4298 exactus,
1231 4234 1265 4287 et
1296 4224 1330 4287 in
1360 4225 1503 4288 exilium

162 4339 287 4404 Felice
309 4337 346 4402 H
370 4340 481 4402 eidem
504 4341 696 4414 substituto,
721 4343 931 4404 amandatus.

230 4488 233 4494 ·
258 4475 313 4532 ²4·
337 4452 475 4518 Videtis
498 4454 604 4540 igitur
625 4453 729 4519 fidem
752 4456 990 4520 Romanorum
1018 4455 1222 4520 Pontificum
1246 4468 1280 4520 et
1303 4456 1374 4520 divi
1391 4456 1501 4520 Atha·
1567 4466 1651 4517 Fides
1668 4467 1816 4517 numeru
1833 4482 1851 4517 ι

162 4571 253 4635 nesii
279 4568 382 4633 fidem
406 4571 684 4635 tamindiscreta
713 4572 937 4635 similitudine
968 4574 1114 4634 invicem
1142 4592 1316 4663 connexas
1345 4593 1385 4636 ac
1415 4593 1502 4655 pene
1527 4538 1851 4659 ffiffm‘dffi'm'

161 4685 332 4750 confusas
355 4697 391 4749 ut
413 4685 554 4750 difficile
576 4689 622 4750 sit
645 4689 805 4766 iudicatu,
830 4707 910 4751 num
934 4707 1029 4750 suam
1054 4687 1105 4750 illi
1137 4690 1181 4751 ab
1204 4688 1397 4752 Athanasio
1419 4709 1499 4752 num

161 4800 384 4865 Athanasius
405 4820 501 4863 suam
526 4803 570 4863 ab
593 4801 678 4884 ipsis
700 4803 745 4866 sit
768 4801 969 4866 faeneratus.
998 4801 1068 4866 Sed
1098 4823 1181 4866 vero
1209 4804 1349 4885 propius
1380 4815 1431 4869 est
1466 4818 1501 4868 ut

161 4918 324 4981 dicamus
348 4913 541 4981 Athanasio
564 4937 659 4980 suam
683 4939 703 4980 a
727 4917 896 4982 Romanis
919 4916 1057 4981 faenore
1080 4928 1274 5001 acceptam
1299 4940 1377 4982 nam
1408 4921 1502 5001 prior

254 5166 296 5231 (ι)
315 5163 439 5231 Apolog„
458 5177 481 5215 2.
501 5192 535 5203 ·-
554 5162 593 5232 (2)
612 5166 670 5218 zio.
689 5167 721 5215 de
738 5168 904 5229 consessione
922 5168 1075 5218 Athanasii.
