4066 6174
233 2072 388 2134 auantiae
407 2081 434 2122 et
448 2072 518 2123 soll-

198 2141 294 2193 citudo
304 2143 481 2194 Patriarchae
491 2153 518 2194 et

198 2224 318 2277 patrum.

233 3457 408 3509 Patriarchae
422 3461 519 3510 dorne·

197 3529 331 3581 eticorum
363 3532 393 3581 in
424 3532 518 3582 insula

197 3600 364 3665 periculum.

230 4848 373 4899 Abbatis
390 4851 514 4899 Teclae

195 4922 356 4982 Haymanot
379 4921 512 4984 proditio.

548 648 611 708 354
883 641 1157 692 EXPEDITIONIS
1182 640 1444 691 AETHIOPICAE
1468 640 1548 691 ETC.

545 799 675 871 spectu,
697 790 757 852 ubi
779 790 904 851 scirent
928 788 1102 871 Reginam
1126 799 1161 851 et
1184 787 1420 850 Patriarcham
1443 788 1546 850 simul
1570 789 1605 849 in
1628 808 1670 850 ea
1704 787 1887 858 demorari,

545 907 701 967 certatim
725 923 936 987 accursuros,
956 914 994 967 ut
1016 914 1122 967 totam
1147 904 1269 967 domus
1292 903 1407 986 regiae
1431 922 1527 986 spem
1551 912 1585 965 et
1612 901 1691 965 fidei
1725 904 1886 965 munitio·

545 1040 633 1092 nem,
657 1021 776 1082 eadem
802 1020 995 1083 incursione
1017 1028 1226 1115 expugnent,
1251 1038 1415 1102 suamque
1437 1020 1667 1101 praesentiam
1695 1037 1764 1081 non
1793 1019 1887 1081 illius

545 1147 578 1199 ct
601 1155 739 1198 suorum
763 1146 925 1217 nepotum
950 1133 1152 1208 defensioni,
1176 1136 1237 1198 sed
1261 1135 1499 1197 accendendas
1521 1135 1672 1197 hostium
1704 1136 1886 1216 cupiditati

544 1249 772 1334 profuturam;
797 1261 830 1314 et
853 1250 1109 1333 Imperatorem,
1134 1253 1163 1313 si
1187 1252 1268 1332 quid
1293 1251 1429 1313 adversi
1453 1251 1643 1324 accidisset,
1668 1251 1757 1313 iuste
1788 1252 1886 1331 queri

544 1387 655 1449 posse,
678 1368 770 1449 quod
794 1368 990 1430 Patriarcha
1013 1387 1108 1438 onus,
1132 1368 1185 1430 cui
1207 1364 1350 1429 ferendo
1365 1386 1434 1430 non
1450 1376 1533 1437 erat,
1550 1367 1775 1448 suscepisset:
1797 1364 1886 1429 Gor·

544 1503 680 1567 gorram
705 1485 809 1566 igitur
830 1492 923 1546 terra
954 1483 1151 1546 Patriarcha
1181 1483 1367 1555 contendit,
1399 1483 1587 1545 domestica
1617 1482 1826 1564 supellectili
1850 1484 1885 1543 in

545 1599 690 1662 insulam
714 1596 927 1671 Machareci,
952 1618 1014 1661 suo
1036 1596 1216 1661 latifundio
1233 1598 1456 1670 adiacentem,
1474 1599 1625 1671 dimissa,
1641 1608 1677 1660 ut
1694 1598 1775 1660 inde
1791 1617 1887 1659 com·

544 1716 663 1797 pactili
686 1736 732 1776 ex
755 1734 886 1797 papyro
910 1716 1035 1797 cymba
1066 1713 1276 1798 Gorgorram
1307 1711 1558 1778 transferretur.
1589 1714 1671 1777 Post
1695 1714 1804 1795 ipsius
1833 1714 1886 1775 di·

544 1849 694 1894 scessum
730 1830 868 1913 Regina
906 1850 1040 1912 quoque
1077 1832 1113 1892 in
1151 1829 1349 1893 Dambaeae
1388 1830 1550 1893 interiora
1584 1849 1679 1892 suam
1714 1826 1885 1891 familiam

545 1945 708 2010 traduxit.

635 2083 665 2140 3.
689 2062 865 2126 Maximae
896 2061 991 2124 fuere
1022 2062 1093 2126 illis
1124 2064 1244 2126 diebus
1276 2059 1521 2146 Gregorrensis
1547 2062 1668 2124 domus
1691 2062 1884 2142 angustiae,

545 2199 612 2242 non
635 2180 746 2243 solum
769 2179 815 2241 ob
837 2188 952 2261 patres
976 2178 1150 2247 Dancazii,
1163 2176 1330 2252 Ganetae,
1354 2178 1598 2250 Patriarcham,
1620 2176 1833 2259 Episcopum
1850 2188 1885 2239 et

545 2296 693 2376 ipsorum
719 2294 918 2357 satellitium
943 2294 1069 2357 ibidem
1094 2295 1332 2376 constipatum,
1356 2296 1416 2355 sed
1447 2294 1493 2355 ob
1524 2292 1637 2374 plures
1668 2292 1767 2364 alios,
1798 2311 1885 2373 quos

544 2428 640 2472 amor
655 2419 689 2472 et
706 2411 808 2472 timor
823 2410 905 2473 illuc
928 2410 1081 2472 adduxit
1104 2409 1144 2472 Id
1161 2419 1274 2473 tamen
1291 2408 1439 2471 animum
1457 2428 1525 2471 non
1541 2409 1629 2471 adeo
1645 2408 1883 2490 distringebat,

545 2538 708 2607 quantum
733 2545 858 2608 anceps
882 2526 966 2588 belli
990 2522 1134 2597 fortuna,
1159 2536 1192 2588 et
1215 2524 1412 2587 sollicitudo
1437 2524 1518 2606 quid
1542 2532 1632 2586 esset
1659 2525 1702 2585 de
1733 2522 1883 2604 Impera·

544 2651 618 2705 tore
642 2651 677 2704 et
701 2643 807 2723 ipsius
831 2643 984 2705 exercitu
1020 2642 1203 2722 agendum.
1226 2639 1284 2703 Ex
1308 2641 1408 2702 unico
1431 2641 1522 2703 enim
1547 2640 1711 2702 victoriae
1733 2638 1800 2702 huc
1825 2640 1882 2702 vel

544 2757 626 2819 illuc
651 2757 847 2819 inclinantis
871 2766 1054 2829 momento,
1079 2766 1112 2819 et
1137 2756 1315 2838 imperium
1339 2766 1374 2818 et
1389 2752 1475 2819 fides
1494 2757 1643 2837 pendere
1659 2757 1881 2827 videbantur;

543 2873 803 2954 praedatoribus
826 2892 894 2934 non
917 2882 1047 2935 tantum
1073 2871 1249 2934 Dambaea
1280 2881 1314 2935 et
1344 2872 1611 2955 Bagamedirum
1635 2868 1794 2942 confinia,
1821 2872 1882 2933 sed

543 2987 725 3071 Tigraeum
748 2996 781 3050 et
805 2999 940 3050 coetera
963 3006 1070 3070 regna
1092 2997 1128 3051 et
1151 2987 1348 3069 provinciae
1371 2987 1457 3050 adeo
1481 2988 1605 3069 plenae
1635 2995 1669 3049 et
1701 2983 1881 3049 infestatae

543 3113 648 3175 erant,
672 3113 708 3166 ut
733 3122 840 3185 neque
863 3104 965 3165 domo
988 3123 1050 3166 sua
1080 3105 1237 3184 cuiquam
1260 3105 1365 3175 exire,
1390 3122 1499 3185 neque
1523 3103 1677 3164 nuntium
1705 3103 1774 3164 alio
1806 3102 1880 3163 mit-

544 3228 616 3281 tere
640 3220 767 3281 liceret.
792 3217 931 3299 Ubique
964 3220 1055 3281 enim
1078 3219 1239 3282 rusticani
1268 3219 1390 3281 obvios
1417 3238 1484 3281 non
1515 3226 1647 3280 tantum
1679 3217 1880 3299 expilabant

545 3343 602 3396 aut
625 3334 861 3407 vulnerabant,
886 3337 946 3398 sed
970 3336 1082 3407 etiam,
1106 3344 1143 3398 ut
1167 3334 1338 3416 impunius
1360 3334 1558 3416 spoliarent,
1583 3333 1808 3396 trucidabant.

634 3472 664 3528 4.
677 3450 717 3512 In
733 3451 843 3513 insula
856 3448 1058 3513 Mecbareczi
1073 3447 1213 3513 fratrem
1225 3449 1486 3512 Emmanuelem
1502 3449 1723 3512 Patriarchae
1738 3449 1878 3519 socium,

545 3576 579 3629 et
602 3564 709 3629 *alios
732 3568 838 3647 ipsius
861 3566 1058 3647 capellanos
1081 3586 1198 3630 sacrae
1221 3575 1255 3629 et
1278 3563 1441 3648 profanae
1465 3564 1690 3647 supellectilis
1708 3575 1878 3627 curatores
1904 3568 1982 3619 [1⁶⁸2

544 3701 624 3745 suus
648 3682 746 3744 labor
768 3691 802 3745 et
825 3683 1008 3745 discrimen
1032 3703 1099 3745 non
1124 3680 1252 3745 defecit
1274 3684 1318 3744 ab
1342 3683 1467 3745 abbate
1490 3681 1595 3744 Tecla
1618 3680 1820 3762 Haymanot
1840 3679 1875 3741 il·

545 3800 609 3861 lius
636 3799 791 3861 caenobii
823 3798 987 3879 magistro
1018 3799 1229 3861 intentatum.
1263 3796 1333 3860 Hic
1364 3800 1453 3861 inter
1484 3806 1599 3879 patres
1629 3798 1665 3859 in
1695 3797 1875 3860 seminario

543 3911 771 3996 Gorgorrensi
794 3914 887 3996 prius
911 3915 1037 3976 divinis
1057 3913 1181 3976 litteris
1197 3910 1308 3976 fuerat
1323 3914 1477 3976 eruditus
1492 3921 1526 3975 et
1541 3922 1661 3994 postea
1676 3914 1874 3976 discentium

541 4040 743 4112 praeceptor
777 4029 990 4101 constitutus,
1019 4049 1095 4092 cum
1119 4038 1220 4092 antea
1248 4030 1357 4092 litium
1390 4029 1614 4092 texendarum
1639 4026 1769 4092 artifex
1791 4030 1875 4111 peri·

542 4147 693 4209 tissimus
716 4143 845 4208 fuisset.
870 4143 935 4225 Qui
960 4147 1009 4208 sic
1033 4148 1077 4209 ad
1093 4156 1228 4227 patrum
1246 4165 1356 4208 mores
1372 4155 1406 4208 et
1422 4145 1626 4208 modestiam
1642 4164 1680 4207 se
1696 4142 1876 4207 affinxerat

542 4272 577 4324 ut
602 4262 710 4324 abiis
734 4280 852 4342 parum
877 4263 932 4323 vel
956 4263 1042 4324 nihil
1066 4263 1313 4325 discerneretur
1338 4269 1372 4323 et
1395 4261 1546 4323 Romam
1569 4280 1606 4323 se
1634 4260 1683 4322 ire
1699 4260 1791 4322 velle
1806 4279 1874 4322 sae-

541 4379 617 4459 pius
640 4387 831 4449 testaretur,
855 4387 890 4440 et
913 4380 958 4439 ob
983 4379 1018 4440 id
1042 4386 1076 4440 et
1100 4379 1257 4460 egregias
1280 4377 1367 4440 alias
1390 4378 1488 4440 dotes
1511 4375 1697 4446 simulatas
1727 4370 1874 4456 impera·

542 4478 610 4556 tori
630 4503 665 4556 et
689 4492 765 4554 Ras
788 4490 870 4555 Seli
892 4492 1047 4555 Christos
1070 4513 1203 4556 summo
1227 4494 1260 4554 in
1284 4494 1413 4554 honore
1437 4502 1527 4555 esset
1550 4501 1583 4553 et
1608 4491 1746 4553 illorum
1766 4500 1874 4573 patro-

542 4609 632 4671 cinio
655 4630 675 4671 a
699 4608 905 4680 Patriarcha,
930 4610 989 4690 qui
1013 4608 1098 4671 nihil
1122 4610 1174 4670 illi
1198 4629 1265 4671 non
1289 4609 1460 4680 credebat,
1483 4608 1562 4670 huic
1586 4608 1754 4669 coenobio
1781 4623 1873 4688 prae-

541 4722 706 4787 liceretur.

631 4858 659 4917 5.
683 4840 748 4901 Ille
771 4841 828 4923 qui
854 4841 1004 4922 lupinam
1028 4841 1181 4903 haeresis
1204 4839 1390 4902 versutiam
1415 4840 1479 4901 sub
1503 4840 1606 4900 ovina
1622 4838 1715 4920 pelle
1731 4839 1871 4906 celabat,

540 4957 807 5036 tempestivitate
830 4977 919 5028 usus,
944 4958 987 5018 ad
1011 4969 1193 5036 tyrannum
1217 4968 1251 5017 et
1275 4955 1456 5035 quemdam
1473 4955 1581 5036 ipsius
1597 4955 1731 5027 ducem,
1748 4955 1868 5016 dictum

540 5069 671 5133 Emana
690 5070 854 5141 Christds,
877 5074 936 5153 qui
960 5074 994 5134 in
1019 5092 1059 5133 ea
1083 5072 1194 5134 insula
1218 5070 1328 5133 fuerat
1356 5071 1519 5133 educatus
1535 5079 1568 5132 et
1592 5070 1705 5132 eidem
1726 5066 1869 5131 amicitia

540 5208 724 5261 connexus
748 5188 885 5268 scripsit
909 5190 1040 5271 opimas
1065 5190 1097 5250 in
1123 5209 1165 5249 ea
1184 5187 1403 5251 Patriarchae
1419 5205 1522 5271 gazas
1537 5184 1717 5257 asservari,
1734 5186 1777 5247 ad
1793 5203 1868 5265 qua·
