4066 6184
607 566 723 623 itanu
746 565 786 629 11,
818 563 944 621 CAPUT
968 562 1049 620 xlv.
1434 550 1492 618 261

248 724 280 784 8.
298 719 351 784 At
367 722 425 804 qui
442 730 492 784 tot
507 730 542 784 et
558 730 650 784 tanta
667 720 809 784 dissidia
823 720 944 782 vivens
959 727 1122 791 seruerat‚
1140 718 1288 780 moriens
1304 736 1372 780 non
1389 715 1498 779 mino·
1561 726 1626 774 Non
1646 722 1771 773 minores
1789 720 1847 772 dis-

159 857 233 901 rum
254 838 429 920 plantaria
452 837 606 920 reliquit:
631 837 735 900 habet
758 838 850 899 enim
865 854 1000 917 semper
1014 835 1172 897 traduces
1188 832 1341 916 perfidia.
1357 832 1498 895 Aemuli
1526 793 1848 930 ξξὲῗζζοέωῗξέᾅζζ

158 972 311 1034 namque
335 953 583 1035 Imperatorem
607 954 656 1016 sic
680 953 713 1014 in
739 951 877 1015 fratrem
902 952 1159 1021 exacerbarunt,
1184 960 1220 1011 ut
1247 968 1354 1031 prope
1384 957 1498 1011 extre·
1526 947 1660 988 seruent.

159 1089 250 1132 marn
267 1071 457 1151 perniciem
479 1071 651 1132 contentio
668 1069 713 1130 sit
729 1069 894 1149 perducta
913 1077 947 1129 et
963 1066 1039 1129 Ras
1055 1067 1098 1128 de
1115 1075 1251 1147 receptu
1269 1066 1303 1127 in
1320 1064 1498 1135 Naraeam,

157 1184 356 1268 Imperator
378 1206 460 1250 vero
484 1187 528 1248 de
551 1185 651 1248 titulo
674 1184 797 1267 capitis
819 1184 870 1246 illi
895 1181 1082 1246 auferendo
1105 1182 1318 1265 cogitaverit,
1335 1201 1403 1263 quo
1419 1180 1501 1244 licet

48 1351 53 1363 .
82 1325 120 1363 ε.
158 1303 273 1384 ipsum
301 1323 368 1365 non
393 1303 601 1384 spoliaverit,
626 1303 778 1365 detracto
799 1310 914 1363 tamen
942 1297 1106 1362 Goiamae
1135 1296 1345 1379 prin*cipatu
1368 1307 1403 1360 et
1425 1298 1501 1379 plu-

158 1419 256 1482 ribus
279 1427 460 1491 terrarum,
484 1437 626 1501 quarum
650 1437 785 1480 annona
807 1417 947 1478 vivebat
970 1425 1003 1478 et
1023 1414 1327 1496 praestantioribus
1344 1413 1499 1483 militum,

158 1554 246 1616 quos
272 1536 491 1608 educaverat,
515 1534 721 1605 cohortibus,
739 1532 845 1595 veluti
861 1542 1016 1595 truncum
1033 1531 1182 1604 dimisit;
1206 1530 1278 1601 sed,
1299 1527 1453 1610 patribus
1468 1539 1502 1590 et

158 1669 312 1733 prorege
336 1648 430 1714 Cabd
453 1648 608 1714 Christos
630 1651 807 1712 nobiscum
831 1647 1028 1728 frequenter
1051 1657 1084 1709 et
1102 1646 1244 1709 solerter
1260 1645 1502 1715 adnitentibus,

158 1768 331 1849 paulatim
364 1769 513 1830 obducta
547 1777 599 1830 est
622 1765 785 1838 cicatrix;
809 1784 896 1845 quae
919 1773 1032 1827 tamen
1064 1764 1133 1825 levi
1162 1762 1316 1843 qualibet
1346 1761 1502 1822 crimina·

158 1886 255 1947 tione
280 1884 543 1947 recrudescebat
565 1892 599 1945 et
623 1883 657 1944 in
680 1881 803 1943 vulnus
826 1880 971 1942 redibat.
1008 1877 1057 1940 Ut
1080 1877 1171 1940 enim
1199 1878 1410 1958 suspiciones
1440 1877 1503 1937 ali·

159 2020 247 2081 quas
272 1999 369 2062 nulla
393 2000 492 2061 diluit
515 1998 720 2068 innocentia,
751 1997 800 2059 sic
831 1996 1028 2077 suspicaces
1059 1994 1164 2056 animi
1187 2001 1341 2074 paratum
1369 2010 1504 2073 semper

159 2117 294 2179 habent
319 2112 484 2185 fomitem,
509 2123 556 2186 ut,
580 2114 734 2196 qualibet
757 2111 909 2175 scintilla
932 2118 1109 2191 concepta,
1133 2111 1254 2191 ingens
1274 2108 1437 2170 suscitent
1453 2106 1503 2168 in-

159 2233 337 2295 cendium.
