4066 6184
582 594 698 644 uranx
720 593 761 653 11,
784 591 909 641 cneus
932 590 1044 639 xv111.
1415 575 1476 651 287

37 779 46 795 ·
159 807 167 817 .
236 765 266 828 5.
291 746 435 811 Laetam
457 732 624 828 'hyemem
651 741 855 825 praeteritae
879 739 1043 818 victoriae
1067 724 1103 801 et
1124 737 1263 819 tyranni
1287 755 1362 798 cum
1379 735 1479 798 rusti·
1544 738 1655 803 obtine
1688 737 1830 790 comunt

146 866 242 929 canis
264 867 300 928 in
323 863 440 927 nidum
463 882 563 927 suum
587 858 757 943 compulsi
779 856 1102 921 commemoratione
1123 852 1224 917 duxit
1239 852 1431 935 Imperator
1446 860 1479 914 et
1507 811 1670 875 ¹¹³¹*an

146 981 355 1054 consultans,
379 981 472 1064 quod
494 953 662 1063 optimum
685 984 774 1039 esset
798 993 859 1038 eos
881 972 1077 1036 debellandi
1092 990 1212 1055 genus,
1228 969 1327 1042 sedit,
1344 977 1480 1052 segetes

30 1109 49 1159 r.
64 1107 119 1172 136.
144 1098 208 1164 *ad
232 1100 400 1162 montium
431 1098 564 1161 radices
593 1104 686 1158 satas
715 1093 773 1156 ubi
810 1092 1042 1162 lactescerent,
1077 1089 1223 1151 necdum
1258 1096 1478 1158 maturarent,

144 1216 367 1287 desecandae,
390 1223 427 1277 ut
442 1213 614 1284 rusticani,
631 1210 673 1273 iis
689 1209 909 1290 consumptis,
926 1225 1013 1289 quae
1029 1206 1117 1268 inter
1132 1222 1234 1286 rupes
1250 1204 1478 1285 provenirent,

144 1331 191 1394 ad
214 1331 318 1413 plana
341 1327 432 1393 fame
455 1328 676 1400 traherentur,
699 1335 733 1389 et
756 1325 814 1397 ibi,
835 1343 912 1387 cum
928 1324 998 1386 iam
1020 1321 1139 1405 exigui
1163 1339 1301 1384 numero
1316 1328 1439 1393 essent,
1459 1340 1480 1382 a

143 1467 208 1510 suo
231 1446 384 1530 equitatu
406 1454 617 1528 caperentur.
644 1441 704 1506 Ad
735 1460 807 1505 rem
839 1440 1086 1523 disponendam
1109 1438 1223 1503 media
1252 1438 1377 1520 hyeme
1404 1435 1481 1500 Ras

144 1561 229 1628 Sela
251 1560 405 1627 Christds
428 1562 606 1625 admonuit
627 1568 673 1633 ut,
698 1558 759 1621 illa
782 1565 916 1630 exacta,
939 1576 976 1619 se
999 1557 1034 1619 in
1050 1572 1166 1619 earum
1182 1555 1317 1636 rupium
1333 1551 1481 1616 confinia

144 1677 286 1745 inferret
310 1688 345 1744 et
370 1687 506 1763 segetes
533 1677 739 1740 devastaret.
756 1674 796 1737 In
811 1676 887 1757 ipsa
910 1692 992 1737 vero
1007 1670 1275 1754 tempestivitate
1290 1671 1480 1753 principem

143 1796 318 1859 Dancazio
350 1814 425 1858 cum
460 1794 591 1878 ingenti
625 1792 779 1855 exercitu
802 1787 943 1861 dimisit,
969 1788 1181 1871 praecipiens
1212 1795 1249 1851 ut
1278 1785 1481 1869 quantocius

143 1931 221 1975 cum
238 1909 343 1976 Sarsa
364 1908 529 1983 Christos,
552 1908 646 1971 illius
665 1906 805 1970 ditionis
820 1923 976 1988 protege,
992 1905 1199 1975 conveniret,
1216 1913 1250 1967 et
1266 1903 1379 1974 ambo,
1402 1922 1482 1985 par·

143 2029 216 2092 titis
239 2028 419 2092 territoriis
440 2028 616 2090 insomnes
631 2025 743 2108 magis
765 2041 867 2106 quam
890 2010 1088 2104 pervigiles,
1111 2021 1147 2083 in
1170 2038 1246 2082 eam
1269 2020 1480 2082 excisionem

143 2145 365 2209 excubarent.

234 2264 263 2324 6.
288 2258 478 2324 Consilium
501 2266 678 2342 perspecte
701 2253 766 2319 fuit
792 2255 1037 2339 excogitatum,
1069 2254 1131 2316 sed
1162 2253 1206 2316 ad
1236 2250 1396 2315 effectum
1426 2271 1480 2315 se·
1507 2241 1599 2376 ms&
1615 2240 1828 2364 fflfflss

142 2378 257 2461 gniter
279 2384 489 2460 provectum.
513 2375 590 2437 Ras
613 2374 715 2446 enim,
738 2391 816 2435 cum
840 2391 860 2434 a
884 2371 1055 2434 destinato
1079 2371 1155 2433 loco
1179 2368 1316 2453 longius
1332 2371 1477 2440 abesset,
1506 2384 1590 2436 noni.

141 2494 302 2577 quamvis
325 2493 463 2574 primus
487 2492 595 2555 serius
617 2499 731 2554 tamen
754 2508 855 2573 quam
880 2490 1043 2570 poscebat
1066 2486 1198 2571 negotii
1222 2486 1394 2558 articulus
1423 2505 1478 2548 ac·

143 2609 258 2674 cessit.
285 2608 493 2691 Principem,
523 2616 558 2672 et
587 2624 768 2690 proregem
798 2605 1097 2689 Bagamedrinum,
1128 2622 1272 2686 corpore
1302 2612 1337 2667 et
1366 2604 1479 2685 spatio

142 2726 333 2810 propiores,
356 2745 436 2788 suus
467 2726 599 2787 animus
628 2723 816 2787 desidendo
846 2730 881 2786 et
907 2720 1189 2804 procrastinando
1212 2728 1376 2793 assuetus,
1408 2729 1478 2784 tam

143 2841 264 2925 procul
287 2840 415 2913 Statuit,
438 2850 485 2914 ut,
510 2861 588 2904 cum
611 2838 778 2903 montium
801 2838 1011 2921 crepidinem
1034 2845 1183 2910 tenuere,
1204 2836 1386 2899 collectum
1410 2838 1479 2899 iam

142 2967 234 3022 esset
258 2979 279 3021 a
301 2958 438 3021 rusticis
461 2955 678 3021 frumentum.
713 2953 814 3037 Quod
837 2954 890 3017 illi
912 2953 1066 3017 additum
1092 2953 1184 3036 quod
1215 2961 1348 3015 montes
1378 2952 1479 3015 uber·

142 3073 229 3137 rime
252 3071 410 3146 fundunt,
434 3073 567 3136 abunde
591 3092 760 3136 annonam
776 3075 811 3135 iu
827 3081 935 3134 totum
952 3090 1077 3134 annum
1093 3069 1337 3152 suppeditavit.
1352 3066 1383 3129 E
1399 3088 1478 3132 con-

142 3191 248 3253 trario
271 3190 306 3252 in
330 3187 524 3271 imperiales
547 3209 589 3253 ea
611 3198 740 3253 retorta
763 3199 815 3253 est
837 3190 975 3273 sagitta,
999 3207 1101 3270 quam
1124 3188 1160 3249 in
1181 3186 1298 3250 hostes
1316 3185 1478 3249 collinea-

141 3308 237 3380 bant,
261 3326 338 3371 cum
361 3305 452 3369 enim
475 3307 587 3370 tenuis
609 3308 811 3389 plerumque
834 3307 878 3370 sit
901 3308 936 3369 in
955 3303 1144 3387 Aethiopia
1161 3321 1362 3387 magnorum
1378 3321 1478 3365 exer·

142 3422 272 3487 cituum
295 3433 514 3497 commeatus,
537 3409 633 3487 tanta
655 3424 764 3506 pressi
787 3432 865 3487 sunt
889 3423 1094 3485 cibariorum
1117 3429 1273 3504 egestate
1296 3429 1333 3485 ut
1363 3420 1478 3504 plures

143 3536 235 3602 fame
258 3539 453 3611 ceciderint,
480 3548 514 3603 et
537 3540 665 3603 coeteri
688 3540 792 3623 longe
815 3560 836 3602 a
860 3518 1030 3601 montibus
1052 3538 1262 3609 recesserint,
1283 3546 1317 3600 et
1336 3538 1479 3602 ulterius

142 3640 394 3738 perpendentes
416 3651 506 3738 frugi
540 3675 607 3718 non
638 3675 714 3719 esse
739 3673 836 3718 suam
860 3652 1142 3736 permansionem,
1177 3653 1327 3718 dimissis
1359 3656 1476 3738 copiis,

141 3773 352 3837 Dancazium
376 3775 444 3838 sint
467 3774 607 3836 reversi.

231 3906 263 3968 7.
287 3888 431 3952 Intimus
454 3889 500 3952 ob
519 3891 619 3953 istam
636 3889 887 3972 indiligentiam
904 3888 1003 3951 dolor
1017 3888 1263 3970 Imperatorem
1278 3888 1477 3961 lancinavit,
1541 3883 1575 3934 1¹²
1593 3884 1650 3932 Μ
1668 3880 1734 3932 ⁸0¹⁸
1745 3881 1826 3933 enri-

142 4005 204 4069 sed
227 4024 305 4068 cum
333 4004 433 4068 multi
462 4006 539 4069 Ras
568 4002 651 4069 sela
681 4003 835 4069 Christds
866 4005 994 4067 aemuli
1024 4005 1132 4086 ipsius
1159 4004 1268 4068 latera
1298 4004 1476 4076 vallarent,
1505 3953 1694 4081 mffilffl
1720 3954 1825 4007 semul

142 4122 327 4205 ignemque
349 4123 386 4184 in
408 4142 486 4186 eum
509 4124 582 4186 sine
606 4122 857 4187 intermissione
892 4122 1098 4184 subiicerent
1121 4130 1154 4184 et
1177 4122 1353 4194 nutrirent,
1386 4140 1477 4183 noxa

142 4236 286 4320 depulsa
317 4245 371 4300 est
401 4258 422 4300 a
444 4219 612 4321 Principe,
643 4241 827 4302 iuventutis
857 4239 1081 4302 excusatione
1112 4247 1146 4301 et
1177 4257 1197 4300 a
1225 4236 1477 4319 Bagamedrino

142 4369 297 4437 protege,
314 4354 467 4417 eiusdem
483 4355 718 4428 advocatione,
735 4364 767 4418 et
782 4357 863 4437 quia
878 4356 1067 4419 communis
1082 4364 1155 4417 erat
1171 4354 1345 4435 utriusque
1364 4371 1476 4426 causa,

141 4487 184 4531 ea
205 4477 278 4532 tota
301 4471 337 4532 in
360 4470 592 4534 immerentem
612 4472 748 4535 collata.
765 4471 921 4535 Mitiores
937 4473 1028 4534 enim
1043 4480 1120 4535 sunt
1136 4472 1170 4533 in
1194 4479 1352 4533 strenuos
1374 4469 1478 4533 duces

140 4572 291 4649 hostium
314 4585 424 4669 gladii
446 4606 548 4668 quam
579 4588 767 4651 aulicorum
799 4589 936 4674 linguae
967 4598 1001 4651 et
1031 4587 1216 4670 proclivius
1246 4594 1299 4648 est
1329 4594 1478 4649 armatas

140 4711 372 4785 pugnatorum
396 4722 523 4776 manus,
547 4724 649 4788 quam
673 4706 837 4769 inermem
860 4704 1011 4768 invidiae
1034 4703 1310 4766 maledicentiam
1326 4703 1476 4766 domare.

2 4832 14 4886 ’ζ
74 4872 110 4892 ,.
141 4816 240 4882 Haec
264 4838 348 4882 vero
372 4839 447 4883 cum
472 4820 625 4884 Basilide
648 4821 877 4893 adolescebat,
908 4823 1008 4903 eique
1038 4816 1126 4884 *alte
1156 4817 1302 4882 infixum
1324 4829 1407 4891 erat,
1431 4839 1477 4881 ex

139 4936 253 5019 patrui
277 4937 519 5000 extenuatione
542 4957 639 5001 suam
662 4937 809 5020 pendere
831 4938 1072 5019 granditatem.
1088 4936 1243 4999 Fratrem
1262 4942 1407 5017 gravate
1422 4954 1478 4997 su·

138 5051 248 5135 scepit
264 5051 457 5134 Imperator
471 5062 505 5117 et
523 5054 680 5137 ingentes
696 5062 814 5115 contra
829 5054 939 5135 ipsum
955 5051 1210 5117 criminationes
1225 5052 1375 5125 excudit,
1392 5071 1478 5134 quas

138 5170 238 5234 iussit
262 5189 283 5232 a
305 5170 521 5233 senatoribus
544 5171 717 5233 obiectari.
742 5169 820 5251 Ipse
844 5188 927 5232 vero
947 5170 1025 5234 illas
1040 5169 1239 5252 plenissime
1267 5169 1426 5233 discussit
1443 5177 1477 5231 et
