<?xml version="1.0" encoding="UTF-8"?>
<!DOCTYPE html PUBLIC "-//W3C//DTD XHTML 1.0 Transitional//EN"
    "http://www.w3.org/TR/xhtml1/DTD/xhtml1-transitional.dtd">
<html xmlns="http://www.w3.org/1999/xhtml" xml:lang="en" lang="en">
 <head>
  <title>
</title>
<meta http-equiv="Content-Type" content="text/html;charset=utf-8" />
  <meta name='ocr-system' content='tesseract 3.04.00' />
  <meta name='ocr-capabilities' content='ocr_page ocr_carea ocr_par ocr_line ocrx_word'/>
</head>
<body>
  <div class='ocr_page' id='page_1' title='image "./rerumaethiopica00beccgoog_0182.png"; bbox 0 0 4124 6182; ppageno 0'>
   <div class='ocr_carea' id='block_1_1' title="bbox 667 543 1530 603">
    <p class='ocr_par' dir='ltr' id='par_1_1' title="bbox 667 543 1530 603">
     <span class='ocr_line' id='line_1_1' title="bbox 667 543 1530 603; baseline -0.007 -10"><span class='ocrx_word' id='word_1_1' title='bbox 667 544 784 594; x_wconf 88' lang='lat' dir='ltr'>LIBER</span> <span class='ocrx_word' id='word_1_2' title='bbox 807 544 832 603; x_wconf 89' lang='lat'>1,</span> <span class='ocrx_word' id='word_1_3' title='bbox 856 543 981 592; x_wconf 89' lang='lat' dir='ltr'><strong>CAPUT</strong></span> <span class='ocrx_word' id='word_1_4' title='bbox 1004 543 1074 592; x_wconf 87' lang='lat' dir='ltr'><strong>XII.</strong></span> <span class='ocrx_word' id='word_1_5' title='bbox 1475 546 1530 588; x_wconf 92' lang='lat'>111</span> 
     </span>
    </p>
   </div>
   <div class='ocr_carea' id='block_1_2' title="bbox 199 688 1536 1111">
    <p class='ocr_par' dir='ltr' id='par_1_2' title="bbox 199 688 1536 1111">
     <span class='ocr_line' id='line_1_2' title="bbox 199 688 1536 773; baseline -0.003 -18"><span class='ocrx_word' id='word_1_6' title='bbox 199 692 350 756; x_wconf 83' lang='lat' dir='ltr'>Thomas</span> <span class='ocrx_word' id='word_1_7' title='bbox 374 692 545 756; x_wconf 89' lang='lat' dir='ltr'>Bametus</span> <span class='ocrx_word' id='word_1_8' title='bbox 569 702 603 756; x_wconf 90' lang='lat' dir='ltr'>et</span> <span class='ocrx_word' id='word_1_9' title='bbox 627 690 762 773; x_wconf 88' lang='lat' dir='ltr'>Gaspar</span> <span class='ocrx_word' id='word_1_10' title='bbox 784 690 926 753; x_wconf 89' lang='lat' dir='ltr'>Paesius</span> <span class='ocrx_word' id='word_1_11' title='bbox 949 690 1098 763; x_wconf 90' lang='lat' dir='ltr'>lusitani,</span> <span class='ocrx_word' id='word_1_12' title='bbox 1122 700 1156 753; x_wconf 91' lang='lat' dir='ltr'>et</span> <span class='ocrx_word' id='word_1_13' title='bbox 1184 688 1405 772; x_wconf 83' lang='lat' dir='ltr'><strong>Hyacinthus</strong></span> <span class='ocrx_word' id='word_1_14' title='bbox 1430 688 1536 752; x_wconf 91' lang='lat' dir='ltr'>Fran-</span> 
     </span>
     <span class='ocr_line' id='line_1_3' title="bbox 199 804 1535 888; baseline -0.003 -18"><span class='ocrx_word' id='word_1_15' title='bbox 199 810 281 872; x_wconf 90' lang='lat' dir='ltr'>cisci</span> <span class='ocrx_word' id='word_1_16' title='bbox 305 805 520 871; x_wconf 90' lang='lat' dir='ltr'>florentinus.</span> <span class='ocrx_word' id='word_1_17' title='bbox 551 807 738 871; x_wconf 83' lang='lat' dir='ltr'><strong>Feliciores</strong></span> <span class='ocrx_word' id='word_1_18' title='bbox 760 817 874 869; x_wconf 90' lang='lat' dir='ltr'>tamen</span> <span class='ocrx_word' id='word_1_19' title='bbox 907 815 988 869; x_wconf 92' lang='lat' dir='ltr'>tunc</span> <span class='ocrx_word' id='word_1_20' title='bbox 1015 805 1140 869; x_wconf 89' lang='lat' dir='ltr'>calculi</span> <span class='ocrx_word' id='word_1_21' title='bbox 1171 815 1286 888; x_wconf 92' lang='lat' dir='ltr'>patres</span> <span class='ocrx_word' id='word_1_22' title='bbox 1316 804 1535 869; x_wconf 86' lang='lat' dir='ltr'>Franciscum</span> 
     </span>
     <span class='ocr_line' id='line_1_4' title="bbox 200 921 1536 1007; baseline -0.001 -22"><span class='ocrx_word' id='word_1_23' title='bbox 200 923 422 987; x_wconf 85' lang='lat' dir='ltr'>Machiadum</span> <span class='ocrx_word' id='word_1_24' title='bbox 446 923 747 1007; x_wconf 87' lang='lat' dir='ltr'>villaregalensem</span> <span class='ocrx_word' id='word_1_25' title='bbox 769 932 804 985; x_wconf 92' lang='lat' dir='ltr'>et</span> <span class='ocrx_word' id='word_1_26' title='bbox 827 922 1041 985; x_wconf 90' lang='lat' dir='ltr'>Bernardum</span> <span class='ocrx_word' id='word_1_27' title='bbox 1068 921 1243 984; x_wconf 89' lang='lat' dir='ltr'>Pereiram</span> <span class='ocrx_word' id='word_1_28' title='bbox 1273 922 1446 984; x_wconf 89' lang='lat' dir='ltr'>visensem</span> <span class='ocrx_word' id='word_1_29' title='bbox 1477 941 1536 983; x_wconf 89' lang='lat' dir='ltr'>no·</span> 
     </span>
     <span class='ocr_line' id='line_1_5' title="bbox 199 1035 1536 1111; baseline -0.003 -9"><span class='ocrx_word' id='word_1_30' title='bbox 199 1049 324 1111; x_wconf 88' lang='lat' dir='ltr'>tarunt,</span> <span class='ocrx_word' id='word_1_31' title='bbox 349 1058 429 1103; x_wconf 92' lang='lat' dir='ltr'>cum</span> <span class='ocrx_word' id='word_1_32' title='bbox 451 1041 574 1102; x_wconf 90' lang='lat' dir='ltr'>eodem</span> <span class='ocrx_word' id='word_1_33' title='bbox 598 1059 688 1102; x_wconf 89' lang='lat' dir='ltr'>anno</span> <span class='ocrx_word' id='word_1_34' title='bbox 712 1039 841 1102; x_wconf 89' lang='lat' dir='ltr'>Zeilam</span> <span class='ocrx_word' id='word_1_35' title='bbox 865 1039 996 1101; x_wconf 80' lang='lat' dir='ltr'>dimissi</span> <span class='ocrx_word' id='word_1_36' title='bbox 1020 1039 1064 1101; x_wconf 88' lang='lat' dir='ltr'>ad</span> <span class='ocrx_word' id='word_1_37' title='bbox 1088 1057 1214 1100; x_wconf 88' lang='lat' dir='ltr'>novum</span> <span class='ocrx_word' id='word_1_38' title='bbox 1230 1037 1311 1100; x_wconf 89' lang='lat' dir='ltr'>illac</span> <span class='ocrx_word' id='word_1_39' title='bbox 1331 1038 1396 1101; x_wconf 91' lang='lat' dir='ltr'>iter</span> <span class='ocrx_word' id='word_1_40' title='bbox 1414 1038 1449 1099; x_wconf 92' lang='lat' dir='ltr'>in</span> <span class='ocrx_word' id='word_1_41' title='bbox 1466 1035 1536 1099; x_wconf 85' lang='lat' dir='ltr'>Ae-</span> 
     </span>
    </p>
   </div>
   <div class='ocr_carea' id='block_1_3' title="bbox 94 1150 1536 1238">
    <p class='ocr_par' dir='ltr' id='par_1_3' title="bbox 94 1150 1536 1238">
     <span class='ocr_line' id='line_1_6' title="bbox 94 1150 1536 1238; baseline -0.002 -22"><span class='ocrx_word' id='word_1_42' title='bbox 94 1204 100 1216; x_wconf 90' lang='lat'><strong>.</strong></span> <span class='ocrx_word' id='word_1_43' title='bbox 199 1156 366 1238; x_wconf 89' lang='lat' dir='ltr'>thiopiam</span> <span class='ocrx_word' id='word_1_44' title='bbox 390 1153 667 1237; x_wconf 87' lang='lat' dir='ltr'>patefaciendum</span> <span class='ocrx_word' id='word_1_45' title='bbox 690 1175 712 1217; x_wconf 90' lang='lat' dir='ltr'>a</span> <span class='ocrx_word' id='word_1_46' title='bbox 733 1155 854 1238; x_wconf 89' lang='lat' dir='ltr'>regulo</span> <span class='ocrx_word' id='word_1_47' title='bbox 877 1154 947 1216; x_wconf 91' lang='lat' dir='ltr'>odii</span> <span class='ocrx_word' id='word_1_48' title='bbox 971 1150 1123 1216; x_wconf 66' lang='lat' dir='ltr'>saci&#39;bus</span> <span class='ocrx_word' id='word_1_49' title='bbox 1146 1155 1181 1216; x_wconf 91' lang='lat' dir='ltr'>in</span> <span class='ocrx_word' id='word_1_50' title='bbox 1205 1153 1426 1216; x_wconf 87' lang='lat' dir='ltr'>christianam</span> <span class='ocrx_word' id='word_1_51' title='bbox 1457 1152 1536 1216; x_wconf 89' lang='lat' dir='ltr'>reli-</span> 
     </span>
    </p>
   </div>
   <div class='ocr_carea' id='block_1_4' title="bbox 198 1267 1889 3092">
    <p class='ocr_par' dir='ltr' id='par_1_4' title="bbox 199 1267 1536 1567">
     <span class='ocr_line' id='line_1_7' title="bbox 200 1267 1536 1355; baseline -0.001 -22"><span class='ocrx_word' id='word_1_52' title='bbox 200 1274 340 1355; x_wconf 89' lang='lat' dir='ltr'>gionem</span> <span class='ocrx_word' id='word_1_53' title='bbox 363 1269 585 1343; x_wconf 88' lang='lat' dir='ltr'>inflammat0,</span> <span class='ocrx_word' id='word_1_54' title='bbox 610 1271 738 1334; x_wconf 91' lang='lat' dir='ltr'>collata</span> <span class='ocrx_word' id='word_1_55' title='bbox 761 1268 882 1334; x_wconf 87' lang='lat' dir='ltr'>nefarii</span> <span class='ocrx_word' id='word_1_56' title='bbox 906 1271 1010 1332; x_wconf 90' lang='lat' dir='ltr'>animi</span> <span class='ocrx_word' id='word_1_57' title='bbox 1034 1270 1261 1333; x_wconf 84' lang='lat' dir='ltr'>destinatione</span> <span class='ocrx_word' id='word_1_58' title='bbox 1277 1289 1355 1332; x_wconf 92' lang='lat' dir='ltr'>cum</span> <span class='ocrx_word' id='word_1_59' title='bbox 1371 1267 1536 1351; x_wconf 87' lang='lat' dir='ltr'>Capraele</span> 
     </span>
     <span class='ocr_line' id='line_1_8' title="bbox 199 1383 1535 1469; baseline -0.001 -21"><span class='ocrx_word' id='word_1_60' title='bbox 199 1388 448 1450; x_wconf 88' lang='lat' dir='ltr'>haereticorum</span> <span class='ocrx_word' id='word_1_61' title='bbox 462 1386 734 1469; x_wconf 86' lang='lat' dir='ltr'>aethiopicorum</span> <span class='ocrx_word' id='word_1_62' title='bbox 747 1396 900 1468; x_wconf 85' lang='lat' dir='ltr'>patrone,</span> <span class='ocrx_word' id='word_1_63' title='bbox 914 1387 959 1448; x_wconf 89' lang='lat' dir='ltr'>ad</span> <span class='ocrx_word' id='word_1_64' title='bbox 974 1385 1099 1464; x_wconf 78' lang='lat' dir='ltr'>Aucan</span> <span class='ocrx_word' id='word_1_65' title='bbox 1114 1385 1172 1448; x_wconf 87' lang='lat' dir='ltr'>vel</span> <span class='ocrx_word' id='word_1_66' title='bbox 1188 1383 1331 1447; x_wconf 84' lang='lat' dir='ltr'>Abxam</span> <span class='ocrx_word' id='word_1_67' title='bbox 1347 1404 1436 1447; x_wconf 89' lang='lat' dir='ltr'>anno</span> <span class='ocrx_word' id='word_1_68' title='bbox 1452 1387 1535 1463; x_wconf 86' lang='lat'>1624</span> 
     </span>
     <span class='ocr_line' id='line_1_9' title="bbox 199 1504 682 1567; baseline 0.004 -3"><span class='ocrx_word' id='word_1_69' title='bbox 199 1504 384 1565; x_wconf 87' lang='lat' dir='ltr'>inhumane</span> <span class='ocrx_word' id='word_1_70' title='bbox 407 1504 569 1567; x_wconf 90' lang='lat' dir='ltr'>trucidati</span> <span class='ocrx_word' id='word_1_71' title='bbox 592 1511 682 1566; x_wconf 88' lang='lat' dir='ltr'>sunt.</span> 
     </span>
    </p>

    <p class='ocr_par' dir='ltr' id='par_1_5' title="bbox 201 1617 1888 2047">
     <span class='ocr_line' id='line_1_10' title="bbox 293 1617 1887 1699; baseline -0.008 -18"><span class='ocrx_word' id='word_1_72' title='bbox 293 1639 342 1697; x_wconf 82' lang='lat'>13.</span> <span class='ocrx_word' id='word_1_73' title='bbox 367 1618 447 1680; x_wconf 94' lang='lat' dir='ltr'>Duo</span> <span class='ocrx_word' id='word_1_74' title='bbox 470 1637 607 1699; x_wconf 91' lang='lat' dir='ltr'>quoque</span> <span class='ocrx_word' id='word_1_75' title='bbox 630 1638 676 1681; x_wconf 93' lang='lat' dir='ltr'>ex</span> <span class='ocrx_word' id='word_1_76' title='bbox 699 1618 878 1699; x_wconf 89' lang='lat' dir='ltr'>quadratis</span> <span class='ocrx_word' id='word_1_77' title='bbox 901 1617 1084 1699; x_wconf 90' lang='lat' dir='ltr'>lapidibus,</span> <span class='ocrx_word' id='word_1_78' title='bbox 1108 1618 1183 1679; x_wconf 93' lang='lat' dir='ltr'>luto</span> <span class='ocrx_word' id='word_1_79' title='bbox 1214 1617 1335 1690; x_wconf 91' lang='lat' dir='ltr'>adhuc,</span> <span class='ocrx_word' id='word_1_80' title='bbox 1359 1618 1404 1679; x_wconf 96' lang='lat' dir='ltr'>ob</span> <span class='ocrx_word' id='word_1_81' title='bbox 1431 1617 1536 1679; x_wconf 89' lang='lat' dir='ltr'>calcis</span> <span class='ocrx_word' id='word_1_82' title='bbox 1600 1624 1663 1672; x_wconf 83' lang='lat' dir='ltr'>Duo</span> <span class='ocrx_word' id='word_1_83' title='bbox 1682 1620 1786 1686; x_wconf 74' lang='lat' dir='ltr'>templa</span> <span class='ocrx_word' id='word_1_84' title='bbox 1803 1635 1887 1673; x_wconf 82' lang='lat' dir='ltr'>euro-</span> 
     </span>
     <span class='ocr_line' id='line_1_11' title="bbox 201 1702 1888 1818; baseline -0.001 -22"><span class='ocrx_word' id='word_1_85' title='bbox 201 1736 401 1818; x_wconf 90' lang='lat' dir='ltr'>coquendae</span> <span class='ocrx_word' id='word_1_86' title='bbox 425 1736 686 1816; x_wconf 86' lang='lat' dir='ltr'>ignorationem,</span> <span class='ocrx_word' id='word_1_87' title='bbox 710 1734 894 1816; x_wconf 89' lang='lat' dir='ltr'>colligatis,</span> <span class='ocrx_word' id='word_1_88' title='bbox 918 1743 1035 1796; x_wconf 89' lang='lat' dir='ltr'>nostro</span> <span class='ocrx_word' id='word_1_89' title='bbox 1058 1734 1126 1796; x_wconf 92' lang='lat' dir='ltr'>ritu</span> <span class='ocrx_word' id='word_1_90' title='bbox 1153 1744 1232 1796; x_wconf 92' lang='lat' dir='ltr'>sunt</span> <span class='ocrx_word' id='word_1_91' title='bbox 1255 1743 1423 1805; x_wconf 89' lang='lat' dir='ltr'>extructa,</span> <span class='ocrx_word' id='word_1_92' title='bbox 1451 1732 1536 1795; x_wconf 91' lang='lat' dir='ltr'>alte·</span> <span class='ocrx_word' id='word_1_93' title='bbox 1562 1707 1730 1816; x_wconf 37' lang='lat' dir='ltr'>{23⁰oe</span> <span class='ocrx_word' id='word_1_94' title='bbox 1757 1702 1888 1744; x_wconf 42' lang='grc' dir='ltr'>ΝΜ</span> 
     </span>
     <span class='ocr_line' id='line_1_12' title="bbox 201 1847 1536 1934; baseline -0.002 -21"><span class='ocrx_word' id='word_1_95' title='bbox 201 1870 276 1913; x_wconf 89' lang='lat' dir='ltr'>rum</span> <span class='ocrx_word' id='word_1_96' title='bbox 301 1849 497 1934; x_wconf 87' lang='lat' dir='ltr'>Gorgorrae</span> <span class='ocrx_word' id='word_1_97' title='bbox 520 1849 665 1913; x_wconf 90' lang='lat' dir='ltr'>occultis</span> <span class='ocrx_word' id='word_1_98' title='bbox 688 1848 765 1912; x_wconf 88' lang='lat' dir='ltr'>Ras</span> <span class='ocrx_word' id='word_1_99' title='bbox 781 1847 883 1912; x_wconf 90' lang='lat' dir='ltr'>Selae</span> <span class='ocrx_word' id='word_1_100' title='bbox 900 1847 1055 1912; x_wconf 79' lang='lat' dir='ltr'>Christds</span> <span class='ocrx_word' id='word_1_101' title='bbox 1070 1850 1243 1930; x_wconf 86' lang='lat' dir='ltr'>expensis,</span> <span class='ocrx_word' id='word_1_102' title='bbox 1257 1868 1346 1912; x_wconf 91' lang='lat' dir='ltr'>anno</span> <span class='ocrx_word' id='word_1_103' title='bbox 1362 1852 1439 1912; x_wconf 86' lang='lat'>1621</span> <span class='ocrx_word' id='word_1_104' title='bbox 1455 1868 1463 1921; x_wconf 89' lang='lat'>;</span> <span class='ocrx_word' id='word_1_105' title='bbox 1487 1848 1536 1910; x_wconf 89' lang='lat' dir='ltr'>al-</span> 
     </span>
     <span class='ocr_line' id='line_1_13' title="bbox 201 1964 1535 2047; baseline -0.001 -18"><span class='ocrx_word' id='word_1_106' title='bbox 201 1976 312 2030; x_wconf 90' lang='lat' dir='ltr'>terum</span> <span class='ocrx_word' id='word_1_107' title='bbox 336 1965 493 2030; x_wconf 86' lang='lat' dir='ltr'>Ganetae</span> <span class='ocrx_word' id='word_1_108' title='bbox 516 1965 596 2029; x_wconf 89' lang='lat' dir='ltr'>Iesu</span> <span class='ocrx_word' id='word_1_109' title='bbox 618 1974 698 2047; x_wconf 90' lang='lat' dir='ltr'>post</span> <span class='ocrx_word' id='word_1_110' title='bbox 728 1966 902 2028; x_wconf 93' lang='lat' dir='ltr'>biennium</span> <span class='ocrx_word' id='word_1_111' title='bbox 934 1984 953 2027; x_wconf 91' lang='lat' dir='ltr'>e</span> <span class='ocrx_word' id='word_1_112' title='bbox 983 1966 1122 2047; x_wconf 92' lang='lat' dir='ltr'>publico</span> <span class='ocrx_word' id='word_1_113' title='bbox 1145 1964 1368 2047; x_wconf 90' lang='lat' dir='ltr'>Imperatoris</span> <span class='ocrx_word' id='word_1_114' title='bbox 1394 1966 1535 2029; x_wconf 89' lang='lat' dir='ltr'>aerario.</span> 
     </span>
    </p>

    <p class='ocr_par' dir='ltr' id='par_1_6' title="bbox 198 2081 1889 3092">
     <span class='ocr_line' id='line_1_14' title="bbox 200 2081 1537 2163; baseline -0.001 -18"><span class='ocrx_word' id='word_1_115' title='bbox 200 2082 307 2145; x_wconf 89' lang='lat' dir='ltr'>Anno</span> <span class='ocrx_word' id='word_1_116' title='bbox 331 2083 468 2145; x_wconf 91' lang='lat' dir='ltr'>demum</span> <span class='ocrx_word' id='word_1_117' title='bbox 497 2085 580 2160; x_wconf 77' lang='lat'>1624</span> <span class='ocrx_word' id='word_1_118' title='bbox 604 2082 731 2144; x_wconf 91' lang='lat' dir='ltr'>nobilis</span> <span class='ocrx_word' id='word_1_119' title='bbox 754 2081 860 2144; x_wconf 92' lang='lat' dir='ltr'>Indus</span> <span class='ocrx_word' id='word_1_120' title='bbox 883 2082 1048 2144; x_wconf 86' lang='lat' dir='ltr'>candidos</span> <span class='ocrx_word' id='word_1_121' title='bbox 1077 2092 1111 2144; x_wconf 92' lang='lat' dir='ltr'>et</span> <span class='ocrx_word' id='word_1_122' title='bbox 1142 2083 1251 2144; x_wconf 90' lang='lat' dir='ltr'>instar</span> <span class='ocrx_word' id='word_1_123' title='bbox 1280 2082 1427 2163; x_wconf 92' lang='lat' dir='ltr'>pumicis</span> <span class='ocrx_word' id='word_1_124' title='bbox 1457 2101 1537 2144; x_wconf 90' lang='lat' dir='ltr'>ocu-</span> 
     </span>
     <span class='ocr_line' id='line_1_15' title="bbox 201 2195 1537 2279; baseline 0.001 -20"><span class='ocrx_word' id='word_1_125' title='bbox 201 2199 291 2261; x_wconf 88' lang='lat' dir='ltr'>latos</span> <span class='ocrx_word' id='word_1_126' title='bbox 314 2198 455 2279; x_wconf 90' lang='lat' dir='ltr'>lapillos</span> <span class='ocrx_word' id='word_1_127' title='bbox 478 2198 606 2279; x_wconf 92' lang='lat' dir='ltr'>ubique</span> <span class='ocrx_word' id='word_1_128' title='bbox 629 2199 663 2259; x_wconf 91' lang='lat' dir='ltr'>in</span> <span class='ocrx_word' id='word_1_129' title='bbox 688 2198 819 2279; x_wconf 88' lang='lat' dir='ltr'>campis</span> <span class='ocrx_word' id='word_1_130' title='bbox 842 2197 1081 2260; x_wconf 88' lang='lat' dir='ltr'>humilioribus</span> <span class='ocrx_word' id='word_1_131' title='bbox 1103 2207 1267 2278; x_wconf 87' lang='lat' dir='ltr'>repertos,</span> <span class='ocrx_word' id='word_1_132' title='bbox 1292 2206 1327 2259; x_wconf 92' lang='lat' dir='ltr'>et</span> <span class='ocrx_word' id='word_1_133' title='bbox 1353 2195 1469 2261; x_wconf 87' lang='lat' dir='ltr'>forsan</span> <span class='ocrx_word' id='word_1_134' title='bbox 1492 2218 1537 2261; x_wconf 91' lang='lat' dir='ltr'>ex</span> 
     </span>
     <span class='ocr_line' id='line_1_16' title="bbox 199 2311 1537 2397; baseline 0.001 -22"><span class='ocrx_word' id='word_1_135' title='bbox 199 2312 445 2376; x_wconf 91' lang='lat' dir='ltr'>confluentium</span> <span class='ocrx_word' id='word_1_136' title='bbox 468 2332 666 2396; x_wconf 88' lang='lat' dir='ltr'>spumarum</span> <span class='ocrx_word' id='word_1_137' title='bbox 689 2312 764 2397; x_wconf 82' lang='lat' dir='ltr'>(bas</span> <span class='ocrx_word' id='word_1_138' title='bbox 788 2314 879 2375; x_wconf 89' lang='lat' dir='ltr'>enim</span> <span class='ocrx_word' id='word_1_139' title='bbox 903 2314 1017 2395; x_wconf 89' lang='lat' dir='ltr'>specie</span> <span class='ocrx_word' id='word_1_140' title='bbox 1048 2311 1211 2395; x_wconf 82' lang='lat' dir='ltr'>referunt)</span> <span class='ocrx_word' id='word_1_141' title='bbox 1236 2317 1453 2378; x_wconf 86' lang='lat' dir='ltr'>concretione</span> <span class='ocrx_word' id='word_1_142' title='bbox 1478 2333 1537 2397; x_wconf 89' lang='lat' dir='ltr'>ge-</span> 
     </span>
     <span class='ocr_line' id='line_1_17' title="bbox 201 2427 1538 2513; baseline 0.001 -21"><span class='ocrx_word' id='word_1_143' title='bbox 201 2431 301 2502; x_wconf 91' lang='lat' dir='ltr'>latos,</span> <span class='ocrx_word' id='word_1_144' title='bbox 326 2431 501 2513; x_wconf 89' lang='lat' dir='ltr'>inignem</span> <span class='ocrx_word' id='word_1_145' title='bbox 532 2430 726 2501; x_wconf 88' lang='lat' dir='ltr'>coniiciens,</span> <span class='ocrx_word' id='word_1_146' title='bbox 759 2429 847 2492; x_wconf 92' lang='lat' dir='ltr'>sicut</span> <span class='ocrx_word' id='word_1_147' title='bbox 878 2427 952 2491; x_wconf 89' lang='lat' dir='ltr'>fieri</span> <span class='ocrx_word' id='word_1_148' title='bbox 978 2430 1112 2492; x_wconf 86' lang='lat' dir='ltr'>viderat</span> <span class='ocrx_word' id='word_1_149' title='bbox 1136 2431 1171 2492; x_wconf 91' lang='lat' dir='ltr'>in</span> <span class='ocrx_word' id='word_1_150' title='bbox 1197 2428 1383 2512; x_wconf 90' lang='lat' dir='ltr'>Cambaya‚</span> <span class='ocrx_word' id='word_1_151' title='bbox 1408 2432 1538 2493; x_wconf 89' lang='lat' dir='ltr'>calcem</span> 
     </span>
     <span class='ocr_line' id='line_1_18' title="bbox 199 2545 1538 2629; baseline 0.001 -20"><span class='ocrx_word' id='word_1_152' title='bbox 199 2549 353 2609; x_wconf 81' lang='lat' dir='ltr'>maxime</span> <span class='ocrx_word' id='word_1_153' title='bbox 377 2547 587 2629; x_wconf 80' lang='lat' dir='ltr'>glutinosam</span> <span class='ocrx_word' id='word_1_154' title='bbox 610 2546 791 2627; x_wconf 87' lang='lat' dir='ltr'>expressit,</span> <span class='ocrx_word' id='word_1_155' title='bbox 823 2547 969 2627; x_wconf 91' lang='lat' dir='ltr'>primum</span> <span class='ocrx_word' id='word_1_156' title='bbox 1004 2546 1040 2608; x_wconf 90' lang='lat' dir='ltr'>in</span> <span class='ocrx_word' id='word_1_157' title='bbox 1066 2546 1197 2628; x_wconf 90' lang='lat' dir='ltr'>palatio</span> <span class='ocrx_word' id='word_1_158' title='bbox 1224 2548 1444 2628; x_wconf 90' lang='lat' dir='ltr'>imperatorio</span> <span class='ocrx_word' id='word_1_159' title='bbox 1471 2545 1538 2610; x_wconf 89' lang='lat' dir='ltr'>Ga-</span> 
     </span>
     <span class='ocr_line' id='line_1_19' title="bbox 199 2661 1888 2749; baseline -0.005 -25"><span class='ocrx_word' id='word_1_160' title='bbox 199 2673 311 2733; x_wconf 90' lang='lat' dir='ltr'>netae,</span> <span class='ocrx_word' id='word_1_161' title='bbox 337 2680 377 2724; x_wconf 88' lang='lat' dir='ltr'>ac</span> <span class='ocrx_word' id='word_1_162' title='bbox 401 2662 546 2724; x_wconf 91' lang='lat' dir='ltr'>diversis</span> <span class='ocrx_word' id='word_1_163' title='bbox 570 2662 693 2724; x_wconf 90' lang='lat' dir='ltr'>deinde</span> <span class='ocrx_word' id='word_1_164' title='bbox 716 2661 855 2743; x_wconf 90' lang='lat' dir='ltr'>templis</span> <span class='ocrx_word' id='word_1_165' title='bbox 877 2664 1065 2743; x_wconf 89' lang='lat' dir='ltr'>probatam.</span> <span class='ocrx_word' id='word_1_166' title='bbox 1090 2661 1170 2724; x_wconf 89' lang='lat' dir='ltr'>Duo</span> <span class='ocrx_word' id='word_1_167' title='bbox 1193 2662 1258 2725; x_wconf 91' lang='lat' dir='ltr'>sub</span> <span class='ocrx_word' id='word_1_168' title='bbox 1288 2664 1409 2725; x_wconf 92' lang='lat' dir='ltr'>iisdem</span> <span class='ocrx_word' id='word_1_169' title='bbox 1441 2664 1539 2724; x_wconf 90' lang='lat' dir='ltr'>annis</span> <span class='ocrx_word' id='word_1_170' title='bbox 1602 2668 1722 2718; x_wconf 82' lang='lat' dir='ltr'>lonael</span> <span class='ocrx_word' id='word_1_171' title='bbox 1746 2678 1774 2749; x_wconf 53' lang='grc' dir='ltr'>ος</span> <span class='ocrx_word' id='word_1_172' title='bbox 1791 2672 1888 2719; x_wconf 71' lang='lat' dir='ltr'>Aaron</span> 
     </span>
     <span class='ocr_line' id='line_1_20' title="bbox 199 2739 1889 2860; baseline 0 -20"><span class='ocrx_word' id='word_1_173' title='bbox 199 2779 380 2849; x_wconf 86' lang='lat' dir='ltr'>coniurati,</span> <span class='ocrx_word' id='word_1_174' title='bbox 405 2775 521 2840; x_wconf 92' lang='lat' dir='ltr'>Ionael</span> <span class='ocrx_word' id='word_1_175' title='bbox 547 2796 674 2857; x_wconf 90' lang='lat' dir='ltr'>prorex</span> <span class='ocrx_word' id='word_1_176' title='bbox 704 2777 986 2860; x_wconf 86' lang='lat' dir='ltr'>Bagamedrinus,</span> <span class='ocrx_word' id='word_1_177' title='bbox 1018 2788 1052 2840; x_wconf 90' lang='lat' dir='ltr'>et</span> <span class='ocrx_word' id='word_1_178' title='bbox 1080 2775 1230 2841; x_wconf 86' lang='lat' dir='ltr'>famosus</span> <span class='ocrx_word' id='word_1_179' title='bbox 1261 2778 1389 2859; x_wconf 86' lang='lat' dir='ltr'>praedo</span> <span class='ocrx_word' id='word_1_180' title='bbox 1419 2777 1539 2840; x_wconf 85' lang='lat' dir='ltr'>Aaron</span> <span class='ocrx_word' id='word_1_181' title='bbox 1567 2739 1684 2789; x_wconf 64' lang='lat' dir='ltr'>¹⁰b⁹¹¹⁰⁸</span> <span class='ocrx_word' id='word_1_182' title='bbox 1710 2740 1889 2791; x_wconf 72' lang='lat' dir='ltr'>occiduntur.</span> 
     </span>
     <span class='ocr_line' id='line_1_21' title="bbox 200 2892 1540 2976; baseline 0.001 -22"><span class='ocrx_word' id='word_1_183' title='bbox 200 2896 234 2956; x_wconf 93' lang='lat' dir='ltr'>in</span> <span class='ocrx_word' id='word_1_184' title='bbox 259 2893 410 2976; x_wconf 85' lang='lat' dir='ltr'>Tigraeo</span> <span class='ocrx_word' id='word_1_185' title='bbox 434 2911 551 2975; x_wconf 87' lang='lat' dir='ltr'>regne,</span> <span class='ocrx_word' id='word_1_186' title='bbox 575 2894 680 2974; x_wconf 90' lang='lat' dir='ltr'>sopiti</span> <span class='ocrx_word' id='word_1_187' title='bbox 703 2905 736 2955; x_wconf 91' lang='lat' dir='ltr'>et</span> <span class='ocrx_word' id='word_1_188' title='bbox 760 2895 835 2975; x_wconf 92' lang='lat' dir='ltr'>ipse</span> <span class='ocrx_word' id='word_1_189' title='bbox 858 2894 996 2956; x_wconf 89' lang='lat' dir='ltr'>tandem</span> <span class='ocrx_word' id='word_1_190' title='bbox 1016 2892 1217 2975; x_wconf 88' lang='lat' dir='ltr'>Imperator,</span> <span class='ocrx_word' id='word_1_191' title='bbox 1234 2895 1385 2956; x_wconf 90' lang='lat' dir='ltr'>tenebris</span> <span class='ocrx_word' id='word_1_192' title='bbox 1400 2896 1540 2956; x_wconf 89' lang='lat' dir='ltr'>omnino</span> 
     </span>
     <span class='ocr_line' id='line_1_22' title="bbox 198 3007 1539 3092; baseline 0 -21"><span class='ocrx_word' id='word_1_193' title='bbox 198 3009 366 3091; x_wconf 85' lang='lat' dir='ltr'>depulsis,</span> <span class='ocrx_word' id='word_1_194' title='bbox 389 3027 467 3071; x_wconf 91' lang='lat' dir='ltr'>cum</span> <span class='ocrx_word' id='word_1_195' title='bbox 491 3021 581 3072; x_wconf 89' lang='lat' dir='ltr'>esset</span> <span class='ocrx_word' id='word_1_196' title='bbox 606 3009 762 3092; x_wconf 88' lang='lat' dir='ltr'>Fogarae</span> <span class='ocrx_word' id='word_1_197' title='bbox 786 3010 820 3070; x_wconf 91' lang='lat' dir='ltr'>in</span> <span class='ocrx_word' id='word_1_198' title='bbox 844 3009 1064 3092; x_wconf 86' lang='lat' dir='ltr'>Bagamediri</span> <span class='ocrx_word' id='word_1_199' title='bbox 1088 3020 1121 3072; x_wconf 90' lang='lat' dir='ltr'>et</span> <span class='ocrx_word' id='word_1_200' title='bbox 1145 3008 1310 3073; x_wconf 89' lang='lat' dir='ltr'>Goiamae</span> <span class='ocrx_word' id='word_1_201' title='bbox 1341 3007 1539 3081; x_wconf 70' lang='lat' dir='ltr'>confinibus</span> 
     </span>
    </p>
   </div>
   <div class='ocr_carea' id='block_1_5' title="bbox 199 3126 1540 3207">
    <p class='ocr_par' dir='ltr' id='par_1_7' title="bbox 199 3126 1540 3207">
     <span class='ocr_line' id='line_1_23' title="bbox 199 3126 1540 3207; baseline 0.001 -21"><span class='ocrx_word' id='word_1_202' title='bbox 199 3145 292 3188; x_wconf 89' lang='lat' dir='ltr'>anno</span> <span class='ocrx_word' id='word_1_203' title='bbox 321 3127 416 3196; x_wconf 87' lang='lat'>1622,</span> <span class='ocrx_word' id='word_1_204' title='bbox 441 3126 547 3188; x_wconf 90' lang='lat' dir='ltr'>totius</span> <span class='ocrx_word' id='word_1_205' title='bbox 577 3126 669 3188; x_wconf 90' lang='lat' dir='ltr'>vitae</span> <span class='ocrx_word' id='word_1_206' title='bbox 692 3145 803 3188; x_wconf 89' lang='lat' dir='ltr'>noxas</span> <span class='ocrx_word' id='word_1_207' title='bbox 833 3126 877 3187; x_wconf 91' lang='lat' dir='ltr'>ad</span> <span class='ocrx_word' id='word_1_208' title='bbox 907 3126 1016 3207; x_wconf 88' lang='lat' dir='ltr'>patris</span> <span class='ocrx_word' id='word_1_209' title='bbox 1046 3126 1159 3189; x_wconf 89' lang='lat' dir='ltr'>Paezii</span> <span class='ocrx_word' id='word_1_210' title='bbox 1190 3146 1289 3190; x_wconf 89' lang='lat' dir='ltr'>aures</span> <span class='ocrx_word' id='word_1_211' title='bbox 1321 3127 1406 3188; x_wconf 94' lang='lat' dir='ltr'>miro</span> <span class='ocrx_word' id='word_1_212' title='bbox 1437 3145 1540 3188; x_wconf 87' lang='lat' dir='ltr'>sensu</span> 
     </span>
    </p>
   </div>
   <div class='ocr_carea' id='block_1_6' title="bbox 198 3238 1889 3324">
    <p class='ocr_par' dir='ltr' id='par_1_8' title="bbox 198 3238 1889 3324">
     <span class='ocr_line' id='line_1_24' title="bbox 198 3238 1889 3324; baseline -0.002 -23"><span class='ocrx_word' id='word_1_213' title='bbox 198 3241 370 3323; x_wconf 87' lang='lat' dir='ltr'>expiavit.</span> <span class='ocrx_word' id='word_1_214' title='bbox 398 3238 444 3302; x_wconf 95' lang='lat' dir='ltr'>Et</span> <span class='ocrx_word' id='word_1_215' title='bbox 476 3242 573 3321; x_wconf 88' lang='lat' dir='ltr'>quasi</span> <span class='ocrx_word' id='word_1_216' title='bbox 605 3241 673 3303; x_wconf 86' lang='lat' dir='ltr'>iam</span> <span class='ocrx_word' id='word_1_217' title='bbox 704 3241 790 3303; x_wconf 91' lang='lat' dir='ltr'>nihil</span> <span class='ocrx_word' id='word_1_218' title='bbox 820 3254 919 3313; x_wconf 89' lang='lat' dir='ltr'>esset,</span> <span class='ocrx_word' id='word_1_219' title='bbox 951 3243 1043 3323; x_wconf 94' lang='lat' dir='ltr'>quod</span> <span class='ocrx_word' id='word_1_220' title='bbox 1074 3243 1217 3305; x_wconf 88' lang='lat' dir='ltr'>ulterius</span> <span class='ocrx_word' id='word_1_221' title='bbox 1247 3261 1383 3324; x_wconf 88' lang='lat' dir='ltr'>sperare</span> <span class='ocrx_word' id='word_1_222' title='bbox 1413 3253 1539 3324; x_wconf 91' lang='lat' dir='ltr'>posset,</span> <span class='ocrx_word' id='word_1_223' title='bbox 1604 3253 1636 3301; x_wconf 83' lang='grc' dir='ltr'>Ρ.</span> <span class='ocrx_word' id='word_1_224' title='bbox 1669 3251 1795 3308; x_wconf 66' lang='lat' dir='ltr'>Paccius,</span> <span class='ocrx_word' id='word_1_225' title='bbox 1825 3260 1889 3313; x_wconf 76' lang='lat' dir='ltr'>post</span> 
     </span>
    </p>
   </div>
   <div class='ocr_carea' id='block_1_7' title="bbox 197 3324 1888 3455">
    <p class='ocr_par' dir='ltr' id='par_1_9' title="bbox 197 3324 1888 3455">
     <span class='ocr_line' id='line_1_25' title="bbox 449 3324 1888 3385; baseline -0.005 -9"><span class='ocrx_word' id='word_1_226' title='bbox 449 3357 455 3370; x_wconf 86' lang='lat'><strong>·</strong></span> <span class='ocrx_word' id='word_1_227' title='bbox 761 3358 767 3370; x_wconf 84' lang='lat'><strong>.</strong></span> <span class='ocrx_word' id='word_1_228' title='bbox 974 3360 980 3373; x_wconf 91' lang='lat'><strong>.</strong></span> <span class='ocrx_word' id='word_1_229' title='bbox 1207 3360 1213 3373; x_wconf 93' lang='lat'><em>.</em></span> <span class='ocrx_word' id='word_1_230' title='bbox 1568 3324 1813 3385; x_wconf 78' lang='lat' dir='ltr'>Imperatorem</span> <span class='ocrx_word' id='word_1_231' title='bbox 1832 3334 1888 3370; x_wconf 74' lang='lat' dir='ltr'>ase</span> 
     </span>
     <span class='ocr_line' id='line_1_26' title="bbox 197 3354 1888 3455; baseline 0.001 -38"><span class='ocrx_word' id='word_1_232' title='bbox 197 3367 337 3437; x_wconf 90' lang='lat' dir='ltr'>patrem</span> <span class='ocrx_word' id='word_1_233' title='bbox 355 3355 516 3419; x_wconf 87' lang='lat' dir='ltr'>Paezrum</span> <span class='ocrx_word' id='word_1_234' title='bbox 533 3354 742 3440; x_wconf 87' lang='lat' dir='ltr'>Gorgorram</span> <span class='ocrx_word' id='word_1_235' title='bbox 758 3368 896 3421; x_wconf 80' lang='lat' dir='ltr'>ineunte</span> <span class='ocrx_word' id='word_1_236' title='bbox 916 3378 1014 3431; x_wconf 85' lang='lat' dir='ltr'>maro,</span> <span class='ocrx_word' id='word_1_237' title='bbox 1029 3379 1105 3421; x_wconf 91' lang='lat' dir='ltr'>cum</span> <span class='ocrx_word' id='word_1_238' title='bbox 1121 3378 1272 3421; x_wconf 87' lang='lat' dir='ltr'>max1me</span> <span class='ocrx_word' id='word_1_239' title='bbox 1290 3356 1398 3421; x_wconf 89' lang='lat' dir='ltr'>fervet</span> <span class='ocrx_word' id='word_1_240' title='bbox 1415 3368 1539 3430; x_wconf 89' lang='lat' dir='ltr'>aestus,</span> <span class='ocrx_word' id='word_1_241' title='bbox 1567 3393 1759 3454; x_wconf 74' lang='lat' dir='ltr'>exomologesi</span> <span class='ocrx_word' id='word_1_242' title='bbox 1786 3405 1888 3455; x_wconf 74' lang='lat' dir='ltr'>purga·</span> 
     </span>
    </p>
   </div>
   <div class='ocr_carea' id='block_1_8' title="bbox 197 3464 1769 3557">
    <p class='ocr_par' dir='ltr' id='par_1_10' title="bbox 197 3464 1769 3557">
     <span class='ocr_line' id='line_1_27' title="bbox 197 3464 1769 3557; baseline 0.001 -24"><span class='ocrx_word' id='word_1_243' title='bbox 197 3472 405 3534; x_wconf 88' lang='lat' dir='ltr'>redeuntem</span> <span class='ocrx_word' id='word_1_244' title='bbox 428 3472 481 3535; x_wconf 92' lang='lat' dir='ltr'>sol</span> <span class='ocrx_word' id='word_1_245' title='bbox 502 3474 534 3533; x_wconf 92' lang='lat' dir='ltr'>in</span> <span class='ocrx_word' id='word_1_246' title='bbox 564 3473 763 3536; x_wconf 83' lang='lat' dir='ltr'>Dambaeae</span> <span class='ocrx_word' id='word_1_247' title='bbox 787 3476 1034 3555; x_wconf 85' lang='lat' dir='ltr'>campestribus</span> <span class='ocrx_word' id='word_1_248' title='bbox 1057 3475 1197 3547; x_wconf 88' lang='lat' dir='ltr'>adussit,</span> <span class='ocrx_word' id='word_1_249' title='bbox 1222 3474 1318 3556; x_wconf 87' lang='lat' dir='ltr'>isque</span> <span class='ocrx_word' id='word_1_250' title='bbox 1346 3477 1435 3537; x_wconf 87' lang='lat' dir='ltr'>intra</span> <span class='ocrx_word' id='word_1_251' title='bbox 1457 3495 1539 3557; x_wconf 93' lang='lat' dir='ltr'>pau·</span> <span class='ocrx_word' id='word_1_252' title='bbox 1566 3464 1769 3522; x_wconf 66' lang='lat' dir='ltr'>eumoccidit.</span> 
     </span>
    </p>
   </div>
   <div class='ocr_carea' id='block_1_9' title="bbox 194 3588 1542 4713">
    <p class='ocr_par' dir='ltr' id='par_1_11' title="bbox 194 3588 1542 4713">
     <span class='ocr_line' id='line_1_28' title="bbox 196 3588 1539 3662; baseline 0.003 -13"><span class='ocrx_word' id='word_1_253' title='bbox 196 3607 262 3649; x_wconf 91' lang='lat' dir='ltr'>cos</span> <span class='ocrx_word' id='word_1_254' title='bbox 285 3588 371 3659; x_wconf 79' lang='lat' dir='ltr'>dies,</span> <span class='ocrx_word' id='word_1_255' title='bbox 403 3591 627 3651; x_wconf 87' lang='lat' dir='ltr'>sacramentis</span> <span class='ocrx_word' id='word_1_256' title='bbox 658 3590 816 3651; x_wconf 92' lang='lat' dir='ltr'>omnibus</span> <span class='ocrx_word' id='word_1_257' title='bbox 847 3591 1037 3662; x_wconf 79' lang='lat' dir='ltr'>roboratuS,</span> <span class='ocrx_word' id='word_1_258' title='bbox 1070 3588 1203 3653; x_wconf 86' lang='lat' dir='ltr'>felicem</span> <span class='ocrx_word' id='word_1_259' title='bbox 1238 3593 1327 3653; x_wconf 86' lang='lat' dir='ltr'>vitae</span> <span class='ocrx_word' id='word_1_260' title='bbox 1357 3592 1539 3653; x_wconf 90' lang='lat' dir='ltr'>terminum</span> 
     </span>
     <span class='ocr_line' id='line_1_29' title="bbox 197 3702 1542 3788; baseline 0.005 -26"><span class='ocrx_word' id='word_1_261' title='bbox 197 3702 378 3784; x_wconf 90' lang='lat' dir='ltr'>imposuit,</span> <span class='ocrx_word' id='word_1_262' title='bbox 403 3705 438 3766; x_wconf 92' lang='lat' dir='ltr'>in</span> <span class='ocrx_word' id='word_1_263' title='bbox 463 3705 585 3767; x_wconf 93' lang='lat' dir='ltr'>minori</span> <span class='ocrx_word' id='word_1_264' title='bbox 609 3703 804 3788; x_wconf 82' lang='lat' dir='ltr'>Gorgorrae</span> <span class='ocrx_word' id='word_1_265' title='bbox 834 3707 966 3787; x_wconf 88' lang='lat' dir='ltr'>templo</span> <span class='ocrx_word' id='word_1_266' title='bbox 996 3719 1077 3769; x_wconf 91' lang='lat' dir='ltr'>tunc</span> <span class='ocrx_word' id='word_1_267' title='bbox 1107 3707 1282 3787; x_wconf 90' lang='lat' dir='ltr'>depositus</span> <span class='ocrx_word' id='word_1_268' title='bbox 1312 3718 1346 3770; x_wconf 90' lang='lat' dir='ltr'>et</span> <span class='ocrx_word' id='word_1_269' title='bbox 1377 3718 1497 3788; x_wconf 88' lang='lat' dir='ltr'>postea</span> <span class='ocrx_word' id='word_1_270' title='bbox 1521 3728 1542 3769; x_wconf 89' lang='lat' dir='ltr'>a</span> 
     </span>
     <span class='ocr_line' id='line_1_30' title="bbox 196 3817 1540 3904; baseline 0.005 -26"><span class='ocrx_word' id='word_1_271' title='bbox 196 3818 303 3880; x_wconf 88' lang='lat' dir='ltr'>nobis</span> <span class='ocrx_word' id='word_1_272' title='bbox 328 3817 363 3879; x_wconf 90' lang='lat' dir='ltr'>in</span> <span class='ocrx_word' id='word_1_273' title='bbox 387 3820 544 3901; x_wconf 74' lang='lat' dir='ltr'>amplius</span> <span class='ocrx_word' id='word_1_274' title='bbox 570 3821 677 3882; x_wconf 89' lang='lat' dir='ltr'>nobili</span> <span class='ocrx_word' id='word_1_275' title='bbox 701 3824 995 3884; x_wconf 89' lang='lat' dir='ltr'>concameratione</span> <span class='ocrx_word' id='word_1_276' title='bbox 1018 3833 1204 3894; x_wconf 87' lang='lat' dir='ltr'>arcuatum,</span> <span class='ocrx_word' id='word_1_277' title='bbox 1228 3824 1421 3885; x_wconf 86' lang='lat' dir='ltr'>translatus.</span> <span class='ocrx_word' id='word_1_278' title='bbox 1440 3821 1540 3904; x_wconf 85' lang='lat' dir='ltr'>Quod</span> 
     </span>
     <span class='ocr_line' id='line_1_31' title="bbox 199 3933 1541 4020; baseline 0.005 -25"><span class='ocrx_word' id='word_1_279' title='bbox 199 3933 363 3996; x_wconf 88' lang='lat' dir='ltr'>nuntium</span> <span class='ocrx_word' id='word_1_280' title='bbox 387 3953 465 3996; x_wconf 91' lang='lat' dir='ltr'>cum</span> <span class='ocrx_word' id='word_1_281' title='bbox 490 3935 640 3998; x_wconf 88' lang='lat' dir='ltr'>delatum</span> <span class='ocrx_word' id='word_1_282' title='bbox 665 3948 754 4000; x_wconf 87' lang='lat' dir='ltr'>esset</span> <span class='ocrx_word' id='word_1_283' title='bbox 780 3939 813 3999; x_wconf 93' lang='lat' dir='ltr'>in</span> <span class='ocrx_word' id='word_1_284' title='bbox 848 3949 970 4013; x_wconf 88' lang='lat' dir='ltr'>castra,</span> <span class='ocrx_word' id='word_1_285' title='bbox 1003 3940 1047 4000; x_wconf 91' lang='lat' dir='ltr'>ab</span> <span class='ocrx_word' id='word_1_286' title='bbox 1077 3937 1287 4020; x_wconf 88' lang='lat' dir='ltr'>Imperatore</span> <span class='ocrx_word' id='word_1_287' title='bbox 1318 3950 1352 4001; x_wconf 89' lang='lat' dir='ltr'>et</span> <span class='ocrx_word' id='word_1_288' title='bbox 1383 3941 1541 4002; x_wconf 91' lang='lat' dir='ltr'>omnibus</span> 
     </span>
     <span class='ocr_line' id='line_1_32' title="bbox 195 4048 1540 4136; baseline 0.004 -25"><span class='ocrx_word' id='word_1_289' title='bbox 195 4048 401 4119; x_wconf 88' lang='lat' dir='ltr'>curialibus,</span> <span class='ocrx_word' id='word_1_290' title='bbox 426 4051 485 4130; x_wconf 93' lang='lat' dir='ltr'>qui</span> <span class='ocrx_word' id='word_1_291' title='bbox 509 4070 585 4113; x_wconf 90' lang='lat' dir='ltr'>eum</span> <span class='ocrx_word' id='word_1_292' title='bbox 610 4062 646 4113; x_wconf 92' lang='lat' dir='ltr'>ut</span> <span class='ocrx_word' id='word_1_293' title='bbox 670 4071 824 4115; x_wconf 91' lang='lat' dir='ltr'>summae</span> <span class='ocrx_word' id='word_1_294' title='bbox 840 4055 1049 4134; x_wconf 89' lang='lat' dir='ltr'>integritatis</span> <span class='ocrx_word' id='word_1_295' title='bbox 1064 4055 1174 4116; x_wconf 91' lang='lat' dir='ltr'>virum</span> <span class='ocrx_word' id='word_1_296' title='bbox 1191 4054 1276 4117; x_wconf 90' lang='lat' dir='ltr'>mire</span> <span class='ocrx_word' id='word_1_297' title='bbox 1299 4054 1540 4136; x_wconf 88' lang='lat' dir='ltr'>suspiciebant,</span> 
     </span>
     <span class='ocr_line' id='line_1_33' title="bbox 195 4170 1541 4253; baseline 0.004 -26"><span class='ocrx_word' id='word_1_298' title='bbox 195 4175 233 4228; x_wconf 90' lang='lat' dir='ltr'>et</span> <span class='ocrx_word' id='word_1_299' title='bbox 260 4174 300 4228; x_wconf 88' lang='lat' dir='ltr'>ut</span> <span class='ocrx_word' id='word_1_300' title='bbox 325 4184 542 4228; x_wconf 89' lang='lat' dir='ltr'>communem</span> <span class='ocrx_word' id='word_1_301' title='bbox 573 4186 708 4230; x_wconf 89' lang='lat' dir='ltr'>servum</span> <span class='ocrx_word' id='word_1_302' title='bbox 740 4170 838 4231; x_wconf 90' lang='lat' dir='ltr'>unice</span> <span class='ocrx_word' id='word_1_303' title='bbox 870 4170 1071 4252; x_wconf 87' lang='lat' dir='ltr'>diligebant,</span> <span class='ocrx_word' id='word_1_304' title='bbox 1095 4170 1241 4233; x_wconf 89' lang='lat' dir='ltr'>solemni</span> <span class='ocrx_word' id='word_1_305' title='bbox 1272 4172 1541 4253; x_wconf 88' lang='lat' dir='ltr'>comploratione</span> 
     </span>
     <span class='ocr_line' id='line_1_34' title="bbox 195 4278 1541 4365; baseline 0.006 -23"><span class='ocrx_word' id='word_1_306' title='bbox 195 4292 254 4343; x_wconf 90' lang='lat' dir='ltr'>est</span> <span class='ocrx_word' id='word_1_307' title='bbox 280 4278 470 4344; x_wconf 83' lang='lat' dir='ltr'>funeratus.</span> <span class='ocrx_word' id='word_1_308' title='bbox 496 4279 597 4362; x_wconf 85' lang='lat' dir='ltr'>Quod</span> <span class='ocrx_word' id='word_1_309' title='bbox 620 4284 724 4365; x_wconf 90' lang='lat' dir='ltr'>paulo</span> <span class='ocrx_word' id='word_1_310' title='bbox 747 4295 824 4364; x_wconf 93' lang='lat' dir='ltr'>post</span> <span class='ocrx_word' id='word_1_311' title='bbox 849 4285 1051 4348; x_wconf 87' lang='lat' dir='ltr'>duodecimo</span> <span class='ocrx_word' id='word_1_312' title='bbox 1075 4285 1243 4349; x_wconf 88' lang='lat' dir='ltr'>kalendas</span> <span class='ocrx_word' id='word_1_313' title='bbox 1258 4285 1463 4348; x_wconf 86' lang='lat' dir='ltr'>Novembris</span> <span class='ocrx_word' id='word_1_314' title='bbox 1486 4307 1541 4350; x_wconf 87' lang='lat' dir='ltr'>ae·</span> 
     </span>
     <span class='ocr_line' id='line_1_35' title="bbox 197 4394 1540 4483; baseline 0.003 -24"><span class='ocrx_word' id='word_1_315' title='bbox 197 4397 290 4459; x_wconf 92' lang='lat' dir='ltr'>cidit</span> <span class='ocrx_word' id='word_1_316' title='bbox 313 4415 349 4477; x_wconf 90' lang='lat' dir='ltr'>p.</span> <span class='ocrx_word' id='word_1_317' title='bbox 374 4394 559 4458; x_wconf 85' lang='lat' dir='ltr'>Francisco</span> <span class='ocrx_word' id='word_1_318' title='bbox 582 4397 739 4460; x_wconf 90' lang='lat' dir='ltr'>Antonio</span> <span class='ocrx_word' id='word_1_319' title='bbox 762 4400 806 4462; x_wconf 91' lang='lat' dir='ltr'>de</span> <span class='ocrx_word' id='word_1_320' title='bbox 829 4399 980 4483; x_wconf 90' lang='lat' dir='ltr'>Angelis</span> <span class='ocrx_word' id='word_1_321' title='bbox 1003 4403 1093 4482; x_wconf 92' lang='lat' dir='ltr'>apud</span> <span class='ocrx_word' id='word_1_322' title='bbox 1109 4401 1249 4483; x_wconf 88' lang='lat' dir='ltr'>Agaos;</span> <span class='ocrx_word' id='word_1_323' title='bbox 1273 4412 1307 4464; x_wconf 90' lang='lat' dir='ltr'>et</span> <span class='ocrx_word' id='word_1_324' title='bbox 1322 4403 1540 4483; x_wconf 88' lang='lat' dir='ltr'>praecedenti</span> 
     </span>
     <span class='ocr_line' id='line_1_36' title="bbox 194 4513 1541 4601; baseline 0.001 -25"><span class='ocrx_word' id='word_1_325' title='bbox 194 4533 292 4576; x_wconf 89' lang='lat' dir='ltr'>anno</span> <span class='ocrx_word' id='word_1_326' title='bbox 318 4513 422 4574; x_wconf 89' lang='lat' dir='ltr'>tertio</span> <span class='ocrx_word' id='word_1_327' title='bbox 446 4531 554 4575; x_wconf 88' lang='lat' dir='ltr'>nonas</span> <span class='ocrx_word' id='word_1_328' title='bbox 578 4515 747 4577; x_wconf 88' lang='lat' dir='ltr'>ianuarias</span> <span class='ocrx_word' id='word_1_329' title='bbox 778 4518 869 4596; x_wconf 90' lang='lat' dir='ltr'>apud</span> <span class='ocrx_word' id='word_1_330' title='bbox 895 4515 1062 4599; x_wconf 87' lang='lat' dir='ltr'>Tigraeos</span> <span class='ocrx_word' id='word_1_331' title='bbox 1092 4517 1263 4601; x_wconf 89' lang='lat' dir='ltr'>obtigerat</span> <span class='ocrx_word' id='word_1_332' title='bbox 1294 4539 1326 4600; x_wconf 92' lang='lat' dir='ltr'>p.</span> <span class='ocrx_word' id='word_1_333' title='bbox 1357 4517 1541 4580; x_wconf 88' lang='lat' dir='ltr'>Laurentio</span> 
     </span>
     <span class='ocr_line' id='line_1_37' title="bbox 195 4628 1421 4713; baseline 0.005 -22"><span class='ocrx_word' id='word_1_334' title='bbox 195 4628 370 4692; x_wconf 90' lang='lat' dir='ltr'>Romano</span> <span class='ocrx_word' id='word_1_335' title='bbox 394 4630 547 4691; x_wconf 91' lang='lat' dir='ltr'>omnium</span> <span class='ocrx_word' id='word_1_336' title='bbox 571 4630 817 4693; x_wconf 88' lang='lat' dir='ltr'>catholicorum</span> <span class='ocrx_word' id='word_1_337' title='bbox 842 4634 1036 4713; x_wconf 91' lang='lat' dir='ltr'>planctibus</span> <span class='ocrx_word' id='word_1_338' title='bbox 1060 4644 1093 4696; x_wconf 91' lang='lat' dir='ltr'>et</span> <span class='ocrx_word' id='word_1_339' title='bbox 1118 4634 1296 4696; x_wconf 90' lang='lat' dir='ltr'>desideriis</span> <span class='ocrx_word' id='word_1_340' title='bbox 1320 4636 1421 4697; x_wconf 86' lang='lat' dir='ltr'>elat0.</span> 
     </span>
    </p>
   </div>
   <div class='ocr_carea' id='block_1_10' title="bbox 0 0 2066 6182">
    <p class='ocr_par' dir='ltr' id='par_1_12' title="bbox 0 0 2066 6182">
     <span class='ocr_line' id='line_1_38' title="bbox 0 0 2066 6182; baseline 0 0"><span class='ocrx_word' id='word_1_341' title='bbox 0 0 2066 6182; x_wconf 95' lang='lat' dir='ltr'> </span> 
     </span>
    </p>
   </div>
  </div>
 </body>
</html>
