4124 6182
228 1612 330 1661 Terrae
340 1613 409 1661 fines
419 1611 512 1674 aptius

193 1682 224 1733 in
251 1682 400 1746 Aethiopia
428 1698 512 1747 quam

192 1753 224 1804 in
241 1754 352 1804 Arabia.

228 3234 352 3294 Reginae
365 3235 435 3283 Saba
448 3248 512 3284 curn

192 3306 344 3354 Salomone
350 3305 511 3354 affinitatem

192 3386 219 3424 et
231 3375 346 3425 traditio
359 3387 386 3425 et
394 3375 451 3424 alia
463 3379 512 3425 ad-

193 3446 328 3496 minicula
347 3462 512 3497 commen-

190 3519 268 3567 dant.

543 651 583 708 42
877 645 1149 693 EXPEDITIONIS
1173 645 1432 693 AETHlOl'ICAIi
1458 647 1537 694 ETC.

540 792 704 855 illustrior
727 788 819 855 Saba
842 804 875 855 et
900 792 1089 854 Homeritis
1112 792 1212 873 (unde
1240 792 1314 873 ipsa
1340 794 1385 854 ab
1415 793 1536 853 eodem
1569 802 1707 854 auctore
1739 792 1782 853 ad
1810 790 1874 854 Sa·

539 908 710 970 lomonem
742 919 776 970 et
806 907 902 989 Magi
926 909 969 970 ad
992 907 1164 971 Christum
1196 906 1340 989 profecti
1371 907 1600 988 putanturlhl
1632 906 1781 979 Oriente,
1809 907 1873 969 Ta·

539 1023 598 1087 citi
612 1024 655 1107 (2)
679 1035 712 1087 et
727 1024 873 1087 aliorum
895 1024 1102 1095 testimonie,
1126 1025 1337 1087 terminatur.
1363 1025 1436 1086 Nec
1454 1023 1689 1106 Evangelista,
1706 1023 1763 1105 qui
1781 1026 1874 1105 prius

540 1140 723 1222 scripserat
745 1140 869 1222 Magos
892 1142 936 1203 ab
959 1141 1003 1223 (3)
1027 1137 1168 1202 Oriente
1192 1142 1266 1202 sive
1290 1139 1506 1203 Homeritide
1536 1140 1784 1222 lerosolymam
1817 1161 1873 1200 ve-

540 1257 630 1318 nisse
646 1254 749 1339 (quod
766 1277 832 1318 non
858 1256 1042 1338 negamus),
1067 1268 1137 1319 tarn
1160 1257 1274 1319 subito
1302 1275 1431 1327 iecore,
1448 1266 1506 1318 aut
1523 1256 1574 1318 sui
1591 1256 1782 1317 obliviosus
1799 1275 1873 1317 esse

539 1381 655 1453 posset
680 1383 715 1434 ut
740 1392 807 1434 non
833 1372 940 1434 multo
964 1383 1040 1453 post
1055 1371 1230 1433 heroiuam
1248 1392 1293 1433 ex
1310 1373 1428 1434 eadem
1452 1390 1637 1454 egressam,
1661 1370 1782 1433 Austri
1803 1370 1873 1432 Re-

539 1487 655 1566 ginam
673 1487 884 1569 appellaret(
908 1486 927 1565 ).

628 1602 754 1663 Terrae
778 1614 889 1665 autem
914 1601 998 1665 fines
1015 1601 1128 1683 aptius
1144 1602 1328 1683 aethiopici
1344 1622 1446 1683 quam
1464 1601 1590 1665 arabici
1609 1611 1797 1664 censentur.
1814 1600 1873 1664 Et·

539 1719 569 1779 si
593 1719 683 1779 enirn
705 1717 871 1780 Arabiam
892 1719 1075 1799 aliquando
1090 1730 1215 1781 terram
1232 1718 1454 1800 longinquam
1470 1714 1648 1799 Scriptura
1664 1719 1817 1780 nominet
1830 1716 1873 1799 (5)

540 1852 647 1914 eaque
670 1836 870 1896 orientalem
895 1832 1071 1897 Oceanum
1094 1835 1191 1895 brevi
1227 1853 1386 1895 mucrone
1410 1835 1596 1915 contingat,
1622 1834 1674 1895 illi
1702 1833 1818 1897 Persis
1840 1843 1874 1895 et

539 1949 638 2012 India
662 1970 681 2012 e
701 1951 861 2031 proximo
881 1950 1050 2013 obiicitur.
1068 1946 1159 2011 Orae
1175 1959 1289 2011 tamen
1309 1949 1520 2029 aethiopicae
1542 1949 1577 2011 in
1601 1951 1705 2012 maris
1725 1948 1873 2012 Athlan-

539 2064 599 2126 tici
623 2067 819 2128 vastitatem
844 2064 983 2128 immani
1006 2062 1229 2127 circumflexu
1252 2075 1438 2145 porrectae,
1463 2065 1576 2126 nullus
1599 2075 1728 2127 tractus
1742 2067 1789 2131 ab
1804 2066 1875 2128 ulla

539 2188 643 2261 gente
666 2181 776 2243 cultus
799 2183 991 2262 respondet,
1023 2182 1085 2243 sed
1109 2182 1183 2262 ipsa
1205 2191 1322 2248 terras,
1348 2178 1455 2241 maria
1478 2181 1679 2261 coelumque
1704 2181 1874 2244 distermi-

539 2307 608 2359 nat.
633 2295 735 2358 Unde
759 2297 866 2359 isaias
892 2308 1031 2379 gentem
1059 2309 1153 2358 trans
1183 2294 1323 2357 flumina
1354 2295 1563 2376 Aethiopiae
1595 2307 1873 2367 commorantem,

539 2412 629 2474 dixit
635 2411 800 2496 populum
812 2418 1000 2496 postquem
1017 2433 1084 2473 non
1099 2416 1151 2474 est
1164 2410 1257 2474 alz'zcs
1269 2412 1322 2495 (ὁ).
1340 2409 1523 2473 Faeminas
1538 2430 1632 2484 ver0,
1649 2431 1716 2473 non
1737 2412 1873 2492 quidem

540 2529 718 2608 perpetim,
741 2529 803 2591 sed
826 2530 962 2609 saepius
984 2530 1018 2590 in
1042 2527 1230 2608 Aethiopia
1255 2547 1355 2609 quam
1373 2528 1407 2588 in
1424 2525 1557 2589 Arabia
1572 2528 1759 2608 imperasse
1775 2530 1875 2590 nobis

539 2654 590 2705 est
602 2643 752 2707 Aetuum
765 2644 1049 2725 Apostolicorum
1062 2644 1258 2707 testimonio
1271 2646 1324 2724 (7),
1338 2656 1372 2707 et
1384 2644 1562 2726 speciatim
1576 2645 1609 2706 in
1624 2643 1745 2706 Meroe
1761 2645 1874 2726 (quam

539 2779 642 2841 supra
665 2760 841 2823 docuimus
864 2780 940 2823 esse
963 2758 1153 2841 Goiamam)
1178 2758 1359 2822 Strabonis
1382 2773 1416 2824 et
1439 2762 1544 2824 Plinii
1568 2762 1769 2823 auctoritate
1796 2779 1875 2821 con-

539 2873 709 2938 firmatum
724 2876 768 2959 (8)
791 2886 826 2938 et
849 2876 884 2937 in
907 2874 1065 2958 Reginas
1081 2877 1129 2939 ibi
1145 2874 1313 2939 Candacis
1334 2897 1468 2939 nomem
1486 2876 1630 2958 vulgari.
1656 2874 1768 2938 Causa
1791 2894 1875 2956 ergo

538 2991 670 3054 excidit
691 2991 749 3074 qui
773 3011 849 3054 eam
870 2991 937 3054 sibi
962 2994 1122 3055 mulctam
1147 2992 1312 3075 irrogavit
1325 2994 1368 3073 (o)
1397 2993 1426 3055 si
1444 2993 1504 3055 illa
1520 2994 1649 3063 decem,
1667 3012 1734 3054 non
1752 2992 1787 3053 in
1804 2991 1873 3051 uui-

539 3128 615 3170 cam
640 3107 819 3180 Arabiam,
842 3118 876 3170 et
900 3109 1040 3170 minime
1065 3108 1097 3171 in
1122 3108 1357 3190 Aethiopiam,
1381 3111 1597 3189 quadrarent.

629 3243 657 3303 5.
685 3223 798 3286 Huius
821 3225 909 3287 inter
932 3227 1086 3307 reginam
1111 3222 1202 3287 Saba
1226 3236 1260 3287 et
1291 3222 1512 3287 Salomonem
1548 3206 1723 3286 affinitatis
1747 3233 1781 3285 et
1819 3242 1875 3284 ae-

539 3339 769 3422 thiopicorum
793 3339 930 3422 Regum
963 3343 1007 3402 ab
1035 3340 1156 3402 iisdem
1179 3338 1416 3421 profluentium
1450 3339 1588 3402 traditio
1619 3348 1655 3401 et
1685 3340 1803 3419 opinio
1828 3338 1876 3399 ita

540 3464 736 3517 constanter
758 3456 910 3516 omnium
934 3456 1006 3517 illic
1030 3457 1153 3517 animis
1177 3466 1228 3517 est
1252 3453 1358 3516 infixa
1382 3465 1418 3516 ut
1442 3475 1508 3517 non
1533 3456 1645 3516 minus
1668 3473 1794 3516 excors
1817 3463 1875 3515 aut

541 3570 680 3632 insanus
695 3569 887 3631 *videretur
902 3571 961 3649 qui
977 3572 1167 3641 obsisteret,
1184 3589 1286 3651 quam
1301 3569 1359 3650 qui
1377 3570 1513 3631 Rornae
1529 3578 1679 3650 negaret,
1701 3581 1875 3631 aeternam
1929 3615 1936 3628 .
1988 3612 1995 3627 .

540 3685 635 3748 illam
659 3688 777 3748 urbem
801 3706 821 3746 a
845 3686 998 3747 Romulo
1023 3688 1204 3755 conditam,
1229 3687 1284 3747 vel
1309 3686 1353 3747 ab
1376 3686 1498 3748 Aenea
1522 3684 1706 3749 Caesarum
1738 3686 1875 3768 sangui-

540 3820 618 3863 nem
649 3800 831 3863 effluxisse.
864 3801 903 3863 In
932 3802 1027 3863 cuius
1059 3804 1106 3863 rei
1138 3799 1250 3871 fidem,
1283 3803 1340 3881 qui
1373 3802 1458 3883 regii
1488 3811 1565 3863 sunt
1588 3822 1633 3862 ex
1657 3820 1750 3862 mare
1775 3803 1874 3883 (quod

543 3918 654 3980 solum
678 3919 721 3980 ad
746 3919 881 3998 imperii
905 3919 1155 3980 successionem
1172 3917 1355 4000 spectatur)
1371 3916 1550 3998 semini[s],
1576 3916 1716 3979 israelis
1738 3917 1874 3978 nomine

542 4034 751 4105 clarescunt;
776 4054 838 4095 nec
862 4035 897 4094 in
921 4035 971 4095 eis
993 4033 1121 4116 gradus
1144 4035 1342 4114 proximior,
1367 4035 1427 4094 sed
1451 4042 1582 4094 tantum
1603 4033 1831 4093 masculorum
1855 4051 1875 4091 a

541 4150 703 4211 masculis
726 4150 920 4221 descensus,
944 4150 1047 4210 etiam
1072 4149 1195 4210 nothus
1218 4160 1251 4211 et
1272 4149 1482 4211 adulterinus
1506 4157 1652 4210 curatur.
1670 4148 1724 4209 De
1741 4157 1876 4209 caetero

539 4264 591 4326 ius
615 4274 667 4327 est
691 4267 726 4328 in
750 4266 863 4327 armis.
889 4263 1033 4327 Avitum
1058 4265 1153 4346 regni
1177 4274 1322 4326 stemma
1345 4262 1497 4344 praefert
1513 4262 1584 4325 Leo
1599 4264 1761 4325 surrectis
1777 4262 1811 4324 in
1827 4262 1876 4323 al·

539 4390 610 4442 tum
636 4381 802 4454 manibuS,
826 4381 944 4442 addito
968 4381 1099 4462 elogio:
1132 4379 1222 4442 ital
1243 4379 1309 4441 Leo
1331 4380 1371 4441 de
1394 4379 1602 4442 tribulacio.
1624 4380 1737 4459 Prope
1753 4379 1878 4439 Auxu-

541 4516 631 4558 mam
656 4498 778 4558 visitur
801 4495 975 4577 oppidum,
993 4494 1045 4557 eui
1067 4515 1188 4557 nomen
1208 4494 1332 4577 Adega
1348 4495 1473 4567 David,
1492 4497 1527 4558 id
1543 4506 1595 4558 est
1611 4497 1733 4558 domus
1749 4494 1875 4564 David,

538 4622 573 4674 et
596 4611 739 4674 alterum
763 4610 882 4673 Azebo
905 4612 1008 4691 (quod
1033 4610 1161 4672 Austro
1185 4630 1308 4672 nomen
1332 4621 1383 4673 est
1407 4614 1495 4673 inter
1518 4610 1667 4693 Arabes)
1695 4614 1729 4673 in
1753 4610 1877 4672 Austri

539 4726 700 4807 Reginae
713 4726 910 4787 memoriam
929 4727 972 4788 ab
987 4726 1132 4787 heroicis
1148 4727 1357 4806 temporibus
1373 4736 1531 4788 erectum.
1549 4724 1639 4805 Quin
1656 4735 1690 4787 et
1706 4736 1877 4797 cantores,

629 4940 666 5004 (1)
686 4938 837 4995 Pineda,
857 4939 901 4989 lib.
922 4951 946 5003 5,
966 4955 1022 5003 cap.
1045 4952 1084 5002 14,
1104 4950 1164 4991 sect.
1186 4951 1209 5004 5,
1229 4956 1253 4990 u.
1269 4951 1317 4997 20;
1337 4938 1409 4995 ibid,
1424 4955 1448 4990 n.
1463 4951 1505 5003 25.
1527 4967 1558 4975 -
1579 4937 1619 5003 (2)
1637 4939 1766 4995 Tacit,
1786 4938 1829 4988 lib.
1847 4952 1878 5002 5,

540 5028 644 5078 Histor.
664 5054 697 5065 —
716 5028 757 5093 (3)
775 5029 886 5085 Marta,
899 5040 921 5085 2,
935 5044 959 5079 n.
974 5040 995 5079 1.
1019 5056 1046 5066 -·
1068 5027 1105 5094 (4)
1125 5030 1235 5084 Marti,
1259 5040 1297 5085 12,
1317 5043 1341 5079 n.
1356 5040 1398 5089 42.
1413 5056 1445 5063 -
1459 5028 1497 5091 (5)
1512 5028 1613 5083 Ierem,
1628 5025 1651 5084 6,
1666 5043 1690 5079 n.
1707 5039 1754 5084 20;
1777 5028 1830 5081 Iob,
1847 5038 1877 5087 3,

540 5133 564 5167 n.
585 5117 608 5168 8.
629 5144 663 5153 -
681 5116 719 5177 (b)
739 5119 812 5175 lsai„
834 5114 873 5173 18,
883 5132 908 5168 n.
921 5130 943 5175 2,
956 5128 978 5177 7.
1001 5146 1029 5154 —
1052 5116 1090 5183 (7)
1108 5119 1174 5173 Act„
1195 5116 1217 5172 8,
1233 5127 1273 5176 27.
1289 5116 1374 5183 -(8)
1393 5116 1497 5173 Plin,
1512 5116 1556 5167 lib.
1572 5114 1595 5173 6,
1615 5133 1636 5168 c.
1658 5129 1706 5177 29;
1726 5117 1876 5171 Strabo,

540 5208 585 5257 lib.
609 5217 638 5266 17
658 5222 744 5269 geogr.
766 5236 796 5244 -
818 5207 855 5269 (9)
875 5207 1026 5263 Pineda,
1047 5208 1070 5258 d.
1090 5217 1159 5261 sect„
1181 5216 1203 5267 5,
1224 5222 1247 5257 n.
1270 5218 1310 5270 23.
