4066 6184
591 602 707 652 uranu
731 603 770 662 11,
796 602 920 651 capua
944 601 1029 652 x111.
1415 603 1477 667 ²46

143 772 203 815 nec
227 753 264 814 in
287 771 408 816 omnes
431 753 492 815 sed
514 761 646 815 tautum
670 754 704 814 in
729 770 798 823 eos,
825 752 884 834 qui
915 750 1155 816 Rabbinorum
1186 769 1295 835 nugas
1325 761 1360 814 et
1390 752 1481 815 blas-

142 868 300 948 phemias
325 866 548 940 continerent,
572 864 770 949 Scripturas
792 862 919 929 Sacrae
942 866 1117 930 codicibus
1139 866 1272 929 illibate
1288 866 1479 930 reservatis.

142 982 237 1066 Quos
262 983 330 1067 ipsi
353 984 485 1068 gratiae
508 984 759 1066 apponendum,
783 983 874 1063 quod
901 984 936 1045 in
967 982 1191 1063 Aethiopiam
1219 982 1481 1046 christianorum

142 1103 343 1164 scriniarius
366 1101 546 1173 intulisset,
570 1109 607 1161 ut
629 1120 675 1162 ex
698 1118 814 1162 corum
839 1108 873 1162 et
895 1097 1132 1163 Romanorum
1167 1099 1351 1162 collatione
1378 1120 1481 1181 appa·
1570 1108 1579 1122 ⁰

143 1226 242 1289 reret,
276 1217 404 1280 latinos
434 1216 571 1279 codices
602 1216 647 1278 ab
676 1215 846 1278 hebraicis
870 1212 1022 1278 fontibus
1045 1235 1111 1277 non
1136 1216 1302 1279 dissidere
1325 1225 1358 1278 ot
1386 1215 1481 1278 Rab-

142 1333 314 1405 binorum,
338 1342 441 1414 atque
464 1333 551 1395 adeo
574 1333 681 1415 ipsius
704 1330 900 1395 Salomonis
923 1341 1132 1414 nugamenta
1155 1332 1199 1395 ad
1214 1333 1408 1414 primitivae
1424 1352 1481 1394 ve·

142 1451 254 1512 ritatis
280 1449 391 1512 lucem
416 1451 613 1512 examinata
647 1449 939 1531 dignoscerentur,
961 1457 998 1510 ut
1022 1448 1179 1531 dignosci
1209 1457 1377 1530 poterant,
1395 1467 1482 1528 quae

143 1565 215 1646 ipse
250 1565 499 1628 nudiustertius
533 1561 666 1627 fuderat
694 1564 736 1627 de
767 1564 905 1627 Psalmo
936 1565 1123 1627 centesimo
1154 1583 1254 1637 nono,
1278 1583 1346 1626 non
1371 1583 1392 1624 a
1414 1562 1483 1626 Da-

142 1682 221 1743 vide
246 1681 310 1744 sed
332 1700 352 1743 a
376 1679 633 1743 Melchisedech
656 1682 690 1742 in
714 1679 907 1742 Abrahami
931 1680 1067 1743 laudem
1090 1681 1292 1762 composito,
1316 1698 1392 1743 cum
1415 1681 1483 1742 duo

143 1798 190 1860 ibi
215 1797 378 1861 Psalterii
405 1797 619 1879 exemplaria
649 1795 801 1869 haberet,
833 1797 868 1859 in
898 1796 1021 1878 quibus
1051 1795 1104 1858 illi
1135 1796 1274 1860 Psalmo
1304 1797 1333 1858 is
1363 1796 1483 1859 titulus

142 1911 338 1994 praefixus:
363 1913 411 1976 Le
433 1912 554 1976 Dauid
569 1911 717 1984 maineor,
733 1911 892 1974 Psalmus
916 1910 1062 1974 Davidis
1076 1931 1136 1974 seu
1152 1912 1291 1984 Davidi,
1308 1931 1396 1993 quae
1412 1932 1483 1974 om-

142 2032 200 2092 nia
235 2031 432 2093 minutatim
468 2030 668 2111 explicavit,
694 2029 784 2092 lecto
806 2028 964 2091 hebraice
989 2027 1137 2101 Psalm0‚
1161 2038 1195 2091 et
1226 2031 1260 2090 in
1289 2027 1484 2101 lusitanum,

143 2155 177 2207 et
200 2166 287 2208 mox
310 2148 344 2208 in
369 2146 597 2227 aethiopicum
626 2146 799 2218 idiomata,
824 2164 1000 2208 converso.
1031 2143 1116 2208 Cum
1140 2164 1223 2208 vero
1242 2145 1284 2207 ad
1309 2164 1386 2207 eum
1410 2164 1485 2207 ver-

144 2262 293 2325 siculum
317 2264 548 2344 pervenisset:
572 2260 616 2325 In
640 2258 870 2346 splendoribus
891 2261 1095 2324 Sanctorum
1118 2281 1162 2324 ex
1184 2265 1279 2324 utero
1302 2266 1381 2323 ante
1402 2260 1485 2324 luci·

136 2376 264 2464 serum
291 2379 401 2464 genui
421 2382 452 2441 le
467 2379 511 2460 (1)
543 2379 698 2451 subiecit,
731 2398 771 2441 ea
801 2378 908 2440 verba
931 2379 1155 2441 communiori
1180 2379 1399 2459 interpretum
1424 2396 1486 2439 ex-

143 2495 319 2575 positione
342 2496 385 2557 ad
409 2503 582 2558 aeternam
606 2493 755 2557 Messian
778 2495 990 2557 nativitatem
1015 2494 1141 2556 mundo
1172 2495 1363 2576 etangelis
1393 2504 1486 2556 ante·

144 2611 271 2673 riorum
295 2607 426 2681 referri,
451 2630 536 2692 quos
559 2611 654 2674 Deus
677 2611 862 2674 insinuavit
885 2630 962 2673 cum
985 2610 1071 2673 Iobo
1099 2612 1205 2674 dixit:
1234 2610 1398 2686 Ubr‘eras,
1413 2631 1487 2674 cnm

145 2746 197 2789 me
226 2723 414 2790 laudarent
435 2725 545 2790 simul
565 2732 660 2791 astra
675 2726 850 2790 malulr'na
866 2730 900 2790 el
914 2726 1100 2791 ambularent
1111 2724 1421 2811 amnesfilir'Der'?
1431 2727 1486 2813 (2)ο

144 2841 254 2905 Posse
277 2841 412 2905 ta*men
436 2844 620 2905 admodum
644 2862 792 2926 congrue
815 2844 969 2924 adaptari
996 2845 1213 2907 beatissimae
1240 2843 1306 2906 Dei
1329 2839 1486 2927 genitrici

144 2956 282 3022 Mariae
306 2968 505 3041 perpetuum
530 2961 688 3042 virgineo
710 2960 841 3042 pudore
864 2960 1000 3023 rubenti
1034 2969 1068 3022 et
1103 2969 1276 3023 aeternum
1304 2959 1389 3022 illud
1421 2958 1487 3024 Dei

146 3071 257 3137 filium
281 3075 401 3138 eadem
425 3078 622 3159 integritate
645 3077 800 3158 parienti,
827 3096 894 3157 qua
926 3095 1047 3139 aurora
1077 3077 1186 3139 solem
1216 3076 1406 3157 impollutis
1435 3077 1484 3138 vi·

146 3191 304 3253 sceribus
325 3189 482 3254 effundit.
515 3253 520 3263 ,

239 3328 270 3385 4.
294 3305 366 3370 Hic
389 3307 477 3370 Tino
499 3319 645 3381 senator,
669 3310 909 3392 integerrimus
940 3329 1107 3372 noxarum
1135 3311 1170 3372 in
1201 3309 1404 3372 catholicam
1435 3328 1485 3373 re·
1548 3313 1639 3396 negat
1656 3311 1777 3362 ludaeos
1797 3311 1832 3359 ue

146 3424 315 3506 ligionem
351 3424 494 3497 delator,
527 3424 623 3496 illud,
654 3426 774 3505 inquit,
810 3426 1075 3488 obstinatissime
1098 3422 1272 3498 Salomon,
1307 3423 1483 3488 inficiatur.
1512 3382 1833 3506 {Jffiffimflllffi

146 3537 300 3621 Saepius
322 3541 413 3602 enim
436 3540 614 3603 docentem
639 3541 765 3613 audivi,
790 3540 938 3604 Messiae
962 3551 1105 3605 matrem
1132 3541 1396 3623 haudquaquam
1418 3542 1486 3604 vir·
1513 3527 1595 3589 ”¹¹⁸⁰
1616 3524 1795 3589 ⁰⁰⁰⁶¹P¹⁸“·

146 3657 266 3738 ginom
289 3651 449 3728 futuram,
477 3677 540 3719 nec
570 3657 612 3720 de
643 3676 684 3719 ea
714 3656 975 3740 intelligendum
1006 3658 1092 3720 illud
1122 3657 1250 3721 Isaiae:
1281 3657 1363 3721 Ecce
1392 3657 1487 3744 m'rgo

146 3770 314 3855 cencr'ffiel
335 3775 370 3834 el
386 3771 504 3856 parret
515 3772 639 3857 fillum
655 3771 710 3856 (3).
734 3773 824 3836 Eum
847 3773 1044 3837 Patriarcha
1067 3775 1203 3857 rogavit
1226 3794 1269 3837 an
1293 3793 1375 3836 vera
1397 3782 1487 3836 esset

147 3889 345 3950 criminatio
353 3909 360 3959 ;
386 3887 446 3951 ille
469 3886 633 3971 perfricta
656 3887 768 3952 fronte
792 3888 983 3954 affirmavit.
1007 3890 1103 3952 Tunc
1126 3891 1237 3952 visum
1261 3899 1312 3952 est
1340 3888 1486 3951 Patriar-

148 4004 236 4066 chae
260 4002 306 4065 ob
330 4001 563 4084 blasphemiae
586 4005 798 4067 atrocitatem
830 4015 864 4068 et
894 4006 1102 4068 audientium
1134 4005 1394 4075 multitudinem,
1425 4023 1486 4085 pu-

147 4120 309 4182 rissimae
332 4116 489 4201 Virginis
513 4138 652 4184 causam
675 4123 772 4193 tueri,
797 4132 830 4183 et
853 4121 990 4203 publice
1014 4121 1221 4202 inpurissimi
1251 4119 1399 4181 hominis
1429 4139 1486 4181 au-

148 4236 303 4298 dentiam
328 4235 545 4297 contundere.
570 4234 668 4299 Haec
692 4247 817 4309 tamen,
841 4239 898 4308 ait,
923 4256 991 4299 non
1018 4237 1063 4299 ad
1085 4256 1148 4300 vos
1171 4256 1191 4298 o
1215 4236 1402 4307 christiani,
1425 4237 1486 4297 sed

148 4351 194 4413 ad
219 4348 443 4413 Salomonem
468 4359 503 4413 et
525 4361 681 4415 coeteros
706 4354 813 4433 ipsius
836 4353 988 4415 tribules
1012 4350 1123 4416 Vobis
1145 4353 1235 4414 enim
1255 4371 1341 4413 unus
1356 4351 1411 4413 hic
1435 4360 1488 4413 est

149 4486 195 4528 ex
220 4467 411 4549 potissimis
434 4464 514 4530 fidei
543 4467 698 4530 articulis
728 4489 748 4531 a
776 4467 951 4531 Matthaeo
978 4478 1012 4531 et
1038 4467 1132 4531 Luca
1159 4471 1192 4530 in
1220 4487 1357 4530 suorum
1385 4486 1487 4529 evan·

149 4582 322 4666 geliorum
346 4579 741 4668 limienf'promulgatus:
759 4584 834 4647 Hoc
848 4589 961 4648 aulam
978 4589 1083 4647 lotum
1092 4582 1233 4671 saelum
1245 4588 1304 4654 est,
1322 4584 1486 4665 inquiunt,

149 4702 192 4761 ul
212 4697 461 4783 adimpleretur
482 4698 572 4784 quod
590 4700 717 4764 dullum
740 4703 792 4763 esl
812 4720 833 4762 a
848 4699 997 4763 Domino
1008 4706 1073 4785 per
1088 4698 1293 4777 Prophetam
1309 4699 1488 4762 dr‘eenlem:

150 4814 233 4879 Ecce
255 4814 353 4901 virgo
375 4814 413 4877 in
436 4820 531 4879 utero
554 4813 692 4891 habebit,
714 4821 748 4879 el
765 4816 883 4901 pariet
895 4816 1019 4899 filium
1042 4821 1075 4880 el
1096 4815 1257 4879 vocabunt
1278 4835 1397 4878 noman
1417 4813 1491 4877 eius

150 4928 361 4992 Emmanuel
374 4930 428 5010 (4).
453 4929 547 4993 Idest
570 4934 670 5013 virgo
686 4932 750 4994 erit
770 4933 804 4994 in
821 4941 998 5016 conceptu,
1016 4935 1115 5016 virgo
1132 4935 1166 4994 in
1186 4941 1295 5015 partu.
1313 4930 1489 4994 Salomoni

241 5089 280 5157 (1)
301 5091 400 5142 Psalm.
423 5101 480 5152 109,
500 5107 525 5143 u.
546 5101 572 5152 3.
591 5120 626 5130 -
647 5095 683 5155 (ι)
706 5092 766 5149 loa,
787 5093 829 5154 38,
842 5110 867 5147 u,
882 5100 905 5152 7.
919 5122 953 5132 -
967 5090 1009 5157 (3)
1023 5093 1096 5149 lsai„
1111 5101 1134 5151 7,
1147 5108 1172 5143 n.
1189 5104 1228 5155 14.
1242 5119 1275 5129 -
1289 5090 1328 5155 (4)
1341 5092 1452 5149 Marta,
1468 5102 1490 5147 1,

152 5197 177 5232 n.
199 5191 248 5243 233
270 5181 343 5236 Luc..
366 5191 387 5236 1,
406 5196 431 5232 u.
451 5191 492 5242 31.
