4066 6174
654 2188 842 2266 CAPUT
871 2191 999 2268 XXX.

157 2480 363 2558 Ultimum
400 2480 663 2577 imperatoris
699 2482 842 2558 Seltan
878 2481 1054 2578 Seguedi
1092 2491 1237 2557 contra
1273 2491 1494 2578 tyrannum

248 2624 291 2690 et
318 2613 550 2691 rusticanos
573 2618 799 2692 Lastenses
817 2616 1019 2711 proelium
1037 2626 1079 2692 et
1096 2615 1299 2691 mirabilis
1317 2615 1494 2692 victoria

247 2747 328 2843 ipsi
357 2770 382 2822 a
410 2750 501 2824 Deo
530 2772 741 2827 concessa.

251 3114 280 3158 1.
304 3093 388 3156 Post
410 3095 639 3158 inconsultam
663 3095 760 3158 illam
783 3095 1006 3178 Imperatoris
1031 3098 1066 3158 in
1095 3105 1195 3179 terga
1224 3098 1492 3168 conversionem,
1556 3096 1711 3147 Pessimum
1741 3111 1841 3148 venua

155 3210 262 3273 aliam
297 3209 406 3272 multo
438 3209 642 3273 deteriorem
673 3221 708 3274 et
737 3211 898 3292 turpioris
929 3220 1038 3274 metus
1069 3210 1215 3274 indicem
1247 3211 1493 3294 digressionem
1520 3166 1842 3302 ffiffifflgffit

155 3322 239 3387 fecit
263 3327 299 3387 in
323 3326 484 3389 dextrum
508 3326 598 3389 latus
624 3346 744 3390 versus
775 3324 967 3408 Gojamam,
998 3326 1218 3390 Patriarchae
1248 3328 1361 3398 domo,
1392 3347 1493 3409 quam

154 3440 407 3503 occidentalem
430 3441 590 3516 habebat,
614 3443 659 3505 ad
680 3444 946 3525 septentrionem
970 3443 1101 3514 relicta,
1124 3463 1193 3524 qua
1219 3442 1356 3526 tyranni
1379 3452 1413 3506 et
1440 3461 1494 3505 ru·

154 3557 366 3620 sticanorum
390 3559 523 3620 animos
546 3558 729 3639 plurimum
754 3560 874 3621 erexit.
889 3558 1005 3621 Missis
1027 3559 1119 3620 enim
1135 3558 1294 3621 Bellezae
1311 3559 1493 3627 montibus.

155 3673 200 3733 ad
223 3668 396 3745 inferiora,
420 3692 509 3755 quae
533 3674 607 3755 ipse
630 3693 692 3737 sua
714 3675 909 3755 praesentia
931 3674 1099 3745 tuebatur,
1120 3674 1374 3745 descendentes,
1401 3683 1494 3736 recto

156 3806 220 3850 nec
243 3787 313 3849 iam
337 3787 490 3851 saltuoso
514 3787 678 3852 Dancazii
693 3791 825 3863 itinere,
841 3791 1094 3873 gradiebantur.
1111 3787 1188 3871 Quo
1203 3790 1232 3852 si
1248 3790 1356 3853 semel
1371 3789 1493 3870 pedem

155 3900 335 3975 inferrent,
358 3905 463 3967 totius
486 3926 572 3987 pene
604 3906 738 3988 imperii
768 3906 1003 3987 potiebantur;
1035 3914 1069 3968 et
1102 3904 1169 3968 iam
1199 3906 1242 3967 iis
1273 3924 1393 3967 omnes
1422 3901 1494 3967 fere

154 4019 369 4092 contermini,
402 4039 464 4082 nec
494 4022 676 4091 tenuiores,
708 4021 769 4083 sed
793 4021 1003 4101 potentiores
1026 4029 1061 4082 et
1083 4020 1279 4092 validiores,
1307 4020 1341 4083 in
1371 4021 1495 4101 quibus

155 4134 245 4197 duae
269 4134 419 4198 militum
443 4137 574 4210 domus,
599 4137 852 4200 adhaerebant:
876 4135 1066 4211 Motorum,
1080 4139 1139 4219 qui
1156 4136 1307 4218 Principi
1323 4145 1421 4198 erant
1436 4136 1494 4198 ad-

154 4250 287 4331 scripti,
311 4262 346 4314 et
369 4252 558 4335 sagittandi
582 4261 654 4315 arte
670 4251 966 4334 praestantissimi,
982 4262 1016 4314 et
1033 4250 1237 4336 caraque,
1254 4253 1289 4313 id
1312 4259 1363 4313 est
1383 4252 1492 4324 lunae,

153 4364 213 4446 qui
237 4375 336 4428 erant
358 4364 572 4448 Imperatori,
598 4368 797 4449 clypeorum
821 4368 968 4430 candore
991 4367 1107 4430 lunam
1132 4368 1300 4439 imitante;
1327 4367 1389 4429 sed
1405 4386 1494 4430 nunc

156 4480 272 4543 verius
295 4481 340 4543 ab
363 4481 456 4543 illius
478 4491 513 4544 et
537 4501 598 4545 sua
621 4480 838 4545 volubilitate
861 4483 911 4544 sic
934 4483 1109 4545 nominati.

248 4616 278 4659 2.
303 4594 407 4658 Multi
431 4616 475 4657 ex
496 4598 723 4679 imperatoriis
738 4598 859 4660 castris
872 4597 992 4660 horum
1008 4597 1165 4680 vestigiis
1180 4597 1382 4669 institerunt,
1405 4618 1492 4679 quos
1555 4611 1673 4663 senator
1702 4612 1841 4664 &butia-

154 4710 247 4772 inter
270 4718 389 4773 notatu
413 4710 551 4794 dignior
573 4721 710 4774 senator
732 4711 933 4774 honorarius
967 4709 1199 4785 Sebastianus,
1226 4714 1316 4776 idem
1343 4715 1435 4777 velle
1458 4725 1492 4779 et
1518 4693 1619 4815 {2⁸²¹
1637 4681 1687 4732 ⁸¹¹¹
1715 4686 1841 4736 ‘mm'

153 4826 247 4888 idem
273 4825 366 4888 nolle
389 4845 466 4888 cum
491 4825 605 4889 Melea
627 4825 790 4899 Christds,
814 4837 848 4890 et
871 4828 1022 4890 omnium
1043 4829 1148 4909 ipsius
1171 4848 1380 4901 arcanorum,
1404 4830 1492 4894 sicut

153 4952 189 5004 et
213 4941 271 5004 hic
295 4942 476 5025 regiorum,
508 4944 678 5015 conscius3
703 4943 761 5024 qui
784 4942 878 5024 prius
909 4962 985 5005 cum
1016 4951 1162 5024 tyranno
1192 4945 1258 5007 sibi
1288 4945 1492 5027 cognomine

148 5067 278 5140 pactus
301 5053 423 5129 fuerat,
447 5076 484 5121 se
507 5059 552 5120 ad
582 5078 668 5130 eum,
692 5077 759 5139 qua
782 5059 862 5120 data
892 5060 1079 5131 occasione,
1112 5060 1341 5141 migraturum,
1369 5070 1405 5123 et
1426 5059 1492 5123 hoc

153 5175 292 5236 animae
316 5172 494 5235 dimidium
520 5193 601 5236 suae
624 5184 658 5237 et
682 5193 759 5235 cum
783 5193 823 5235 eo
847 5192 1007 5257 generum
1032 5184 1205 5256 tamquam
1230 5176 1432 5256 prodromos
1458 5188 1493 5240 et
