4166 6182
523 594 615 642 LVIII

555 742 627 790 iubet
644 740 827 803 gubernatores
845 737 996 787 Lusitaniae
1014 737 1162 786 satisfacere

556 837 725 904 petitionibus
734 834 897 900 patriarchae
910 834 1028 892 Mendes,
1040 845 1124 883 itt-itti
1137 841 1164 883 et

555 944 629 987 nott
643 962 656 973 ·
668 933 881 997 eiusepistolaad
890 930 1161 988 Patriarcham,xt.1v.

520 1033 721 1097 Propagandae
757 1031 836 1081 Fidei
870 1029 1059 1093 Congregatio
1090 1029 1161 1079 iubet

555 1131 688 1193 liturgiam
706 1129 821 1193 ritusque
840 1127 1001 1193 aethiopicos
1019 1143 1034 1175 a
1059 1126 1161 1176 missio·

556 1228 636 1277 uariis
667 1227 770 1285 servari,
799 1238 837 1275 xv
870 1253 883 1264 ·
916 1225 1065 1291 impellente
1092 1225 1161 1287 Zuga

555 1324 681 1382 Christos,
701 1325 850 1373 missionem
878 1322 1053 1387 aethiopicam
1074 1321 1161 1370 Mino-

556 1424 626 1472 ribus
650 1422 813 1471 Reformatis
836 1421 1116 1478 attribuit,xvl1,xxr
1136 1426 1162 1467 et

555 1529 608 1569 not.
631 1531 641 1567 r
663 1546 680 1556 -
699 1533 807 1582 eamque
825 1517 967 1576 confirmat,
986 1528 1062 1581 ων,
1080 1524 1159 1567 nota

556 1645 570 1655 -
589 1617 743 1666 sententiam
755 1616 803 1665 lert
814 1615 1089 1665 excommunicationis
1100 1629 1161 1662 con·

556 1726 595 1764 tra
614 1714 791 1778 impedientes,
809 1724 886 1771 mir,
905 1721 957 1764 aot.
978 1722 993 1774 3
1014 1739 1027 1750 ·
1041 1712 1092 1761 sihi
1105 1727 1161 1776 per-

555 1812 646 1862 suadet
664 1827 695 1860 ex
714 1811 883 1861 relationibus
901 1810 958 1860 Goa
976 1810 1089 1874 acceptis
1104 1824 1160 1872 per-

554 1911 712 1961 secutionem
732 1911 759 1959 in
777 1909 921 1974 Aethiopia
940 1916 1029 1958 contra
1041 1907 1160 1970 Iesuitas,

555 2024 607 2058 non
624 2016 714 2057 contra
732 2005 876 2057 catholicos
894 2013 991 2055 motam
1003 2004 1091 2061 luisse,
1104 2013 1161 2051 xxv

554 2114 581 2155 et
599 2116 652 2155 not.
672 2115 687 2166 3
706 2132 720 2142 -
740 2105 815 2169 plura
834 2104 926 2153 statuit
944 2119 960 2151 a
972 2103 1045 2152 novis
1058 2101 1161 2151 missio·

554 2204 636 2253 uariis
653 2203 821 2266 observanda,
840 2213 907 2250 xxvi
926 2213 952 2251 et
970 2210 1024 2250 not.
1038 2212 1080 2248 2-
1093 2201 1162 2249 Pon-

555 2302 650 2353 tilicem
668 2312 753 2352 movet
772 2302 805 2351 ad
826 2302 925 2351 dandas
952 2301 1051 2350 litteras
1078 2301 1160 2364 impe·

553 2402 634 2450 ratori
652 2400 796 2465 Fasiladis,
815 2400 927 2449 Abunae
945 2408 971 2448 et
983 2397 1093 2461 leceghe
1106 2413 1160 2446 mo-

554 2499 704 2557 nachorum,
731 2510 799 2547 xxvr
827 2505 853 2546 et
880 2505 933 2549 not.
962 2506 977 2558 3
1002 2523 1015 2534 ·
1043 2511 1075 2544 eo
1103 2496 1161 2560 ipso

555 2605 669 2661 tempore
696 2611 748 2660 quo
776 2594 913 2643 Fasiladas
940 2594 1032 2642 iratres
1057 2594 1160 2644 Mida

552 2695 645 2743 Tuscis
663 2694 811 2742 obtruncari
830 2692 973 2755 satagebat,
987 2702 1067 2739 xxvii
1080 2716 1095 2729 -
1108 2699 1160 2739 sta·

553 2794 603 2844 tuit
623 2794 649 2841 in
667 2792 757 2841 eadem
777 2791 899 2841 missione
917 2789 1052 2852 religiosos
1076 2788 1161 2838 diver·

552 2905 638 2939 sorum
651 2887 779 2938 Ordinum
797 2886 908 2936 residere
926 2895 1051 2950 oportere,
1069 2896 1160 2933 mm

554 2996 580 3036 et
607 2994 660 3035 not.
681 2998 695 3034 2
726 3012 740 3023 -
768 2984 925 3035 contrarium
953 2983 1075 3032 statuitur
1102 2990 1161 3045 post

553 3086 642 3134 decem
661 3093 686 3133 et
705 3091 764 3133 octo
789 3097 878 3143 annos,
902 3092 971 3130 xxix
992 3089 1017 3129 et
1036 3090 1088 3131 not.
1111 3091 1120 3126 t
1144 3105 1159 3117 -

553 3191 581 3233 ut
599 3198 673 3231 veros
692 3181 790 3231 Christi
810 3189 934 3244 martyres
959 3178 1036 3227 habet
1055 3177 1161 3243 Apolli-

553 3296 642 3330 narem
660 3278 813 3329 d'Almeida
840 3278 958 3340 aliosque
985 3291 1029 3325 sex
1050 3275 1161 3324 Iesuitas

554 3395 570 3428 a
589 3377 728 3427 Fasiladis
754 3377 928 3433 obtruncatos,
953 3385 1018 3433 m,
1036 3382 1089 3425 not.
1109 3386 1125 3435 4
1145 3399 1159 3410 -

553 3477 629 3541 eligit
646 3474 810 3525 Matthaeum
830 3490 846 3523 a
864 3473 956 3523 Castro
981 3473 1008 3520 in
1034 3471 1160 3520 vicariurn

553 3583 638 3641 apost.
656 3572 826 3638 Aethiopiae,
844 3582 910 3619 xm
930 3577 955 3618 et
974 3578 1050 3620 noti
1074 3583 1160 3618 -eum

553 3680 665 3731 revocat,
683 3682 762 3720 mn
781 3677 808 3719 et
826 3678 879 3719 not.
903 3680 911 3716 1
930 3682 1017 3716 -eum
1030 3668 1057 3715 in
1069 3666 1160 3715 Indias

553 3769 643 3827 mittit,
660 3778 752 3817 mm
767 3794 780 3805 -
791 3766 928 3830 pecuniam
940 3766 965 3812 ei
978 3763 1040 3813 dare
1052 3771 1160 3821 recusat,

553 3874 690 3916 mmet
712 3873 765 3915 not.
795 3875 808 3910 2
840 3889 853 3901 ·
882 3861 1028 3910 Massiliam
1056 3860 1160 3925 petendi

554 3963 599 4011 dat
617 3962 728 4018 veniam,
756 3970 846 4008 mm
875 3967 901 4006 et
928 3964 981 4006 not.
1002 3967 1016 4018 3
1037 3982 1053 3995 ·
1072 3955 1161 4004 laudat

554 4074 620 4124 opus
638 4056 807 4108 Putriarchse
828 4073 840 4103 u
852 4057 908 4103 Lux
927 4054 1031 4103 Fidei»
1051 4064 1076 4101 et
1094 4054 1161 4102 eius·

554 4158 614 4207 dem
623 4157 757 4221 synopsim
769 4152 919 4204 concinnari
932 4152 1061 4217 proponit,
1073 4161 1159 4199 xxxiv

554 4264 580 4305 et
599 4262 651 4304 not.
672 4264 687 4315 3
708 4252 860 4302 -concedit
884 4249 1051 4299 Patriarchae
1076 4249 1160 4297 subsi-

555 4354 627 4401 dium
645 4351 770 4415 peruuiae
788 4365 835 4414 pro
853 4348 977 4396 missione
1004 4345 1159 4411 aethiopica,

554 4449 601 4498 sed
619 4447 804 4504 conditionate,
829 4456 903 4493 mv
922 4451 948 4492 et
965 4453 1018 4493 not.
1038 4454 1052 4490 2
1074 4468 1089 4480 -
1108 4452 1160 4491 sta-

554 4547 605 4597 tuit
622 4546 709 4595 sedent
727 4543 859 4592 missionis
879 4540 1040 4605 aethiopicae
1059 4541 1085 4588 in
1098 4541 1159 4589 urbe

554 4645 634 4707 Cairi,
652 4653 759 4700 mvn,
777 4650 831 4691 not.
853 4652 875 4691 1.

823 4867 853 4924 R

972 589 1095 639 INDEX
1118 587 1406 638 ALPHABETICUS

1251 734 1377 799 Philippo
1396 734 1437 783 IV
1449 735 1587 798 episcopus
1598 731 1736 781 coadiutor
1746 730 1863 779 Patriar·

1253 831 1325 889 chae,
1343 844 1373 881 vr
1393 860 1407 871 ·
1436 847 1487 881 non
1515 832 1611 896 accipit
1637 828 1861 880 confirmationem

1252 929 1396 988 Pontificis,
1413 940 1445 978 vl
1464 955 1479 967 -
1499 928 1560 978 inde
1578 928 1716 992 episcopus
1729 941 1789 975 cum
1802 924 1862 974 aliis

1250 1043 1302 1077 non
1321 1029 1497 1091 inauguratur,
1516 1036 1546 1073 vr
1567 1052 1582 1063 -
1595 1025 1710 1074 rationes
1722 1022 1801 1072 hulns
1814 1023 1863 1071 im-

1249 1124 1401 1190 pedimenti,
1429 1135 1480 1182 vn,
1507 1133 1562 1175 not.
1593 1135 1616 1180 r,
1647 1135 1660 1170 2
1682 1148 1698 1161 ·
1718 1122 1746 1170 in
1771 1119 1862 1170 Indias

1249 1221 1335 1280 solvit,
1353 1234 1396 1271 vrr
1409 1249 1427 1260 -
1439 1223 1541 1271 iubetur
1556 1222 1583 1270 in
1596 1219 1770 1285 Aethiopiam
1781 1228 1863 1268 trans-

1250 1321 1352 1369 mittere
1388 1329 1417 1368 ut
1443 1320 1553 1384 simplex
1586 1318 1736 1382 religiosus,
1768 1327 1810 1365 vu
1837 1326 1863 1366 et

1250 1424 1304 1470 not.
1324 1430 1338 1465 2
1357 1444 1376 1456 -
1394 1418 1421 1466 in
1439 1417 1566 1467 Salsetem
1594 1414 1716 1465 concedit
1743 1431 1775 1465 ac
1802 1414 1862 1464 dein

1250 1518 1394 1567 Mascatem
1412 1516 1523 1579 aufugit,
1541 1526 1584 1563 vri
1602 1523 1629 1563 et
1647 1522 1702 1565 not.
1723 1525 1738 1561 2
1759 1539 1775 1551 -
1789 1512 1863 1562 solli·

1249 1614 1418 1664 citationibus
1437 1614 1579 1662 amicorum
1602 1610 1829 1661 confirmationem
1847 1626 1863 1658 a

1249 1711 1376 1762 Pontifice
1394 1712 1495 1761 obtinet
1516 1720 1542 1760 et
1570 1709 1790 1775 Hierapolitauus
1808 1709 1863 1774 cpi-

1249 1826 1342 1876 scopus
1361 1812 1540 1874 inauguratur,
1552 1819 1608 1857 vrrr
1621 1834 1637 1847 ·
1651 1815 1754 1857 recusat
1770 1807 1799 1856 in
1812 1809 1865 1856 Ae·

1250 1908 1377 1974 thiopiam
1407 1906 1544 1972 proficisci,
1572 1917 1627 1956 vm
1657 1932 1676 1944 -
1703 1905 1812 1969 eligitur
1838 1905 1865 1954 in

1248 2008 1425 2072 praepositum
1444 2005 1556 2071 capituli
1575 2003 1736 2054 cathedralis
1754 2003 1866 2053 Goensis

1249 2106 1319 2154 etin
1338 2103 1517 2154 consiliarium
1540 2102 1672 2165 Protegia,
1694 2112 1750 2151 vm
1771 2128 1786 2140 -
1806 2102 1865 2151 lites

1249 2202 1328 2253 habet
1346 2218 1404 2251 cum
1423 2201 1549 2267 capitulo,
1568 2212 1599 2249 11
1613 2228 1627 2239 ·
1642 2200 1754 2250 moritur
1771 2212 1806 2249 2ο
1818 2200 1863 2251 lul.

1252 2299 1327 2362 1639,
1346 2310 1402 2348 vrri
1421 2326 1435 2337 ·
1455 2300 1512 2348 eius
1531 2298 1663 2362 ingenium
1682 2306 1709 2347 et
1727 2298 1864 2347 scientias

1249 2397 1401 2448 Patriurcha
1419 2397 1549 2461 laudatur,
1569 2408 1599 2446 rt
1619 2422 1635 2435 ·
1664 2396 1776 2446 ambitio
1804 2411 1864 2445 vero

1249 2497 1369 2561 carpitur,
1389 2507 1439 2553 vn,
1459 2503 1513 2547 not.
1535 2507 1557 2547 r.

1214 2597 1304 2644 Roma
1323 2594 1365 2659 (a)
1385 2609 1413 2657 p.
1442 2593 1479 2643 ir.
1509 2593 1618 2644 Paulus
1645 2592 1678 2645 Ο.
1698 2593 1770 2642 ΜΜ.
1789 2592 1863 2649 RK,

1248 2707 1315 2741 unus
1333 2707 1347 2741 e
1366 2690 1505 2739 comitibus
1524 2691 1595 2754 Zaga
1614 2688 1743 2745 Christos,
1764 2688 1864 2738 litteras

1249 2790 1295 2839 dat
1312 2789 1431 2839 Venetiis
1451 2789 1478 2837 in
1496 2787 1574 2837 huius
1598 2786 1863 2849 commendationem,

1248 2901 1330 2947 xxm,
1349 2898 1404 2939 not.
1426 2900 1449 2939 r.

1213 2987 1327 3036 Rubino
1345 3001 1373 3049 p.
1394 2985 1537 3036 meoniae
1555 2986 1582 3037 S.
1602 2985 1624 3033 1.
1649 2984 1715 3033 Eius
1747 2983 1864 3032 testimo·

1249 3083 1321 3131 nium
1340 3081 1372 3129 de
1400 3082 1515 3131 relaxata
1542 3080 1686 3146 disciplina
1713 3080 1864 3144 provinciae

1249 3179 1555 3236 GoanaeS.I.,m11,
1574 3186 1628 3230 not.
1649 3190 1663 3225 2
1687 3184 1747 3227 -et
1766 3177 1863 3226 deuon

1248 3278 1324 3327 bonis
1342 3292 1403 3340 erga
1421 3292 1449 3326 se
1467 3275 1635 3326 Patriarchae
1654 3270 1761 3333 officiis,
1779 3280 1864 3323 met

1249 3384 1301 3423 not
1324 3386 1346 3424 1.

1522 3720 1547 3780 S

1213 3968 1358 4024 Sdomom
1381 3964 1499 4028 iudaeus,
1518 3975 1606 4021 xrvrr,
1626 3972 1681 4016 not.
1703 3977 1727 4017 2,

1213 4067 1315 4114 Sancto
1334 4063 1470 4113 Severino
1489 4061 1532 4128 (a)
1552 4077 1580 4126 p.
1598 4062 1635 4111 ir.
1651 4061 1735 4113 Felix
1746 4063 1780 4115 Ο.
1795 4065 1863 4114 ΜΜ.

1248 4162 1322 4221 RR.,
1335 4162 1475 4210 comitatur
1490 4160 1643 4224 episcopum
1662 4159 1863 4226 Chrysopolita·

1249 4274 1309 4307 num
1321 4273 1403 4321 usque
1414 4259 1527 4313 Mocam,
1539 4273 1554 4305 a
1564 4271 1616 4320 quo
1626 4256 1764 4315 deseritur,
1775 4268 1863 4308 mn.

1212 4359 1334 4415 smnus,
1355 4367 1404 4407 arr.

1212 4457 1298 4503 Secco
1317 4468 1345 4516 p.
1367 4452 1490 4503 Didacus
1508 4452 1534 4504 S.
1546 4454 1578 4510 Ι..
1597 4452 1706 4516 eligitur
1724 4455 1864 4519 episcopus

1248 4550 1384 4601 coadiutor
1403 4549 1580 4609 Patriarchae,
1599 4561 1630 4599 vt
1654 4577 1670 4590 ·
1694 4552 1865 4617 inauguratur

1248 4647 1406 4711 Ulyssipone
1427 4658 1458 4695 12
1479 4663 1542 4700 mar.
1564 4645 1642 4709 1623,
1662 4659 1701 4701 vl.

1212 4745 1288 4795 Sella
1307 4745 1445 4803 Christos,
1465 4757 1530 4798 xiv.

1212 4842 1308 4892 Seltan
1327 4820 1429 4904 Sam,
1451 4844 1523 4907 imp,
1542 4844 1610 4907 petit
1629 4860 1645 4892 a
1659 4845 1816 4895 Patriarcha
1829 4846 1866 4893 in·

1247 4940 1431 4989 staurationem
1454 4940 1578 5004 liturgiae
1606 4940 1776 5007 aethiopicae
1804 4943 1867 4993 alia·

518 5049 613 5097 Ranlre
631 5045 805 5107 Leopoldus,
824 5052 870 5105 XV,
889 5049 942 5092 not.
965 5051 985 5089 r.
1247 5053 1354 5101 rumque
1381 5038 1611 5097 consuetudinum,
1630 5052 1682 5089 xlv
1701 5068 1717 5080 -
1738 5041 1812 5092 dolet
1836 5041 1867 5089 de

519 5144 615 5194 Rocha
634 5142 695 5206 (da)
715 5157 743 5204 p.
763 5142 884 5190 loannes
911 5138 936 5188 S.
965 5138 995 5193 I.,
1014 5137 1119 5202 eligitur
1144 5154 1157 5187 a
1247 5152 1299 5186 non
1319 5137 1432 5201 acceptis
1451 5137 1675 5188 commendatitiis
1688 5140 1786 5189 summi
1799 5140 1867 5189 Pon-
