4066 6184
632 566 749 620 mean
772 570 812 630 11,
837 565 962 620 011111
990 566 1072 618 xm.
1456 571 1513 636 ²5¹

182 719 304 789 evasit,
320 719 412 781 hanc
427 718 644 800 prophetiam
660 728 738 781 ante
753 717 966 780 obsidionem
982 716 1214 798 ierosolymae
1230 717 1395 780 aduobus
1410 714 1521 780 Siriae

183 844 217 897 et
240 832 422 898 Samariae
445 834 585 916 regibus
607 833 884 907 circumductam,
901 852 978 896 curn
994 834 1062 896 iam
1085 834 1130 896 ab
1145 834 1229 916 ipsis
1247 834 1523 916 conspirantibus

183 951 382 1031 parabatur,
406 951 450 1012 ab
473 948 563 1013 Isaia
592 948 848 1032 pervulgatam
872 969 949 1012 cum
977 968 1099 1032 nempe
1123 970 1155 1013 n.
1181 971 1216 1012 2:
1240 948 1452 1014 Nuntiatum
1475 952 1526 1013 est

183 1065 303 1130 dornui
323 1065 507 1147 11010011),
532 1067 618 1128 01105
652 1065 732 1128 11105
766 1065 887 1147 Reges
917 1064 1028 1128 eidem
1052 1065 1196 1128 consilio
1219 1067 1329 1148 ipsam
1359 1066 1524 1148 perdendi

184 1184 410 1266 acquievisse.
435 1180 536 1263 Quod
553 1202 583 1243 n.
602 1185 621 1243 6
639 1181 710 1244 illis
725 1182 840 1244 verbis
856 1181 1074 1264 proponitur:
1090 1181 1320 1246 Arcendamus
1338 1183 1387 1245 ad
1397 1182 1523 1246 Iudam

184 1304 219 1363 et
240 1298 439 1362 susalemus
461 1319 536 1362 eum
560 1301 594 1361 et
607 1297 796 1361 avellemur
811 1297 859 1360 ad
878 1297 1003 1382 norb).
1027 1298 1123 1361 Tunc
1146 1298 1239 1361 enim
1257 1297 1341 1361 Rex
1364 1299 1524 1361 immunis

185 1415 299 1477 adhuc
322 1414 460 1481 obsidii,
483 1434 515 1476 n.
542 1433 572 1492 3,
597 1414 640 1476 ad
664 1422 853 1476 extremum
880 1417 1110 1496 aquaeductus
1124 1416 1202 1478 viae
1217 1415 1402 1497 superioris
1417 1416 1452 1476 in
1468 1416 1525 1477 via

186 1531 277 1613 Agri
302 1528 444 1592 fullonis
468 1530 659 1610 Prophetae
674 1531 822 1592 occurrit
834 1529 889 1611 (3),
906 1530 965 1612 qui
981 1549 1155 1603 excursus,
1172 1531 1254 1593 urbe
1270 1532 1304 1593 in
1320 1549 1445 1614 gyrum
1461 1532 1523 1593 cir·

186 1646 398 1709 cumvallata
421 1643 509 1708 effici
534 1664 602 1707 non
618 1652 744 1726 posset.
769 1644 874 1708 Anno
898 1647 1002 1728 igitur
1028 1647 1178 1709 secundo
1197 1645 1317 1709 Achaz
1339 1647 1451 1728 posita
1473 1654 1525 1708 est

186 1762 274 1824 haec
290 1762 438 1833 obsidio,
455 1781 532 1824 cum
549 1763 617 1823 iam
634 1760 745 1843 primo
761 1760 844 1824 Rex
861 1760 1095 1844 Assyriorum,
1112 1773 1150 1825 ut
1165 1763 1311 1850 traditur
1321 1763 1381 1825 lib.
1397 1783 1426 1834 2,
1442 1758 1525 1824 *Pa-

186 1877 285 1960 ralip.
304 1898 379 1960 cap.
399 1883 449 1949 28,
468 1898 499 1940 n.
520 1897 571 1949 20,
594 1877 706 1962 ipsum
729 1877 915 1964 afflz'xisset
935 1883 970 1942 et
990 1878 1086 1942 nullo
1100 1878 1276 1944 resistente
1293 1882 1456 1944 vastasset
1469 1876 1524 1962 (4).

186 1992 288 2074 Quod
312 1994 452 2076 regibus
467 1994 539 2057 illis
554 1995 666 2075 ipsum
682 1994 855 2057 evellendi
870 2005 904 2057 01
929 1997 1025 2058 adse
1042 1993 1268 2058 transferendi
1286 2013 1383 2076 spem
1400 1993 1526 2055 iniecit.

186 2108 357 2190 Quamvis
380 2119 494 2173 autem
518 2109 575 2171 hic
599 2111 633 2171 in
657 2108 747 2172 Isaia
764 2109 809 2193 (5)
832 2121 866 2173 et
886 2112 920 2173 in
937 2132 957 2189 4
975 2111 1115 2193 Regum
1132 2111 1221 2173 libro
1237 2111 1379 2183 dicatur,
1396 2109 1527 2172 Ieroso·

186 2229 321 2309 lymam
344 2227 542 2289 obsessione
566 2224 714 2288 cinctam
738 2227 782 2288 ab
806 2226 877 2289 illis
907 2228 1061 2290 hostibus
1084 2247 1152 2289 non
1175 2226 1326 2309 potuisse
1349 2225 1527 2297 debellari,

185 2345 253 2407 hoc
277 2341 482 2407 beneficium
507 2345 559 2406 illi
576 2343 725 2407 conferri
742 2363 810 2406 non
827 2343 939 2424 potuit
954 2364 975 2406 a
990 2353 1049 2406 tuo
1064 2342 1289 2406 Emmanuele
1304 2343 1361 2425 qui
1378 2343 1529 2404 nondum

185 2469 377 2541 conceptus
393 2470 466 2523 erat
483 2461 544 2523 sed
561 2470 638 2541 post
659 2460 764 2542 longa
784 2478 908 2522 novem
928 2460 1095 2522 mensium
1114 2456 1253 2521 fastidia
1275 2458 1424 2539 (quando
1443 2459 1530 2520 ocis·

186 2576 287 2657 sime)
312 2578 348 2638 in
372 2577 483 2638 lucem
510 2577 726 2640 emittendus.
752 2573 846 2656 Quas
875 2586 945 2638 tam
975 2573 1109 2638 infirma
1135 2586 1246 2638 aetate
1270 2576 1386 2656 copias
1405 2575 1530 2637 ducere

187 2693 331 2775 posset?
355 2690 449 2773 Quas
473 2692 672 2755 debellare?
701 2691 767 2754 Dic
791 2692 915 2772 potius,
940 2711 1027 2763 eum,
1052 2711 1135 2753 mox
1158 2692 1216 2754 ubi
1234 2701 1332 2754 natus
1354 2700 1417 2764 est,
1441 2691 1531 2753 linea

189 2808 311 2871 instita
328 2811 405 2871 vice
421 2808 555 2891 galeae,
572 2807 680 2871 fascia
695 2828 757 2890 pro
772 2808 921 2879 thorace,
935 2818 969 2871 01
985 2808 1196 2890 crepitacillo
1212 2827 1275 2890 pro
1292 2806 1410 2891 gladio
1421 2809 1531 2870 muni·

186 2937 275 2997 tum,
301 2924 441 2997 similae,
465 2926 519 2989 sui
542 2923 740 2996 infantulos,
756 2924 883 3006 butyro
911 2933 945 2986 et
970 2924 1071 2987 melle
1087 2924 1312 3005 stipendiatos
1328 2924 1376 3007 (ut
1391 2924 1532 3005 quidam

189 3038 333 3121 0111111111
344 3039 389 3123 (0)
406 3042 440 3103 in
458 3042 567 3103 aciem
583 3049 704 3102 contra
719 3039 799 3102 illos
815 3040 939 3112 hostes,
953 3058 1013 3102 seu
1030 3040 1145 3122 potius
1160 3048 1278 3102 contra
1294 3057 1395 3123 grues
1408 3048 1464 3102 aut
1477 3059 1532 3102 cu·

188 3156 287 3229 lices,
313 3165 352 3218 ut
376 3156 630 3239 Pygmaeorum
655 3159 787 3228 ducem,
811 3165 869 3218 aut
885 3155 1064 3238 gigantum
1081 3153 1302 3218 fraterculum
1317 3155 1535 3250 produxisse·

286 3292 336 3334 11.
362 3272 431 3335 Hic
462 3270 628 3335 Salomon
652 3272 776 3353 pedem
799 3273 968 3334 tantulum
1000 3273 1156 3343 retraxit,
1188 3271 1383 3343 subiiciens,
1409 3289 1533 3351 nequa-
1596 3281 1790 3333 emmanuelis
1809 3278 1880 3341 regii

189 3408 295 3470 quam
319 3389 373 3450 sui
396 3408 470 3451 esse
493 3389 598 3450 animi
623 3385 801 3459 affirmare,
825 3407 923 3449 suum
949 3387 1045 3449 illum
1063 3386 1322 3450 Emmanuelem
1346 3388 1431 3449 duos
1454 3385 1534 3448 illos
1561 3350 1881 3485 ffifmgsswffissnvffij

192 3504 328 3586 Reges,
360 3503 498 3567 collatis
528 3523 606 3566 cum
630 3504 751 3566 iisdem
783 3503 934 3575 vexillis,
966 3522 1165 3585 superasse;
1196 3504 1256 3566 sed
1280 3522 1322 3565 eo
1346 3512 1436 3574 nato,
1461 3500 1534 3585 regi
1562 3500 1648 3548 naeus
1666 3494 1807 3545 fflffbst·

191 3620 317 3684 Achaz
341 3620 448 3702 ipsius
471 3620 606 3703 parenti
629 3622 664 3683 in
688 3618 838 3684 faustum
854 3622 1042 3702 auspicium
1058 3622 1145 3683 tanti
1169 3619 1327 3691 nominis,
1350 3620 1442 3702 quod
1465 3635 1534 3682 est:

192 3736 380 3800 Nobiscum
403 3736 510 3812 Deus,
534 3737 647 3800 Deum
672 3739 706 3799 in
730 3736 890 3799 omnibus
913 3734 1086 3799 faventem
1110 3735 1272 3809 adfuisse,
1297 3735 1457 3817 illiusque
1478 3754 1534 3797 au·

193 3854 283 3916 xilio
306 3853 423 3916 hostes
447 3853 527 3915 illos
552 3851 698 3916 feliciter
728 3853 930 3935 subiugasse
961 3865 994 3915 et
1025 3851 1248 3914 internecioni
1271 3851 1417 3914 0001550.
1434 3849 1536 3913 Unde

193 3970 289 4033 aliud
306 3988 431 4032 nomen
449 3968 515 4051 ipsi
533 3970 748 4051 impositum:
769 3967 927 4033 Accelera
942 3968 1050 4052 spolie
1065 3966 1241 4030 detrahere
1247 3991 1262 4037 ,·
1281 3966 1317 4028 F
1315 3966 1425 4031 este'ne
1436 3972 1537 4051 prae·

193 4083 285 4149 dari.
299 4084 395 4147 Tunc
408 4085 624 4148 Patriarcha:
642 4084 683 4146 In
695 4093 841 4165 quatuor
854 4086 995 4166 laqueos
1008 4084 1276 4157 inextricabiles,
1290 4085 1347 4156 ait,
1361 4082 1536 4157 Salomon,

194 4210 292 4263 tuum
317 4199 445 4263 collum
462 4200 611 4262 induisti.
628 4199 791 4272 Primum,
808 4200 900 4281 quod
925 4199 1102 4271 asseveris,
1127 4197 1303 4270 infantem,
1324 4219 1426 4281 quem
1442 4197 1538 4282 Regi

195 4315 320 4379 Achaz
346 4314 450 4378 Alma
473 4315 615 4396 peperit,
640 4315 769 4377 dictum
792 4313 1064 4387 Emmanuelem,
1085 4325 1119 4377 et
1142 4335 1224 4377 mox
1252 4316 1359 4377 addas
1382 4315 1537 4377 eumdem

196 4441 378 4495 vocatum:
403 4429 562 4494 Accelera
585 4430 694 4515 spolia
716 4429 901 4505 detrahere,
924 4431 1068 4494 Festina
1087 4429 1316 4515 0100001117).
1344 4429 1422 4492 Ηο0
1446 4431 1536 4492 0111111

197 4561 251 4612 est
273 4556 390 4630 partes
413 4544 622 4609 confundere
645 4556 679 4609 01
702 4548 868 4627 quadrata
902 4548 1058 4611 rotundis
1085 4556 1302 4609 commutare.
1334 4545 1538 4609 Emmanuel
1600 4557 1769 4608 Emmanuel
1788 4571 1883 4637 cap37

198 4667 290 4728 enim
316 4664 355 4747 (si
382 4664 532 4727 litteram
555 4662 701 4744 spectes)
725 4673 776 4725 est
799 4663 867 4726 Dei
890 4674 924 4727 et
943 4662 1066 4726 Almae
1080 4661 1181 4737 filiun,
1198 4671 1233 4725 et
1256 4664 1333 4726 ideo
1357 4662 1539 4725 Nobiscum
1566 4628 1823 4762 {fffex‘tcssmg
1842 4641 1886 4747 ¹⁸¹}

199 4780 305 4843 Deus.
331 4779 421 4841 Puer
444 4797 536 4850 vern,
561 4780 616 4840 cui
640 4777 733 4840 aliud
756 4799 915 4841 nomena
939 4779 1112 4841 celeritate
1130 4778 1292 4849 additum,
1316 4775 1407 4839 filius
1429 4776 1540 4839 Isaiae
1567 4774 1689 4823 cundum
1708 4770 1829 4820 litteram
1843 4769 1887 4818 dl·

200 4907 235 4961 et
258 4894 511 4976 Prophetissae,
536 4913 638 4977 quam
655 4894 808 4976 plerique
825 4897 930 4976 ipsius
946 4913 1089 4956 uxorem
1106 4902 1255 4956 censent.
1272 4893 1416 4975 Inspice,
1433 4913 1454 4955 0
1470 4892 1540 4954 Da·
1567 4857 1651 4896 Μ’

291 5056 333 5124 (Ι)
353 5058 427 5113 lsai..
449 5063 471 5114 7,
492 5073 516 5107 n.
538 5069 561 5107 2.
582 5053 862 5122 -(2)1uid.,n.o.
887 5086 902 5091 -
934 5054 977 5121 (3)
996 5056 1074 5113 Ibid„
1093 5071 1118 5106 n.
1139 5064 1162 5115 3.
1184 5082 1213 5091 -—
1240 5053 1282 5118 (4)
1302 5055 1434 5117 Paralr'p„
1456 5065 1478 5109 2,
1499 5052 1540 5109 28,

201 5164 226 5199 u.
249 5158 290 5198 20.
310 5174 344 5183 -
364 5144 406 5211 (5)
425 5146 497 5203 Isari,
518 5154 541 5203 7,
562 5162 586 5196 n.
609 5157 632 5196 1.
653 5173 684 5182 -
705 5144 746 5212 (b)
765 5146 937 5203 Tertull,
967 5146 1010 5192 nbi
1030 5160 1116 5209 supra.
1139 5170 1165 5181 -
1189 5145 1229 5206 (7)
1249 5145 1321 5201 Isari,
1342 5143 1366 5200 8,
1386 5160 1411 5195 u.
1431 5153 1454 5204 3.
