4166 6182
747 604 800 651 nu
823 603 1030 651 LECTOREM
1517 609 1553 668 17

216 748 318 813 Selae
335 749 504 832 Chrystos
519 750 730 830 temporibus
746 748 966 813 efflorescere.
984 748 1046 812 Cui
1064 751 1156 813 dicto
1172 752 1323 813 concinit
1345 752 1488 813 illustris
1504 770 1555 812 se·

215 876 314 929 nator
325 865 432 928 Tecla
456 864 576 929 Selase
589 862 684 928 Teno
698 865 752 947 (1),
769 866 971 947 Imperatori
987 867 1110 928 seniori
1127 887 1147 928 a
1163 867 1306 929 secretis
1317 877 1351 929 et
1363 867 1556 938 annalibus,

215 983 358 1044 coelesti
381 1001 464 1044 vero
489 1002 509 1044 a
532 982 658 1062 palmis
681 990 715 1044 et
738 982 875 1043 coronis
897 978 964 1044 fusi
988 982 1165 1064 sanguinis
1195 983 1305 1063 pretio
1336 983 1553 1062 comparatis,

214 1097 263 1160 sic
287 1098 407 1160 dicens
430 1099 464 1160 in
488 1099 635 1178 epistola
658 1098 702 1159 ad
717 1096 969 1160 Patriarcham:
997 1096 1116 1160 Multi
1127 1096 1311 1160 Damotum
1328 1101 1362 1161 et
1375 1097 1553 1160 Goiamen·

213 1213 301 1277 stiam
324 1218 518 1277 constanter
535 1217 757 1297 perseverant
778 1213 816 1275 tn
839 1213 916 1296 fide
931 1233 1032 1296 quam
1055 1233 1078 1275 a
1101 1213 1232 1275 Vestris
1251 1212 1552 1276 Domz'natiom'bus

213 1334 246 1393 et
262 1329 422 1414 patribus
445 1327 658 1401 didicerunt·
688 1339 722 1392 et
752 1331 849 1392 testis
879 1331 972 1391 omni
1003 1330 1207 1411 exceptione
1231 1330 1340 1391 maior
1369 1328 1446 1390 Ras
1469 1325 1552 1390 Sela

213 1444 369 1508 Christos
382 1446 435 1527 (2),
460 1447 495 1508 in
512 1446 657 1526 epistola
672 1445 717 1507 ad
733 1465 853 1507 omnes
867 1444 1040 1527 principes
1056 1453 1089 1507 et
1105 1445 1286 1528 episcopos
1301 1445 1491 1507 catholicos
1507 1446 1551 1508 ab

213 1563 322 1624 exilio
346 1562 486 1631 directa,
512 1572 719 1642 conquestus
742 1562 833 1642 quod
856 1559 923 1623 sibi
947 1571 981 1623 et
1004 1561 1082 1623 aliis
1105 1561 1285 1624 catholicis
1308 1570 1379 1623 tam
1400 1562 1553 1643 graviter

214 1678 248 1739 in
271 1675 462 1757 Aethiopia
486 1673 690 1739 conflictatis
713 1676 828 1758 aliqua
855 1677 987 1739 ratione
1018 1697 1084 1739 non
1112 1690 1335 1750 succurratur,
1360 1677 1550 1740 concludit:

215 1792 319 1867 Olim,
343 1813 417 1855 cum
441 1792 540 1854 nulla
563 1796 648 1854 essct
668 1792 805 1855 ccclesia
827 1813 885 1855 nec
900 1814 1020 1856 nonam
1038 1791 1313 1865 christianorum,
1330 1796 1553 1856 accurrerunt

99 1905 118 1956 f.
135 1918 172 1968 ¹4·
213 1914 246 1971 et
267 1913 396 1971 terram
419 1908 523 1971 istam
546 1928 563 1970 e
586 1906 908 1972 mahometanorum
927 1913 1091 1991 potestate
1107 1908 1344 1982 redemerant·
1366 1905 1458 1970 *cum
1473 1928 1550 1972 vero

213 2023 344 2087 nastris
367 2023 571 2108 temporz'lan
594 2022 736 2108 zffniti
755 2023 831 2087 sint
843 2022 976 2107 fideles,
999 2043 1094 2086 nemo
1116 2029 1168 2087 est
1189 2024 1250 2107 qui
1267 2024 1358 2086 nobis
1380 2023 1553 2108 suppetias

204 2137 308 2226 ferat
329 2144 364 2203 et
379 2140 494 2203 nostri
507 2139 758 2202 reminiscatur.
775 2140 922 2202 Tantum
939 2139 1076 2202 veritati
1093 2159 1209 2202 eorum
1227 2141 1343 2213 verba,
1359 2141 1416 2221 qui
1433 2140 1551 2202 dicunt

213 2276 233 2317 a
256 2257 412 2337 patribus
435 2253 618 2319 Societatis
642 2258 677 2318 in
701 2254 889 2336 Aethiopia
920 2255 1006 2317 nihil
1036 2267 1180 2336 gestum,
1197 2266 1361 2337 quantum
1389 2253 1548 2326 infinitas,

212 2394 232 2433 a
255 2382 351 2435 tanto
375 2373 450 2434 viro
474 2372 722 2442 commendata,
747 2381 780 2433 et
804 2372 889 2433 nihil
913 2381 1141 2453 opponuntur.

302 2486 340 2550 Si
364 2507 447 2551 vero
472 2508 557 2550 unus
581 2487 696 2550 David
720 2509 740 2549 a
762 2507 824 2550 suo
848 2490 976 2569 populo
995 2493 1061 2570 pro
1083 2488 1189 2550 decem
1213 2486 1365 2549 mt'llztus
1380 2491 1549 2571 totapate-

210 2604 375 2685 butur(3),
391 2606 476 2666 satis
489 2614 578 2666 esset
591 2604 634 2665 ad
647 2604 743 2665 illam
760 2603 1005 2666 catholicorum
1026 2600 1240 2674 infinitatem,
1257 2604 1311 2664 vel
1325 2604 1445 2664 saltem
1463 2603 1553 2664 mul·

211 2720 391 2783 titudinem
409 2721 699 2801 comprobandam
716 2721 815 2782 unius
830 2719 907 2782 Ras
919 2717 1020 2781 Selae
1032 2716 1187 2782 Christos
1199 2718 1242 2780 ad
1255 2737 1429 2781 romanam
1446 2716 1548 2781 fidem

211 2860 232 2899 a
254 2834 440 2899 Societatis
463 2836 542 2898 Iesu
565 2837 719 2917 patribus
742 2837 888 2907 vocatio,
913 2836 1089 2906 institutio,
1115 2834 1149 2897 in
1173 2854 1215 2896 ea
1234 2834 1418 2907 firmitudo,
1442 2833 1550 2897 fortu-

211 2972 330 3015 narum
355 2961 388 3015 et
419 2953 671 3034 principatuum
703 2971 764 3033 pro
796 2973 836 3013 ea
867 2952 1051 3033 despectio,
1080 2950 1114 3012 in
1142 2951 1355 3032 undeviginti
1383 2969 1547 3012 annorum

209 3070 337 3131 exsilio
361 3067 553 3130 constantia
576 3080 609 3130 et
633 3069 806 3150 gaudium,
823 3088 891 3149 quo
908 3069 960 3130 illi
977 3069 1009 3129 in
1028 3068 1105 3128 loco
1121 3067 1342 3147 relegationis
1364 3086 1446 3129 suae
1470 3086 1547 3128 can·

210 3186 334 3246 tabiles
357 3194 436 3246 sunt
453 3183 606 3245 eiusdem
622 3180 702 3245 fidei
718 3180 976 3246 iustificationes
989 3182 1043 3266 (4).
1068 3183 1108 3244 In
1125 3202 1166 3245 eo
1183 3184 1272 3244 enim
1289 3183 1333 3244 ad
1349 3182 1548 3244 aemulatio·

210 3320 288 3362 nem
313 3309 452 3362 centum
469 3309 503 3361 et
519 3300 766 3381 quinquaginta
790 3299 1004 3361 Psalmorum
1029 3298 1184 3370 Davidis,
1201 3299 1344 3361 totidem
1361 3300 1548 3369 cantiones,

209 3416 241 3477 in
268 3416 364 3477 illius
388 3415 618 3487 Patriarchae,
642 3416 795 3496 episcopi
830 3426 864 3477 et
884 3426 1017 3497 patrum
1041 3416 1383 3485 commendationem,
1408 3415 1547 3493 elegan-

209 3530 353 3593 tissimis
377 3531 534 3602 numeris,
559 3532 740 3612 inquibus
764 3532 892 3612 primus
920 3540 983 3601 est,
1007 3530 1209 3611 composuit,
1225 3548 1310 3610 quas
1335 3529 1444 3599 nobis,
1469 3547 1546 3589 cum

208 3648 361 3708 maxime
374 3656 622 3726 expeteremus,
635 3645 768 3708 viarum
781 3644 965 3709 difficultas
977 3646 1109 3707 invidit.
1123 3645 1287 3706 Palmarii
1303 3664 1438 3725 quoque
1451 3641 1546 3705 fuere

208 3763 259 3823 illi
283 3761 450 3842 triumphi
473 3781 559 3842 quos
582 3763 723 3842 triginta
747 3782 810 3823 sex
834 3761 1025 3845 indigenae,
1050 3771 1128 3842 post
1153 3769 1302 3822 nostram
1326 3761 1546 3822 emissionem

207 3877 327 3957 procul
341 3879 386 3938 ab
398 3877 524 3939 nostris
536 3877 653 3949 oeulis
667 3896 778 3958 egere,
791 3878 930 3958 proprio
942 3878 1107 3959 sanguine
1119 3877 1294 3957 purpurati
1303 3873 1359 3958 (5),
1371 3895 1447 3936 cum
1460 3875 1546 3936 nulli

206 3994 392 4054 verborum
417 4004 450 4054 et
481 3993 712 4055 hortationum
744 3993 872 4054 stimuli
904 3994 1135 4063 accessissent,
1160 3993 1221 4054 sed
1245 3992 1306 4053 illa
1328 4000 1459 4054 tantum
1486 3992 1548 4052 do·

207 4110 329 4178 ctrina,
354 4128 457 4189 quam
481 4128 501 4169 a
526 4110 624 4171 nobis
647 4111 730 4171 olim
754 4119 1006 4190 expresserunt,
1030 4128 1146 4170 semen
1171 4105 1235 4169 fuit
1259 4108 1436 4168 centesimi
1453 4106 1545 4168 illius

207 4222 350 4294 fructus,
376 4243 443 4304 quo
467 4225 555 4287 coeli
579 4224 701 4287 horrea
724 4235 896 4305 ruperunt.

295 4339 389 4401 Illud
415 4360 521 4421 aeque
546 4338 670 4403 falsum
694 4351 807 4421 patres
827 4343 871 4403 ab
897 4340 1097 4420 Aethiopia,
1115 4359 1182 4402 non
1198 4341 1436 4421 persecutione
1452 4358 1546 4400 com-

205 4457 326 4536 pulsos
350 4455 412 4517 sed
436 4456 576 4517 alterius
596 4458 684 4518 coeli
701 4458 846 4518 mitioris
861 4468 894 4518 et
910 4457 975 4517 soli
992 4456 1167 4536 opimioris
1183 4453 1353 4517 desiderio
1371 4456 1544 4526 invitatos,

205 4572 377 4651 prodiisse
395 4571 449 4653 (ὁ).
474 4570 565 4632 Nam
596 4571 728 4634 euhoe
753 4573 872 4634 libello
897 4574 1012 4653 liquet,
1029 4572 1220 4634 haereticos
1237 4572 1271 4632 in
1295 4589 1413 4631 eorum
1429 4579 1546 4631 extur-

203 4688 381 4750 bationem
406 4706 531 4749 nervos
555 4707 672 4751 omnes
695 4689 892 4759 intendisse,
917 4708 993 4750 cum
1017 4689 1143 4749 scirent
1166 4687 1314 4767 gentiles
1333 4707 1413 4748 suos
1428 4687 1545 4748 catho-

205 4803 291 4866 licos
315 4799 483 4866 infractos
506 4822 643 4884 semper
672 4814 831 4876 staturos,
856 4806 936 4867 dum
961 4823 1078 4866 eorum
1106 4804 1300 4885 praesentia
1323 4814 1357 4864 et
1384 4802 1545 4864 munitio·

205 4920 306 4981 nibus
323 4915 530 4981 fulcirentur
543 4918 587 5001 (7)
603 4929 638 4981 et
654 4928 691 4981 ut
708 4938 728 4980 a
744 4916 888 4982 Goiama
904 4920 938 4981 in
955 4919 1167 4982 llambaeam
1184 4928 1218 4979 et
1233 4918 1312 4980 inde
1337 4919 1370 4979 in
1399 4917 1541 4979 exilium

293 5082 331 5141 (ι)
351 5079 412 5129 Lib.
432 5091 458 5139 4,
477 5093 535 5142 cap.
555 5082 579 5135 o,
598 5095 623 5128 n.
646 5078 685 5128 ib.
706 5108 739 5117 -
759 5079 798 5147 (2)
818 5081 878 5132 Lib.
897 5094 922 5142 4,
942 5096 998 5145 cap.
1019 5090 1061 5138 27,
1080 5091 1188 5131 u.2.-
1206 5077 1355 5143 (ωηερε.
1372 5076 1412 5133 18,
1432 5093 1457 5128 n.
1471 5087 1543 5136 3.-

203 5166 243 5229 l4l
255 5168 315 5219 Lib.
327 5180 352 5227 4,
363 5182 421 5230 cap,
435 5204 460 5220 ..
471 5205 478 5218 .
490 5195 525 5203 -
536 5170 572 5231 (5)
583 5168 642 5217 Lib.
652 5182 677 5230 4,
687 5184 744 5234 cup.
757 5180 797 5230 13.
807 5166 893 5236 -(6)
903 5170 961 5219 Lib.
972 5183 997 5231 4,
1007 5184 1063 5232 cap.
1075 5178 1099 5229 3,
1109 5184 1134 5218 u.
1148 5178 1169 5231 ς.
1192 5196 1205 5203 -
1223 5168 1263 5233 (7)
1274 5168 1332 5217 Lib.
1345 5177 1368 5227 3,
1379 5181 1435 5230 cup.
1448 5176 1470 5225 3.
1481 5180 1506 5216 n.
1519 5174 1543 5225 5.

283 5288 310 5330 C.
326 5288 436 5330 Bromi.
451 5288 509 5329 Rer.
523 5289 591 5330 Acte.
605 5290 696 5341 scre'pae.
712 5303 756 5331 occ.
773 5291 840 5333 s'ned.
854 5312 879 5322 -
893 5290 959 5331 VIII.
1449 5299 1461 5339 3
