4066 6184
625 2206 812 2287 CAPUT
839 2208 987 2287 xv111.

180 2502 321 2579 Varia
347 2501 446 2578 belli
473 2503 637 2579 fortuna
665 2502 772 2579 inter
800 2502 1089 2599 imperatorios
1116 2510 1158 2577 ct
1185 2503 1422 2578 Lastenses.

232 2870 259 2913 1.
284 2848 426 2913 Annum
449 2850 738 2914 sexcentesimum
763 2849 985 2933 trigesimum,
1009 2850 1103 2913 bello
1126 2851 1197 2913 suis
1219 2849 1362 2912 ducibus
1381 2868 1473 2911 com·
1535 2863 1650 2911 Annum
1671 2863 1738 2923 1⁶30
1766 2861 1821 2912 tm·

132 2968 245 3030 misso
261 2974 297 3029 et
320 2966 461 3048 ancipiti
484 2962 621 3029 fortuna
642 2975 798 3038 tractato,
822 2965 1015 3050 Imperator
1030 2976 1065 3029 et
1084 2975 1248 3048 tyrannus
1262 2965 1422 3028 lastensis
1437 2964 1472 3027 in
1499 2939 1660 3054 {³:2⁸2ssss
1678 2941 1822 3065 iffi&

132 3083 209 3146 suis
233 3080 368 3145 stativis
390 3091 426 3145 et
447 3080 681 3145 hibernaculis
703 3083 945 3145 contriverunt.
969 3081 1005 3144 Is
1028 3102 1049 3143 a
1071 3080 1188 3144 multis
1210 3080 1308 3165 regni
1334 3079 1472 3163 Tigraei
1500 3084 1575 3125 runt.

131 3197 342 3281 primatibus
364 3216 426 3280 per
448 3198 614 3281 epistolas
637 3200 831 3262 admonitus
854 3195 974 3270 fuerat,
1002 3197 1088 3260 nulli
1118 3216 1155 3260 se
1185 3205 1320 3279 praeter
1349 3197 1471 3277 ipsum,

131 3315 215 3398 regi
238 3314 409 3396 parituros
431 3324 465 3378 et
487 3315 548 3379 ubi
570 3315 722 3379 eiusdem
745 3314 878 3377 vexilla
901 3315 1147 3396 conspicerent,
1171 3312 1405 3396 conglobatim
1429 3312 1472 3373 ad

131 3450 176 3495 ea
199 3430 416 3493 transituros.
440 3427 572 3511 Quibus
588 3431 895 3513 pollicitationibus
911 3433 1057 3493 lactatus
1073 3448 1149 3492 cum
1165 3429 1320 3510 proregis
1336 3429 1473 3490 nomine

130 3545 224 3610 illuc
238 3544 369 3609 dimisit
391 3543 499 3608 filium
523 3543 657 3621 famosi,
682 3548 746 3610 sub
775 3545 993 3629 Zadenguile,
1016 3545 1144 3608 Iacobo
1167 3553 1202 3608 et
1224 3547 1371 3627 ipsomet
1398 3541 1474 3607 Sel·

131 3670 195 3727 tan
221 3658 370 3745 Segued,
394 3663 579 3743 proditoris
602 3662 788 3727 Zaselasse.
813 3660 890 3744 Qui,
919 3671 956 3724 ut
990 3659 1092 3724 facile
1115 3663 1151 3724 in
1174 3670 1272 3726 natos
1295 3671 1474 3743 parentum

132 3776 225 3841 vitia
248 3795 327 3840 cum
350 3777 515 3859 sanguine
538 3776 834 3851 transfunduntur,
858 3778 916 3841 ubi
931 3779 1042 3860 prima
1057 3774 1261 3841 defectionis
1276 3776 1377 3840 huius
1393 3795 1475 3839 aura

130 3892 362 3976 Imperatoris
393 3902 505 3956 castra
536 3891 704 3975 perflavit,
735 3915 777 3957 eo
807 3893 1024 3957 velocissime
1053 3891 1246 3976 transfugio
1280 3913 1317 3955 se
1349 3890 1473 3955 intulit.

131 4008 270 4074 Crebro
291 4009 384 4072 enim
407 4011 507 4073 nobis
529 4010 666 4074 dicebat
690 4010 891 4093 Imperator,
914 4009 1060 4092 singulis
1081 4027 1218 4072 suorum
1244 4010 1278 4071 in
1302 4019 1377 4072 ortu
1400 4027 1474 4071 ver-

131 4124 305 4189 miculum
334 4127 475 4200 innasci,
500 4133 534 4189 et
564 4125 624 4189 ubi
653 4128 859 4209 grandescat
889 4134 923 4189 et
953 4125 1129 4189 cerebrum
1160 4124 1348 4197 inscendat,
1379 4123 1475 4186 illico

131 4240 371 4325 proditionem
394 4244 572 4325 parturire.
598 4241 760 4324 Regnum
783 4243 869 4307 illud
897 4262 975 4306 cum
1006 4244 1127 4307 eodem
1158 4241 1259 4305 titulo
1289 4240 1333 4302 ab
1363 4239 1476 4323 Impe-

130 4367 252 4422 ratore
272 4358 400 4423 collato
416 4357 676 4423 administrabat
691 4357 785 4422 Asca
801 4357 1004 4443 Gueorguis,
1021 4360 1175 4441 eorporis
1189 4358 1329 4441 quidem
1345 4357 1476 4420 viribus

132 4474 328 4548 excellens,
351 4475 413 4537 sed
437 4474 594 4559 Tigraeis
617 4494 738 4558 parum
761 4475 937 4558 popularis
961 4486 994 4539 et
1018 4477 1097 4538 ideo
1120 4476 1211 4537 circa
1226 4476 1338 4556 ipsum
1355 4475 1476 4556 ingens

131 4588 288 4654 militum
311 4588 470 4665 solitud0,
495 4611 571 4655 cum
595 4591 726 4654 duobus
749 4600 882 4655 tantum
901 4610 1038 4654 suorum
1053 4587 1274 4654 familiarium
1292 4589 1477 4671 manipulis

131 4715 171 4771 et
195 4705 343 4770 totidem
366 4705 596 4789 phalangibus
618 4706 684 4770 sibi
708 4708 753 4771 ab
774 4707 987 4789 Imperatore
1010 4706 1203 4790 assignatis,
1227 4707 1430 4788 cingeretur.

231 4841 261 4885 2.
285 4820 438 4904 Tyranni
466 4841 591 4905 prorex
622 4842 839 4887 numerosum
869 4824 1058 4887 exercitum
1081 4823 1227 4885 ducebat
1255 4830 1290 4884 et
1319 4829 1415 4883 tanta
1437 4818 1476 4881 fi·
1537 4831 1664 4894 Tyranni
1685 4845 1786 4896 prore:
1808 4848 1825 4882 ι

131 4938 257 5004 dentia
272 4957 485 5021 quacumque
509 4938 642 5011 liberet,
665 4940 845 5003 incedebat
868 4959 908 5003 ac
931 4940 962 5003 si
986 4940 1109 5002 missus
1132 4958 1199 5000 non
1216 4947 1305 5001 esset
1321 4937 1363 4998 ad
1384 4936 1474 4999 obsi·
1501 4902 1623 4966 Timaeo
1640 4912 1775 4955 ''m'‘

132 5063 269 5119 stentes
291 5053 525 5129 debellandos,
549 5057 610 5119 sed
633 5057 677 5119 ad
693 5055 766 5120 iura
782 5057 895 5120 danda
910 5056 1092 5119 debellatis
1114 5063 1148 5116 et
1172 5064 1208 5117 ut
1233 5054 1276 5116 ab
1301 5053 1378 5115 aliis
1397 5071 1475 5135 par·

131 5181 254 5235 torum
286 5167 453 5235 fructibus
475 5174 698 5256 saginaretur.
734 5171 800 5235 Die
823 5173 968 5244 sabbati,
992 5188 1080 5253 quae
1103 5170 1173 5232 illis
1196 5190 1264 5232 non
1288 5171 1400 5232 minus
1423 5176 1475 5231 est
