4066 6174
544 639 604 699 39²
874 630 1146 681 exrenrviotns
1169 632 1430 683 ammonicae
1453 628 1534 683 aro.

542 780 742 844 tentissimis
754 780 924 842 coniuncti
940 790 974 843 et
985 780 1086 842 simul
1103 780 1137 842 in
1154 781 1266 853 viridi,
1283 800 1325 845 ac
1339 781 1429 844 virili
1447 800 1543 851 aevo,
1557 779 1763 863 vigesimum
1774 798 1868 862 quar·

541 906 623 969 tum,
647 895 703 959 vel
726 896 882 977 quintum
904 913 1030 958 anuum
1053 895 1245 959 delibarem
1267 907 1301 960 et
1324 899 1472 978 equestri
1496 895 1743 959 exercitatione
1761 904 1870 958 essent

541 1012 780 1094 praevalentes
801 1021 837 1074 et
859 1011 1018 1074 omnibus
1040 1011 1199 1095 gratiosi:
1224 1031 1313 1093 quos
1334 1013 1427 1093 prius
1451 1010 1486 1074 in
1509 1030 1626 1093 rupem
1651 1009 1868 1073 fortissimam

542 1127 680 1191 inclusit
702 1138 736 1191 et
758 1128 861 1210 paulo
884 1136 962 1209 post
985 1129 1082 1191 iussit
1106 1128 1311 1191 obtruncari.
1336 1126 1508 1208 Reliquos
1531 1127 1654 1190 deinde
1673 1135 1711 1188 ut
1726 1145 1869 1207 papave

541 1263 614 1307 rum
638 1244 752 1325 capita
774 1241 935 1316 decussit,
961 1242 1044 1325 quin
1067 1243 1158 1307 ullus
1181 1254 1259 1307 aute
1286 1262 1411 1306 annum
1442 1244 1544 1306 vivus
1574 1252 1775 1325 superesset,
1807 1260 1870 1303 uno

542 1369 699 1441 excepto,
722 1378 823 1442 quem
847 1358 993 1423 Ioannes
1022 1360 1119 1423 Akai
1152 1361 1304 1443 tigraeus
1337 1368 1473 1441 potens,
1495 1367 1530 1422 et
1560 1377 1695 1440 semper
1724 1356 1870 1427 rebellis,

542 1477 585 1540 ad
601 1475 774 1539 crudelem
791 1474 1068 1539 nundinationem
1084 1476 1253 1548 servabat,
1269 1484 1315 1548 ut,
1331 1494 1374 1538 eo
1389 1475 1526 1547 tradito,
1542 1483 1765 1557 quaestuosas
1779 1472 1871 1554 pacis

541 1591 753 1655 conditiones
775 1592 1036 1654 auctionaretur.
1059 1588 1159 1672 Quod
1182 1592 1251 1654 iam
1274 1602 1462 1674 peractum,
1486 1591 1666 1654 innocente
1680 1588 1824 1671 puerulo
1839 1588 1870 1648 in

542 1705 771 1770 carnificinam
794 1702 950 1769 abducto.
975 1705 1049 1769 Nec
1072 1704 1235 1770 Claudius
1256 1708 1413 1791 germani
1435 1706 1590 1791 gladium
1613 1707 1733 1777 evasit,
1755 1714 1795 1767 ut
1810 1703 1871 1765 Ba·

542 1824 661 1887 silides
684 1824 787 1901 solus,
811 1824 952 1886 resectis
986 1824 1130 1886 caeteris
1157 1832 1228 1887 tam
1258 1824 1457 1887 luxuriosae
1487 1843 1527 1887 ac
1554 1822 1761 1913 luxuriantis
1794 1820 1872 1884 vitis

542 1936 731 2011 sarmentis,
754 1948 928 2019 tamquam
953 1937 1073 2002 unicus
1096 1938 1229 2020 palmes
1251 1950 1422 2022 regnaret.
1446 1939 1599 2023 Dignum
1622 1939 1724 2022 plane
1753 1937 1871 2000 bellui-

542 2075 605 2118 nae
629 2055 735 2136 patris
758 2054 1024 2117 incontinentiae
1047 2053 1254 2136 supplicium
1276 2064 1312 2117 et
1334 2052 1459 2119 infelix
1481 2056 1572 2118 male
1587 2054 1729 2118 ominati
1746 2055 1781 2116 in
1796 2055 1872 2117 hae·

542 2172 622 2235 rode
645 2169 778 2253 imperii
802 2170 1035 2254 praesagium!
1061 2167 1127 2251 Qui
1151 2170 1242 2233 enirn
1266 2168 1401 2234 firmum
1425 2191 1501 2236 esse
1529 2180 1642 2255 potest
1672 2189 1817 2252 regnum
1840 2171 1872 2231 in

541 2286 682 2351 fraterni
705 2288 881 2370 sanguinis
903 2297 1027 2371 stagno
1051 2284 1249 2351 fundatum?
1271 2299 1329 2351 aut
1365 2290 1445 2369 quid
1473 2286 1588 2351 facere
1616 2296 1793 2351 vereretur
1817 2288 1871 2367 qui

542 2403 653 2467 Deum
677 2412 710 2465 et
733 2404 839 2485 ipsius
861 2399 962 2466 fidem
986 2403 1211 2476 abiuraverat,
1236 2413 1270 2467 et
1291 2404 1443 2467 haeresis
1466 2403 1585 2488 gladio
1608 2413 1659 2467 tot
1685 2405 1872 2467 animarum

542 2518 652 2583 millia
674 2519 901 2600 iugulaverat,
924 2527 1007 2600 quot
1029 2517 1174 2583 clientes
1196 2540 1216 2582 a
1238 2516 1318 2582 fidei
1341 2519 1462 2583 castris
1484 2528 1670 2583 retrorsum
1689 2517 1786 2582 abire
1801 2538 1874 2581 coe·

542 2636 603 2719 git,
627 2636 692 2698 nisi
715 2644 752 2698 ut
775 2636 869 2716 prius
893 2636 928 2698 in
950 2654 1049 2699 suum
1072 2637 1274 2719 sanguinem
1297 2644 1332 2699 et
1354 2637 1489 2699 viscera
1511 2637 1680 2699 saeviret?

232 2762 265 2810 ln
292 2760 398 2823 templo
426 2759 517 2808 oane-
632 2772 663 2830 q.
687 2749 839 2815 Ganetae
861 2749 939 2814 Iesu
962 2752 1100 2834 templo,
1132 2751 1311 2815 duodecim
1342 2752 1546 2815 milliaribus
1576 2750 1717 2815 distanti
1741 2771 1763 2813 a
1786 2749 1874 2812 Dan·

197 2831 517 2966 qqoqqnqprqqmtmpe·
544 2868 648 2941 cazio,
682 2866 974 2930 *commendatum
1004 2864 1069 2930 fuit
1098 2867 1320 2950 Imperatoris
1346 2867 1491 2932 extincti
1515 2886 1647 2950 corpus.
1672 2866 1702 2929 F
1703 2865 1873 2929 uneralem
1897 2876 1914 2924 t.
1926 2872 1968 2921 182.
2008 2930 2009 2955 1

543 3004 703 3068 pompam
727 2993 761 3046 et
782 2984 956 3064 exequias,
981 2993 1018 3046 ut
1040 2986 1207 3067 scripsere
1230 3005 1263 3066 p.
1286 2983 1492 3048 Emmanuel
1506 2993 1540 3048 et
1560 2983 1723 3055 Didacus,
1747 2985 1807 3066 qui
1821 3002 1874 3044 co·
2008 2970 2009 2973 ¹

544 3102 654 3164 mitati
677 3098 785 3173 fuere,
807 3099 862 3162 hic
885 3100 1128 3164 exscribemus.
1154 3100 1335 3164 Ferculum
1359 3096 1431 3165 fere
1461 3101 1664 3183 quadratum
1696 3119 1775 3162 cum
1806 3117 1874 3161 cra·

542 3217 644 3288 tibus,
669 3219 775 3280 instar
797 3216 947 3288 thensae,
972 3216 1054 3280 licet
1080 3218 1191 3281 minus
1213 3218 1369 3291 sublime,
1393 3218 1576 3301 aegyptius
1603 3215 1702 3280 faber
1724 3226 1874 3279 constru·

543 3341 658 3406 xerat;
689 3333 767 3395 huic
797 3332 971 3395 inductum
1002 3333 1150 3397 cadaver
1182 3334 1289 3416 bysso
1320 3334 1520 3397 involutum.
1554 3332 1723 3406 Additum
1756 3334 1875 3415 ingens

543 3451 793 3531 operimentum
826 3467 886 3511 seu
920 3448 1148 3531 peripetasma
1173 3450 1274 3513 serici
1304 3450 1487 3513 discoloris
1516 3451 1551 3513 in
1582 3468 1714 3512 morem
1739 3450 1874 3511 vexilli:

543 3562 684 3628 feralem
708 3565 797 3627 hunc
820 3564 978 3645 capulum
1000 3565 1254 3646 praecedebant
1276 3567 1373 3648 signa
1398 3565 1572 3639 militaria,
1600 3563 1742 3629 biformi
1775 3585 1874 3647 appa·

542 3690 628 3745 ratu.
651 3678 827 3762 Quaedam
850 3680 1007 3742 dicuntur
1029 3676 1241 3762 Sendequae‚
1272 3691 1350 3744 sunt
1380 3701 1464 3745 vero
1491 3682 1620 3754 hastae,
1651 3701 1739 3764 quae
1762 3680 1875 3764 globis

543 3798 657 3860 aeneis
681 3796 845 3859 inauratis
869 3801 916 3878 (ut
939 3796 1022 3860 olim
1045 3815 1206 3860 romanae
1229 3796 1365 3881 aquilis)
1390 3799 1627 3868 terminantur.
1658 3799 1723 3860 sub
1753 3797 1874 3879 quibus

544 3911 711 3975 vexillula
733 3911 1016 3994 sesquipalmaria
1038 3913 1286 3994 appenduntur.
1311 3912 1395 3975 Alia
1418 3912 1558 3995 proprie
1593 3912 1725 3977 vexilla
1752 3931 1874 3975 vocan-

543 4037 606 4098 tur,
630 4047 718 4110 quae
740 4026 887 4090 candido
909 4036 988 4090 sunt
1010 4045 1153 4110 corpore
1176 4035 1210 4091 et
1233 4028 1430 4092 rubicundis
1453 4027 1580 4091 institis
1603 4028 1734 4091 variata
1755 4047 1818 4090 nec
1832 4026 1875 4089 ad

543 4144 778 4207 extremitates
801 4144 945 4207 multum
969 4144 1129 4227 oblonga,
1153 4163 1240 4226 quae
1263 4163 1326 4207 nec
1349 4146 1462 4216 armis,
1488 4163 1552 4207 nec
1575 4144 1653 4207 aliis
1684 4143 1876 4227 insignibus

544 4267 713 4323 notantur.
738 4257 867 4321 Eorum
891 4259 1006 4341 aliqua
1029 4281 1049 4323 a
1071 4258 1191 4322 Turcis
1214 4259 1378 4323 Abassini
1403 4269 1571 4331 coemunt,
1597 4278 1659 4322 nec
1679 4278 1741 4322 eos
1771 4260 1876 4340 pudet

543 4374 605 4437 illa
627 4374 805 4437 semilunis
826 4376 994 4457 picturata
1017 4375 1073 4439 vel
1101 4374 1286 4459 phrygiata
1304 4373 1523 4439 circumferre
1538 4383 1598 4438 aut
1614 4374 1875 4439 mahometicam

543 4489 818 4573 superstitionem
842 4491 1006 4554 redolere.

235 4618 357 4679 Pompae
379 4613 517 4666 lucernis
638 4627 685 4670 ιο.
709 4605 867 4689 Quinque
890 4607 947 4670 vel
970 4626 1034 4670 sex
1057 4609 1219 4690 cuiusque
1240 4607 1381 4681 formae,
1398 4617 1467 4671 tam
1487 4604 1687 4690 Sendequas
1702 4626 1805 4691 quam
1820 4627 1876 4669 ve·

199 4687 279 4736 ⁰¹⁶⁰⁸
544 4723 642 4795 xilla,
666 4720 839 4804 aquiliferi
862 4721 1111 4804 praeferebant,
1143 4732 1237 4787 recto
1267 4743 1403 4806 semper
1432 4732 1534 4797 statu,
1559 4723 1641 4806 quin
1672 4724 1716 4786 iis
1741 4732 1876 4793 terram,

545 4839 688 4901 aliarum
711 4840 865 4921 gentium
882 4858 985 4911 more,
1001 4849 1191 4914 verterent3
1207 4859 1296 4922 pone
1311 4841 1540 4921 sequebantur
1555 4849 1721 4922 tympana
1739 4858 1875 4901 raucum

545 4965 578 5017 et
612 4963 779 5017 moestum
814 4974 860 5017 ex
891 4955 1072 5018 intervallo
1103 4954 1358 5039 immugientia;
1389 4975 1473 5019 mox
1503 4956 1571 5019 duo
1602 4955 1661 5018 vel
1690 4964 1760 5018 tres
1797 4953 1876 5034 equi

544 5071 807 5154 generosissimi,
832 5070 956 5151 quibus
979 5071 1168 5153 Imperator
1191 5072 1313 5136 solitus
1335 5082 1409 5136 erat
1432 5071 1594 5155 equitare,
1617 5071 1769 5155 egregiis
1793 5070 1875 5153 pha·

546 5187 625 5249 leris
649 5196 684 5251 et
707 5186 881 5269 ephippiis
905 5197 941 5250 ut
964 5190 999 5250 in
1015 5207 1148 5251 summa
1164 5188 1294 5252 laetitia
1309 5189 1485 5263 exornati3
1512 5189 1652 5252 tandem
1672 5188 1758 5251 lauti
1780 5187 1874 5269 pueri
