4058 6178
697 2186 884 2263 CAPUT
912 2189 980 2263 IX.

158 2482 356 2579 Quinque
383 2490 546 2576 patrum
564 2482 786 2559 societatis
804 2485 894 2559 Iesu
913 2484 956 2558 in
985 2485 1253 2581 Aethiopiam
1272 2486 1501 2582 ingressus3

253 2614 430 2690 rebellio
457 2616 611 2691 Teclae
631 2617 860 2713 Gueorguis
871 2642 880 2706 ;
900 2628 942 2693 et
961 2618 1122 2694 abbatis
1141 2621 1281 2694 iacobi
1300 2621 1344 2695 in
1364 2621 1503 2696 odium

253 2748 353 2823 fidei
382 2750 601 2825 Romanae
629 2752 791 2829 caedes

262 3115 289 3158 r.
302 3091 453 3157 Succosa
470 3094 683 3176 aethiopicae
700 3099 934 3159 conversionis
945 3117 1006 3179 per
1016 3098 1119 3162 hosce
1136 3117 1243 3161 annos
1257 3100 1375 3161 nuntia
1388 3100 1435 3162 ita
1447 3119 1502 3162 so·
1565 3102 1703 3182 Patron
1718 3102 1849 3182 ‘Musae

159 3211 238 3273 cios
250 3230 297 3272 ex
310 3208 410 3272 India
422 3221 456 3273 et
468 3209 607 3292 Europa
619 3213 662 3273 ad
675 3231 818 3274 messem
833 3212 1062 3295 colligendam
1074 3214 1311 3295 prolectabant
1320 3223 1357 3277 ut
1368 3214 1502 3278 Lusita·
1529 3186 1609 3292 a?
1631 3182 1659 3221 οἳ
1681 3171 1761 3222 mm
1784 3187 1850 3222 cau-

159 3327 244 3388 niae
270 3326 493 3406 provincialis
514 3327 556 3388 ad
570 3326 803 3389 Patriarcham
816 3329 999 3409 scripserit,
1012 3330 1040 3390 si
1057 3329 1162 3391 vellet
1178 3330 1407 3413 quadraginta
1421 3350 1503 3412 ope·

159 3443 286 3514 rarios,
301 3444 454 3504 omnium
471 3444 686 3515 lectissimos,
702 3463 739 3505 se
755 3445 940 3525 extemplo,
958 3445 1006 3506 nil
1023 3456 1205 3517 morantes,
1219 3446 1281 3508 sed
1294 3447 1444 3509 claustra
1458 3447 1503 3509 ad

160 3559 364 3621 exeundum
381 3569 651 3640 perrumpentes,
668 3559 859 3623 missurum.
875 3559 925 3622 Ut
942 3562 1032 3622 enirn
1049 3561 1083 3623 in
1097 3563 1232 3624 steriles
1244 3581 1347 3645 agros
1359 3574 1503 3626 renuunt

160 3673 249 3757 iuga
267 3671 357 3736 ferre
375 3673 519 3746 iuvenci,
535 3675 585 3736 sic
601 3675 635 3736 in
648 3676 795 3756 ‘pingues
811 3675 940 3745 ardent,
958 3675 992 3736 in
1009 3676 1143 3757 quibus,
1159 3687 1195 3738 ut
1212 3677 1391 3749 lassentur,
1408 3678 1502 3740 iuvat

161 3791 243 3871 ipsa
267 3788 443 3852 lassitudo.
468 3789 543 3852 Nec
566 3790 749 3853 Lusitanos
771 3800 915 3860 tantum,
939 3790 999 3852 sed
1022 3799 1056 3853 et
1071 3789 1189 3864 Italos,
1213 3792 1248 3854 in
1268 3793 1427 3855 omnibus
1442 3812 1503 3855 ex·

161 3906 403 3987 peditionibus
426 3904 507 3969 fidei
544 3909 828 3989 propagationem
867 3906 1144 3987 contingentibus
1177 3903 1362 3969 fidissimos
1400 3916 1502 3987 atque

162 4020 395 4085 iuratissimos
410 4021 652 4086 Lusitanorum
668 4024 820 4094 comites,
844 4022 929 4083 haec
946 4021 1107 4083 alacritas
1122 4023 1281 4102 pervasit.
1306 4022 1363 4085 Ex
1378 4024 1503 4104 quibus

162 4138 380 4200 reverendus
411 4156 444 4219 p.
476 4135 606 4199 Mutius
629 4136 876 4200 Vitelleschius
899 4138 1082 4200 Societatis
1104 4137 1182 4201 Iesu
1205 4140 1421 4220 praepositus
1444 4157 1502 4220 ge-

161 4252 309 4325 neralis,
332 4262 478 4333 quatuor
508 4252 697 4335 Memphim
727 4252 885 4325 *dimisit
917 4262 955 4316 ut
979 4253 1058 4314 inde
1082 4254 1233 4315 terrestri
1264 4256 1503 4337 peragratione

161 4365 395 4448 Aethiopiam
418 4368 639 4451 vestigarent.
656 4366 722 4429 Illa
737 4377 852 4430 tamen
867 4369 1044 4451 paululum
1067 4368 1223 4451 digressi,
1243 4388 1264 4430 a
1278 4369 1400 4432 Turcis
1422 4370 1502 4432 odio
1566 4378 1725 4440 Quatuor
1747 4388 1849 4441 panea,

162 4485 202 4545 in
228 4483 452 4546 christianum
476 4503 601 4546 nomen
625 4492 658 4545 et
681 4484 825 4546 avaritia
848 4485 1020 4547 instinctis
1038 4486 1176 4547 retracti
1197 4495 1287 4557 sunt,
1304 4486 1398 4548 nullo
1422 4487 1501 4556 alio,
1530 4451 1621 4498 Roma
1650 4449 1774 4500 mmm
1803 4448 1851 4499 Μ’

1530 4535 1597 4570 nere
1616 4520 1647 4570 in
1671 4521 1772 4570 Aethio
1793 4520 1850 4571 lam

162 4608 306 4682 praeter
328 4599 451 4660 merita
474 4600 509 4660 in
532 4598 655 4677 Deum,
679 4600 732 4661 sui
749 4599 877 4662 laboris
901 4596 1011 4662 fructu
1027 4600 1197 4681 decerpto,
1213 4619 1316 4680 quam
1339 4621 1402 4662 sex
1427 4601 1502 4663 mil·
1530 4536 1851 4713 ξ’ὲῗίῑῖνιὲωᾞέῗέ

164 4716 254 4777 lium
279 4732 494 4776 nummorum
517 4715 689 4778 solutione
712 4716 756 4776 ab
780 4716 822 4777 iis
845 4715 993 4778 mulctae
1018 4718 1154 4778 nomine
1178 4725 1324 4778 extorta.
1531 4744 1605 4783 runt.

259 4850 289 4891 2.
314 4826 372 4890 Ex
395 4827 634 4892 Lusitanorum
659 4849 761 4892 censu
786 4832 934 4912 quinque
959 4831 994 4893 in
1016 4831 1184 4902 Mazuam,
1209 4830 1265 4893 die
1280 4832 1399 4912 quinta
1422 4832 1503 4895 maii
1566 4843 1705 4892 Praefecti
1723 4841 1852 4891 numni

164 4950 248 5011 anni
278 4948 372 5019 1628,
397 4947 622 5029 appulerunt:
645 4944 821 5008 Antonius
844 4946 1058 5010 Femandius
1074 4947 1195 5018 iunior,
1219 4946 1414 5010 viennensis
1431 4947 1504 5030 [sic]
1532 4912 1652 4964 falsius.

167 5085 214 5127 ex
227 5064 379 5128 dioecesi
394 5061 576 5135 Eborensi;
593 5062 739 5125 Ioannes
755 5059 866 5125 Souza
879 5065 1155 5145 ulissiponensis3
1167 5062 1314 5126 Ioannes
1330 5063 1469 5127 Pereira
1485 5085 1505 5125 a

167 5178 253 5245 Cela
268 5180 493 5252 Alcobatiae;
517 5180 720 5242 Franciscus
743 5178 947 5262 Roterigius
964 5181 1189 5251 lumiarensiS,
1206 5180 1308 5243 ambo
1324 5201 1369 5243 ex
1386 5182 1504 5243 eadem
