4066 6174
587 717 649 778 344
922 710 1194 761 EXPEDITIONIS
1217 709 1479 761 AETHIOPICAE
1501 711 1581 762 ETC.

584 858 759 922 viscantur
788 864 822 923 et
850 863 1031 944 utrumque
1064 858 1171 922 si'miel
1201 859 1374 924 amittant.
1409 858 1586 923 Hactenus
1620 859 1767 941 epistola
1799 879 1820 921 a
1848 859 1904 921 Pi·

585 975 742 1038 triarcha.

255 1097 360 1180 'Aliud
378 1099 558 1160 praeconium
675 1096 703 1153 8.
728 1090 949 1172 Imperatoris
972 1092 1070 1154 lateri
1094 1090 1205 1154 haesit
1228 1091 1293 1154 hoc
1316 1110 1384 1154 non
1408 1101 1477 1154 tam
1512 1090 1651 1155 lethalis
1676 1110 1779 1172 quam
1810 1093 1905 1153 medi·

239 1178 290 1217 ἠ’
309 1170 421 1219 mm
585 1205 706 1268 cinalis
729 1209 867 1278 mundo,
891 1218 925 1270 et
949 1207 1064 1271 statim
1089 1207 1123 1269 id
1146 1204 1219 1269 fieri
1242 1207 1385 1279 curavit,
1408 1208 1500 1288 quod
1528 1205 1725 1270 l'atriarcha
1757 1207 1905 1288 depreca-

585 1323 693 1394 batur,
716 1323 786 1386 alio
809 1326 991 1404 praeconio
1015 1324 1058 1386 ad
1081 1343 1113 1405 p.
1139 1323 1263 1387 Didaci
1286 1324 1512 1405 praesentiam
1536 1333 1569 1386 et
1585 1324 1831 1404 praescriptam
1846 1320 1904 1384 for·

585 1457 673 1500 mam
699 1439 798 1509 iacto,
823 1458 890 1520 quo
905 1447 1117 1519 praestantes
1132 1438 1292 1501 catholici
1309 1439 1491 1520 plurimum
1508 1448 1586 1501 sunt
1608 1438 1802 1501 exhilarati.
1819 1436 1905 1505 Idem

583 1553 686 1615 etiam
711 1552 873 1616 Dancazii
896 1553 1066 1634 praestitit
1089 1552 1291 1636 Bageronde
1319 1552 1407 1625 leat,
1438 1565 1626 1616 castrorum
1657 1572 1804 1634 praeses,
1827 1554 1905 1621 inter

583 1669 712 1748 primos
734 1687 869 1750 semper
892 1678 1095 1739 numeratus,
1127 1687 1242 1731 coram
1274 1670 1429 1750 patribus
1460 1668 1643 1731 Francisco
1673 1666 1855 1751 Roterigio
1875 1678 1906 1733 et

584 1782 730 1865 Iosepho
754 1782 890 1857 GirocO,
913 1786 1033 1866 inquo
1050 1784 1135 1846 illud
1151 1784 1335 1846 adiectum:
1361 1784 1605 1867 Imperatorem
1622 1782 1740 1847 infide
1756 1784 1905 1849 Romane

583 1910 794 1964 constantem
828 1919 961 1982 semper
984 1900 1182 1982 perstitisse,
1207 1910 1359 1982 perstare
1383 1911 1417 1964 et
1439 1911 1678 1983 perstaturum,
1704 1911 1738 1964 et
1766 1900 1853 1963 velle
1872 1909 1905 1962 ut

583 2035 701 2078 omnes
724 2017 836 2079 eidem
861 2015 1082 2079 immobiliter
1105 2017 1364 2089 adhaerescens
1394 2017 1504 2079 solam
1535 2018 1636 2079 trium
1664 2036 1776 2079 rerum
1807 2026 1904 2081 muta·

583 2131 720 2201 tionem,
745 2141 914 2194 annuente
938 2132 1144 2203 Patriarcha‚
1168 2130 1373 2212 permisisse,
1400 2151 1488 2213 quae
1511 2152 1579 2195 non
1602 2133 1647 2194 ad
1670 2132 1776 2204 illam,
1792 2132 1850 2196 sed
1864 2131 1904 2192 ad

583 2247 668 2309 ritus
690 2248 906 2327 pertinerent.
937 2246 1065 2330 Ingens
1096 2247 1264 2330 praesidis
1291 2258 1324 2311 et
1354 2248 1600 2311 catholicorum
1631 2258 1830 2311 consecutus
1857 2258 1904 2309 est

583 2364 721 2442 plausus
744 2373 778 2425 et
803 2360 919 2426 festivi
942 2364 1111 2427 clamores
1133 2365 1177 2427 ad
1201 2364 1450 2427 haereticorum
1474 2361 1708 2431 confusionem
1735 2373 1769 2429 et
1799 2364 1903 2444 oppri-

584 2479 706 2540 menda
730 2479 857 2549 nuntia,
880 2498 968 2559 quae
992 2481 1034 2540 de
1054 2478 1236 2543 Romanae
1252 2478 1332 2542 fidei
1348 2480 1486 2543 interitu
1502 2481 1597 2562 prius
1612 2477 1747 2541 fuerant
1761 2478 1904 2542 dissemi-
2005 2452 2006 2499 Τ

584 2601 671 2655 nata.
697 2591 918 2675 Imperatoris
940 2595 1141 2676 rescriptum
1166 2594 1386 2658 subiiciemus
1408 2606 1444 2657 ut
1463 2615 1510 2658 ex
1533 2594 1643 2657 altera
1658 2602 1757 2675 parte
1772 2593 1903 2675 impres·

581 2728 656 2771 sum
679 2728 725 2771 ex
748 2708 966 2772 Patriarchae
990 2711 1137 2791 epistola
1159 2711 1293 2781 vulnus,
1317 2731 1363 2773 ex
1386 2711 1495 2773 altera
1513 2711 1654 2772 intimus
1668 2711 1703 2772 in
1720 2710 1903 2773 Romanam

581 2820 682 2886 fidem
700 2844 794 2887 amor
810 2834 1023 2908 agnoscatur,
1040 2828 1197 2908 quamvis
1213 2826 1264 2888 illi
1281 2826 1444 2890 haeretici
1461 2826 1591 2890 dolosis
1607 2825 1903 2889 machinationibus

583 2941 726 3004 obruere
749 2943 946 3005 niterentur.

267 3068 555 3151 tmpeniorliadm-
672 3077 701 3135 9.
727 3057 884 3142 Epistola
907 3056 1134 3142 Imperatoris
1155 3057 1277 3122 Seltan
1300 3056 1449 3144 Seguedi'
1467 3058 1516 3121 aa'
1533 3056 1776 3121 Patri'arcliam
1797 3063 1902 3141 perae·

237 3137 385 3188 marcham
404 3140 533 3203 ‘pum
583 3174 661 3236 nial
681 3194 754 3236 curn
777 3174 860 3237 bona
883 3174 957 3238 Dei
971 3181 1063 3259 pace,
1087 3175 1148 3259 qui
1173 3179 1225 3237 est
1252 3174 1441 3238 benedietus
1470 3175 1508 3237 iii
1537 3172 1681 3237 saecula.
1705 3173 1763 3237 Eri
1784 3172 1830 3237 ad
1848 3191 1903 3234 nas

581 3290 788 3353 devenerunt
817 3290 854 3353 V.
878 3290 1136 3355 Dominati'om's
1158 3291 1303 3365 litterae,
1326 3295 1360 3355 et
1381 3288 1547 3375 quidquid
1566 3290 1604 3353 in
1619 3289 1670 3353 eis
1683 3288 1903 3353 continebatur
2004 3308 2005 3365 l

582 3404 814 3469 intelleximus
835 3407 923 3470 ci'rea
946 3405 1019 3478 illa,
1043 3427 1127 3491 quae
1152 3405 1244 3469 nabi‘s
1259 3404 1306 3469 ad
1316 3404 1497 3470 seditiones
1511 3403 1758 3490 compescendas
1771 3410 1805 3468 et
1816 3409 1901 3467 traii-

540 3580 544 3587 .
582 3519 773 3604 quillandos
791 3520 1011 3605 popularium
1035 3522 1166 3584 animos
1191 3520 1370 3592 concessit·
1391 3518 1480 3605 quod
1490 3518 1585 3604 fidei
1604 3539 1672 3583 non
1702 3518 1903 3605 *pugnarent
1923 3534 1990 3588 tiss

582 3643 699 3719 nempe
722 3635 842 3723 feriae
872 3642 1022 3721 quartae,
1052 3637 1182 3700 sublato
1203 3637 1339 3710 sabbati,
1362 3635 1530 3699 munium
1555 3641 1589 3700 et
1619 3636 1783 3720 antiquas
1812 3634 1901 3698 li'tur·

577 3751 656 3836 gi'as
685 3771 706 3814 a
744 3752 780 3815 V.
815 3752 1054 3816 Dominatione
1090 3753 1301 3816 cancellatas.
1340 3752 1438 3817 Diem
1467 3772 1528 3815 rios
1561 3750 1670 3815 adium
1705 3750 1901 3813 Daneaii'iin

582 3873 720 3943 teneret,
742 3869 923 3932 castrensis
945 3868 1131 3932 multitudo
1153 3869 1280 3931 acriter
1297 3868 1478 3953 premebat,
1502 3872 1675 3931 uteorum
1692 3887 1815 3940 reruni,
1830 3884 1901 3949 quas

589 3984 626 4046 V.
661 3983 860 4047 Dominatia
884 3985 1094 4068 probaverat,
1123 3984 1339 4068 praeconiam
1368 3982 1575 4071 deferretur.
1605 3982 1681 4047 Sed
1707 4003 1729 4046 a
1752 3979 1901 4069 facunda

581 4097 769 4163 destitimus
791 4119 834 4162 ree
857 4099 1028 4163 natieani'
1046 4100 1218 4163 crederent
1248 4100 1321 4163 allo
1343 4120 1404 4163 nas
1426 4099 1577 4184 ipsarum
1601 4100 1723 4164 ti'iriore
1752 4095 1900 4182 occupari.

581 4215 695 4289 Nunc,
718 4235 793 4278 cum
816 4214 1007 4278 rebellionis
1029 4220 1206 4300 tempestas
1224 4215 1408 4301 paululum
1437 4214 1701 4299 interquieverit,
1731 4214 1772 4278 id
1798 4230 1901 4277 minim

580 4331 721 4401 executi}
746 4331 835 4414 quod
862 4332 899 4395 V.
927 4331 1124 4395 Damiiiati'o
1147 4335 1382 4416 praeceperat·
1412 4335 1511 4415 atque
1541 4328 1621 4394 adeo
1651 4328 1745 4392 niliil
1772 4350 1794 4392 a
1823 4326 1901 4391 nabis
2003 4324 2004 4369 l

577 4451 709 4532 gestum
730 4451 866 4530 praeter
899 4452 1069 4513 conventa.
1098 4447 1147 4510 Id
1173 4447 1263 4531 quaa’
1290 4447 1327 4510 V.
1359 4446 1559 4510 Domiiiatio
1588 4444 1731 4530 apponit
1758 4466 1822 4516 eas,
1853 4441 1904 4527 qui
2003 4434 2004 4513 i

578 4562 759 4645 praeconia
781 4561 919 4632 iaeiiint,
945 4562 1010 4626 illa
1033 4563 1080 4625 ad
1098 4582 1198 4624 nium
1232 4561 1413 4625 arbitrium
1448 4562 1620 4648 affingere,
1648 4560 1726 4624 illos
1752 4580 1828 4625 aero
1854 4554 1903 4642 qui

582 4677 733 4740 audiunt
753 4697 797 4739 ex
819 4697 879 4739 suo
900 4698 1000 4740 sensu
1024 4677 1256 4761 interpretari,
1271 4681 1393 4741 natum
1409 4681 1460 4739 est
1472 4676 1512 4739 ab
1534 4675 1581 4739 iis
1595 4675 1658 4760 qui
1670 4676 1843 4739 veritatem
1857 4672 1899 4735 in·

580 4795 718 4856 vertant
738 4796 773 4853 et
795 4796 959 4854 eriertunt.
977 4792 1073 4873 Quid
1084 4792 1174 4855 enim
1192 4791 1253 4854 illi
1264 4792 1326 4876 qui
1333 4791 1525 4875 praecernis
1535 4791 1736 4875 prandent
1751 4790 1814 4861 liis,
1830 4807 1899 4872 qaae

581 4929 641 4970 nos
658 4907 899 4991 praecipimus,
923 4905 1097 4970 detrahere
1114 4912 1259 4991 possunt
1286 4907 1341 4971 ael
1360 4904 1511 4994 augere?
1538 4904 1706 4989 Quomodo
1729 4907 1760 4970 ii
1781 4904 1898 4990 quiin·

581 5028 717 5088 terserat
736 5022 908 5106 expli'care
926 5027 1070 5107 possunt
1098 5043 1181 5106 quae
1212 5043 1279 5085 non
1310 5020 1474 5086 audiere?
1508 5023 1678 5104 Quomodo
1703 5020 1772 5085 dici
1791 5023 1898 5105 potest,

572 5140 681 5224 fidem
706 5144 869 5202 mutatam
893 5144 926 5202 et
946 5138 1044 5201 boreos
1065 5139 1101 5202 ob
1123 5160 1197 5203 eam
1220 5160 1355 5203 causam
1372 5138 1483 5203 dolore
1496 5139 1701 5213 vulneratos,
1716 5159 1788 5201 cum
1802 5136 1900 5201 sciant

580 5256 650 5320 ieta
672 5256 856 5320 anamael
877 5277 984 5319 uniam
1007 5256 1132 5341 apicem
1155 5255 1194 5318 ab
1216 5276 1255 5319 ea
1278 5256 1418 5320 minime
1439 5253 1637 5321 stillatum?
1662 5255 1737 5320 Nec
1750 5250 1897 5341 improbas
