4166 6182
846 589 1054 638 DEDICATIO
1595 591 1612 652 5

280 766 474 814 munerum
517 738 695 813 amussim
725 738 928 810 dedolavit.
959 739 1011 810 Te
1040 762 1062 809 a
1090 740 1175 809 Deo
1204 736 1416 833 praevisum
1445 755 1483 812 et
1511 763 1613 833 prae-

279 876 488 948 nuntiatum
514 872 714 946 Societatis
742 888 892 945 nostrae
922 872 1145 944 Generalem
1175 896 1250 942 non
1280 871 1514 956 inficiabitur,
1550 874 1613 966 qui

276 1006 403 1082 scierit
421 1008 474 1101 (at
493 1007 577 1103 quis
602 1006 755 1091 nesciat,
776 1031 861 1080 curn
891 1031 961 1077 nos
990 1004 1027 1077 in
1048 1004 1263 1100 Aethiopia,
1285 1004 1348 1099 qui
1377 1020 1464 1079 sunt
1492 1006 1611 1078 ultimi

276 1154 393 1215 terrae
411 1144 521 1239 fines,
542 1165 565 1213 a
584 1139 730 1236 quibus,
747 1140 939 1212 Matthaeo
969 1154 1073 1223 teste,
1094 1140 1239 1233 Regina
1255 1142 1352 1213 Sala'
1370 1143 1468 1212 uenit
1485 1141 1614 1212 audire

275 1278 491 1371 sapientiam
513 1276 718 1346 Salomonis
732 1274 796 1367 (1),
826 1288 863 1345 et
878 1272 915 1344 in
931 1274 1087 1368 popu10,
1112 1283 1193 1367 port
1219 1300 1331 1368 parm,
1353 1288 1394 1346 ut
1412 1272 1464 1344 ait
1483 1272 1611 1355 Isaias,

276 1436 346 1482 non
374 1419 424 1481 est
450 1412 549 1481 alius
576 1412 639 1502 (2),
679 1407 821 1481 centies
857 1406 1098 1502 audierimus)
1128 1420 1163 1478 te
1192 1431 1214 1478 a
1250 1431 1398 1479 summo
1436 1407 1613 1501 pontifice

274 1543 432 1614 Urbano
461 1542 494 1613 V
497 1544 559 1625 ΙΙΙ,
589 1541 916 1637 perspicacissimo
936 1557 972 1613 et
991 1539 1219 1635 aequissimo
1242 1540 1477 1636 ingeniorum
1506 1555 1544 1612 et
1563 1557 1613 1612 ta-

275 1677 460 1748 lentorum
495 1675 745 1759 aestimatore,
781 1673 876 1748 inter
904 1700 1036 1747 omnes
1074 1675 1273 1748 Societatis
1305 1676 1486 1747 alumnos
1514 1674 1613 1747 illius

273 1810 498 1883 Generalem
528 1809 779 1905 designatum.
800 1808 911 1899 Quod
941 1835 1015 1881 non
1035 1824 1075 1880 ut
1104 1808 1279 1893 hominis,
1300 1809 1379 1892 sed,
1401 1834 1484 1881 cum
1515 1822 1613 1881 essct

273 1945 451 2036 Ponlr'ser
479 1947 572 2015 anni
599 1946 704 2016 illius
726 1944 778 2039 (3)
806 1960 843 2015 et
881 1943 1042 2037 plurium
1082 1941 1383 2015 antecedentium
1412 1956 1449 2014 et
1485 1967 1613 2014 conse·

273 2077 480 2172 quentium,
501 2091 541 2149 ut
565 2078 639 2148 Dei
669 2078 860 2149 oraculum
891 2076 1183 2172 suspiciendum.
1205 2076 1300 2149 Cum
1329 2076 1429 2149 enim
1459 2075 1612 2148 humani

270 2211 423 2306 generis
442 2225 543 2283 sator
562 2211 734 2283 Adamus
758 2211 931 2285 eductam
952 2238 997 2283 ex
1017 2236 1084 2283 sua
1104 2225 1208 2283 costa
1228 2212 1345 2282 Evam
1367 2226 1424 2283 est
1444 2208 1610 2292 intuituS,

270 2345 387 2417 dixit:
429 2345 514 2416 Hoc
541 2372 637 2417 mem
664 2371 701 2416 os
728 2373 771 2417 ex
799 2349 931 2418 assides
959 2348 1045 2417 meis
1073 2357 1105 2416 el
1132 2372 1214 2416 caro
1241 2345 1282 2417 de
1310 2372 1417 2416 carne
1445 2371 1522 2415 mea
1551 2356 1609 2449 erl.

272 2480 433 2573 Propter
448 2481 510 2550 lor
534 2482 710 2574 relinquet
736 2481 838 2552 horno
861 2491 1005 2575 patrem
1035 2489 1067 2553 et
1094 2491 1246 2551 matrem
1265 2487 1298 2549 el
1317 2534 1325 2550 .
1347 2477 1409 2574 (4)

362 2612 437 2684 Sed
454 2610 625 2686 Christus
643 2613 841 2697 Dominus,
859 2613 991 2686 eadem
1011 2614 1126 2685 verba
1144 2613 1246 2708 apud
1262 2612 1492 2685 Matthaeum
1509 2637 1612 2707 repe-

272 2760 367 2829 tenS,
389 2744 500 2817 altius
520 2747 568 2817 ab
589 2745 664 2819 illis
685 2745 878 2820 Geneseos
896 2772 1070 2819 exorsus:
1092 2747 1178 2818 Non
1199 2749 1346 2841 legistis,
1368 2745 1500 2839 inquit,
1525 2748 1611 2839 quin

273 2882 338 2973 qui
357 2880 443 2952 serit
458 2881 635 2951 hominem
653 2882 695 2951 ab
715 2883 833 2963 initio,
851 2884 1051 2952 marculum
1066 2881 1423 2972 elsoerrrinamseril
1436 2882 1521 2951 eos?
1535 2878 1586 2972 (5)
1602 2903 1609 2961 ;

270 3028 309 3083 et
341 3012 469 3085 subdit
497 3027 788 3107 consequenter:
820 3015 871 3086 El
901 3015 1023 3086 dixit:
1041 3015 1202 3110 Propter
1227 3015 1287 3085 lzoc
1316 3016 1492 3108 relinquet
1511 3013 1612 3083 lromo

266 3157 409 3241 palrrm
427 3159 459 3216 el
475 3158 626 3217 matrem
642 3152 704 3242 (o).
722 3147 779 3218 En
796 3147 859 3242 qui
875 3147 964 3220 fecit
978 3147 1182 3232 hominem,
1200 3148 1300 3219 idem
1321 3146 1433 3218 dixit:
1456 3147 1613 3241 Propter

271 3280 333 3350 hoc
358 3283 534 3374 relinquet
552 3274 657 3351 leonto
680 3290 821 3375 palrem
841 3292 873 3352 el
891 3292 1054 3352 rnalrem.
1076 3283 1153 3353 Sed
1173 3281 1363 3353 hominem
1384 3280 1473 3352 fecit
1493 3281 1607 3361 Deus

270 3437 362 3506 ergo
392 3426 430 3484 et
459 3413 551 3485 illud
581 3414 675 3488 dixit
704 3417 820 3488 Deus.
851 3415 957 3486 Dixit
985 3430 1108 3488 autem
1138 3414 1277 3487 Adami
1306 3439 1382 3498 ore,
1404 3412 1502 3508 quia,
1525 3439 1609 3486 cum

271 3546 417 3619 futurus
450 3564 549 3620 esset
584 3548 771 3620 humanae
804 3549 931 3643 stirpis
964 3563 1206 3644 propagator,
1241 3573 1309 3643 par
1341 3563 1421 3620 erat
1457 3563 1497 3620 ut
1530 3547 1610 3641 ipse

271 3695 444 3753 nosceret
472 3696 509 3753 et
539 3682 714 3777 proderet
743 3682 827 3778 quis
855 3683 947 3755 ritus
976 3685 1120 3757 futurus
1143 3699 1242 3756 esset
1270 3682 1369 3755 illius
1399 3707 1611 3778 propagan-

273 3814 357 3886 dae.
379 3815 469 3886 ldeo
489 3815 628 3887 Adami
648 3816 836 3911 loquentis
856 3817 997 3889 dictum
1026 3818 1167 3890 dictum
1193 3816 1263 3890 fuit
1281 3816 1355 3887 Dei
1381 3816 1608 3910 inspirantis,

271 3947 375 4042 Ergo
405 3948 522 4021 multo
553 3951 674 4041 magis
702 3974 775 4021 vox
804 3950 960 4034 Urbani,
991 3951 1053 4045 qui
1074 3942 1188 4046 caput
1207 3966 1285 4022 erat
1309 3950 1503 4022 Ecclesiae
1531 3963 1609 4022 toto

270 4083 360 4153 orbe
389 4080 562 4167 diffusae,
604 4108 677 4155 vox
706 4084 776 4156 suit
804 4084 876 4156 Dei
906 4100 942 4155 et
975 4087 1135 4157 caeleste
1164 4085 1368 4168 oraculum,
1398 4109 1483 4156 cum
1512 4098 1610 4155 esset

271 4216 319 4286 de
338 4240 384 4288 eo
414 4215 660 4290 instrumento
681 4218 769 4290 fidei
797 4220 1079 4313 propagandae,
1101 4218 1204 4313 quod
1223 4218 1298 4290 dici
1329 4232 1451 4313 potest
1479 4218 1610 4290 instru-

272 4364 438 4421 mentum
469 4348 812 4438 instrumentorum,
829 4365 870 4423 ut
898 4351 1088 4424 dexteram
1118 4366 1228 4425 vocat
1247 4350 1482 4435 Aristoteles
1507 4352 1609 4444 quod

270 4480 399 4554 omnia
418 4482 666 4556 instrumenta
686 4486 910 4556 moderetur.
932 4485 1110 4579 Idemque
1130 4510 1267 4557 nomen
1297 4501 1529 4579 promeretur
1547 4510 1610 4580 ge·

271 4616 407 4689 neralis
426 4617 627 4691 societatis
648 4619 733 4691 Iesu
753 4618 1004 4713 PraeposituS,
1022 4619 1086 4713 qui
1105 4618 1243 4713 ubique
1259 4634 1437 4691 terrarum
1455 4633 1509 4691 tot
1524 4644 1609 4691 con·

172 4769 200 4820 r.
213 4782 241 4831 4.
270 4748 454 4822 versionis
483 4749 749 4823 instru*menta
784 4768 920 4835 movet,
951 4768 1042 4845 quot
1075 4752 1187 4825 habet
1220 4752 1391 4824 subditos
1425 4776 1609 4847 propaga·

270 4880 385 4956 tionis
413 4883 500 4957 fidei
530 4898 732 4956 curatores.

360 5047 405 5125 (1)
426 5049 550 5117 Mattlr„
576 5064 620 5119 12,
643 5068 671 5107 n.
688 5066 791 5121 42.-
813 5060 857 5121 12)
880 5052 965 5119 Isari,
991 5054 1034 5120 18,
1057 5069 1088 5109 n.
1105 5064 1131 5123 7.
1147 5084 1186 5094 —
1209 5053 1253 5125 (3)
1275 5053 1369 5121 loon,
1395 5067 1439 5121 11,
1461 5072 1490 5108 n.
1507 5066 1554 5124 51.
1571 5088 1608 5096 -

269 5147 316 5223 (4)
341 5146 450 5216 Gerus,
474 5162 500 5216 2,
523 5167 553 5205 n.
577 5163 623 5219 23.
646 5183 684 5193 -
705 5148 750 5225 (5)
773 5151 894 5218 Manli,
921 5165 964 5223 io,
987 5168 1017 5207 n.
1039 5166 1067 5220 4,
1090 5164 1114 5221 5λ
1139 5183 1176 5192 -
1199 5148 1244 5223 (o)
1268 5150 1376 5217 (inies,
1402 5164 1425 5217 1,
1448 5168 1478 5209 n.
1501 5164 1546 5222 27.
