4066 6174
548 615 611 691 360
878 621 1151 672 EXPEDITIONIS
1174 619 1438 671 AETHIOPICAE
1461 621 1543 670 ETC.

546 772 660 835 nullus
672 780 746 835 erat
762 771 887 844 vultus,
903 789 1005 852 quem
1022 771 1211 853 signarent;
1228 769 1359 832 nullum
1376 777 1507 850 pectus,
1518 768 1612 851 quod
1622 765 1881 851 transfigerent:

544 888 580 949 in
602 896 703 971 terga
725 895 858 949 tantum
888 885 1115 957 incurrebant,
1139 894 1173 948 et
1201 894 1368 967 quotquot
1399 883 1546 948 assecuti
1575 894 1700 956 essent,
1732 884 1882 946 trucida·

546 1004 638 1066 bant.
662 1000 810 1084 Campus
824 1003 996 1083 spatiosus
1010 1010 1093 1073 erat,
1109 1002 1188 1084 equi
1205 1020 1273 1063 non
1288 1001 1474 1064 admodum
1489 999 1619 1073 lassati,
1635 1001 1768 1082 equites
1783 1018 1882 1082 prae·

546 1115 687 1190 feroces,
711 1138 732 1180 a
754 1119 878 1200 quibus
901 1117 1064 1180 rusticani
1085 1116 1192 1180 instar
1215 1117 1332 1179 ovium
1348 1117 1591 1180 caedebantur:
1613 1114 1745 1179 Multos
1767 1124 1882 1178 tamen

546 1253 617 1296 nox
639 1243 749 1297 tutata
771 1243 823 1296 est
846 1243 881 1295 et
903 1232 1090 1315 pendentia
1112 1234 1156 1295 ad
1179 1244 1358 1314 utrumque
1381 1231 1472 1295 latus
1487 1231 1702 1313 praecipitia,
1717 1231 1816 1312 equis
1830 1232 1881 1293 in-

546 1368 694 1421 accessa,
719 1348 876 1429 quamvis
898 1347 1006 1429 aliqui
1029 1357 1186 1421 mortem,
1202 1366 1305 1429 quam
1322 1345 1511 1431 fugiebant,
1529 1349 1564 1409 in
1580 1348 1711 1411 eisdem
1727 1347 1882 1429 abruptis

547 1483 713 1546 reperere.

234 1595 386 1645 cremum
408 1592 521 1644 multi·
636 1585 666 1643 8.
690 1578 834 1643 Cursum
857 1589 891 1643 et
922 1599 1070 1652 manum,
1101 1581 1181 1642 dum
1205 1580 1268 1642 lux
1299 1577 1373 1652 fuit,
1404 1580 1449 1643 ab
1479 1578 1700 1661 insequendis
1724 1579 1882 1643 hostibus

199 1666 277 1721 ψ·
547 1716 615 1758 non
638 1696 800 1759 abstinuit
823 1695 1021 1777 Imperator.
1047 1695 1113 1758 Per
1136 1704 1271 1759 noctem
1295 1696 1338 1757 ad
1362 1714 1479 1758 eorum
1503 1704 1615 1758 castra
1637 1694 1682 1757 ab
1709 1694 1881 1777 aliquibus

546 1820 756 1893 perventum,
769 1812 831 1875 sed
843 1811 938 1874 nulla
954 1812 1094 1874 inventa
1110 1811 1232 1893 spolia,
1247 1830 1325 1873 cum
1341 1829 1458 1874 eorum
1473 1811 1630 1892 plerique
1645 1809 1730 1873 solis
1746 1809 1881 1873 bubulis

546 1927 647 1990 coriis
669 1937 876 2011 tegerentur.
899 1927 1064 1991 Adducta
1087 1936 1166 1990 sunt
1188 1937 1397 1990 mortuorum
1420 1928 1529 2009 signa,
1554 1926 1614 1988 illa
1645 1945 1771 2008 nempe
1794 1944 1880 2007 quae

545 2040 629 2106 Saul
652 2064 672 2106 a
695 2042 830 2105 Davido
853 2043 896 2106 ad
920 2040 1012 2105 filiae
1036 2062 1118 2107 suae
1141 2043 1277 2125 nuptias
1299 2043 1473 2125 exigebat,
1498 2052 1532 2106 et
1555 2040 1644 2105 inter
1666 2060 1738 2113 eos,
1760 2042 1820 2124 qui
1847 2044 1882 2105 in

545 2159 618 2221 acie
641 2170 674 2221 et
698 2159 854 2240 abruptis
869 2159 1061 2222 deiectibus
1076 2159 1282 2230 ceciderant,
1298 2159 1342 2221 ad
1358 2167 1436 2221 octo
1453 2159 1563 2221 millia
1578 2158 1764 2240 supputati.
1789 2158 1883 2221 Inter

545 2275 676 2356 primos
698 2275 785 2337 obiit
818 2273 970 2338 Biconus
1005 2274 1218 2357 aethiopicus
1241 2273 1404 2346 Viriatus,
1435 2274 1574 2357 tyranni
1605 2273 1692 2347 Ras,
1719 2270 1883 2337 terribilis

545 2391 675 2474 ingenii
698 2400 732 2453 et
762 2392 899 2454 consilii
929 2393 1137 2464 rusticanus3
1166 2390 1367 2454 Rituamlac
1394 2391 1548 2454 eiusdem
1571 2410 1668 2454 socer
1691 2409 1770 2452 cum
1793 2386 1882 2463 filio;
2012 2476 2013 2479 Ἴ

545 2505 649 2569 Tecla
674 2506 873 2589 Haymanot
904 2505 1205 2588 Mecherequensis
1238 2506 1417 2570 triduanus
1440 2517 1474 2569 et
1497 2514 1634 2569 senator
1659 2502 1881 2569 Sebastianus

544 2620 724 2706 transfuga
745 2624 1001 2704 quatriduanus,
1025 2624 1076 2685 sui
1100 2624 1234 2705 patroni
1261 2622 1397 2685 Melcae
1420 2619 1576 2685 Christds
1599 2631 1756 2686 metator.
1772 2619 1881 2702 Quem

545 2739 591 2802 ob
613 2739 680 2800 hoc
703 2746 738 2801 et
760 2739 829 2801 alia
852 2736 1055 2802 defectionis
1078 2738 1205 2803 indicia
1227 2739 1420 2821 Imperator
1446 2737 1594 2801 vinculis
1616 2738 1833 2811 constrinxit,
1849 2750 1880 2801 et

546 2863 686 2937 peracta
708 2855 938 2935 inquisitione,
962 2855 1078 2918 multis
1101 2855 1245 2919 testibus
1273 2856 1454 2938 probatum
1486 2854 1699 2918 clandestina
1722 2852 1775 2916 illi
1808 2873 1880 2917 esse

547 2989 624 3033 cum
647 2968 746 3032 hoste
762 2969 967 3033 commercia
981 2979 1015 3034 et
1031 2971 1184 3033 crebram
1201 2989 1376 3034 munerum
1393 2971 1663 3042 missitationem,
1680 2989 1720 3032 ac
1737 2971 1878 3052 primam

546 3085 710 3171 tranfugii
727 3089 942 3150 occasionem
958 3088 1120 3168 opperiri.
1135 3083 1192 3149 Ob
1203 3106 1291 3167 quae
1303 3086 1445 3150 crimina
1462 3086 1562 3150 morti
1575 3084 1640 3149 fuit
1652 3085 1877 3156 adiudicatus;
2012 3074 2013 3151 i

547 3205 607 3265 sed
631 3202 726 3266 illam
749 3202 941 3284 Imperator
970 3202 1078 3265 exilio
1110 3204 1143 3264 in
1174 3199 1308 3265 fervida
1339 3205 1425 3275 loca,
1450 3201 1632 3284 publicatis
1655 3202 1749 3283 prius
1772 3201 1875 3271 bonis,

547 3320 769 3382 commutavit
781 3329 815 3381 et
831 3337 908 3381 cum
924 3318 1112 3381 ditissimus
1127 3320 1278 3381 omnium
1294 3317 1581 3399 Aethiopicorum
1597 3317 1790 3387 haberetur,
1806 3335 1874 3378 een-

547 3444 619 3496 tum
635 3453 672 3496 se
688 3436 760 3496 auri
777 3452 974 3516 oquearum,
991 3455 1049 3498 seu
1066 3435 1161 3496 mille
1177 3453 1392 3497 nummorum
1409 3451 1642 3516 possessorem
1657 3441 1790 3495 tanturn
1809 3451 1875 3495 esse

548 3549 730 3621 confessus
748 3562 809 3614 est.
833 3550 880 3614 Et
903 3559 997 3614 tanta
1020 3561 1072 3614 est
1090 3550 1191 3614 huius
1214 3552 1365 3634 regionis
1387 3550 1546 3621 tenuitas,
1570 3559 1605 3612 ut
1628 3549 1658 3612 si
1675 3549 1765 3612 dena
1780 3566 1875 3629 oque·

549 3686 643 3730 arum
668 3667 777 3730 millia
793 3669 827 3730 in
844 3686 923 3730 arca
937 3668 1087 3749 reposita
1101 3668 1252 3736 haberet,
1269 3665 1479 3748 Aethiopiae
1494 3663 1639 3729 Craesus
1655 3665 1726 3728 dici
1742 3665 1871 3727 valeret

2012 4700 2013 4737 i

2012 4770 2013 4823 i

2012 4838 2013 4869 i
