4124 6182
548 594 605 637 122
877 588 1149 638 EXPEDITIONIS
1173 588 1434 639 AETHIOPICAE
1457 591 1538 641 ETC.

542 735 683 805 cordiae,
699 735 893 807 retribuam,
910 736 977 821 qui,
994 736 1146 800 iustitiae
1161 742 1269 801 rectae
1284 737 1392 801 oerelos
1407 736 1446 799 ab
1462 735 1658 822 iniquitatis
1673 754 1763 799 meae
1778 734 1875 797 uultu

542 854 707 925 avertens,
730 851 883 935 qrmmvis
905 853 1039 916 minam
1060 853 1184 917 deletu
1208 852 1246 916 in
1268 853 1417 916 lucernis
1438 856 1616 923 serietatem,
1641 872 1693 914 me
1715 849 1876 913 hactenus

542 967 655 1030 ormam
672 974 797 1051 passus
818 973 879 1039 est,
903 975 944 1033 ut
964 969 1068 1033 huius
1090 969 1240 1033 laetitiae
1273 973 1307 1032 et
1326 969 1554 1034 exultott'om's
1578 988 1684 1032 vocem
1711 964 1874 1039 audirem,

542 1102 643 1166 quam
660 1090 725 1168 per
749 1089 799 1147 tot
819 1106 927 1148 annos
949 1085 1130 1171 expectavi,
1157 1090 1193 1148 et
1213 1108 1234 1148 a
1258 1106 1323 1170 qua
1343 1085 1514 1170 peredulus
1530 1084 1615 1172 fuit
1635 1083 1873 1169 cogitationem

542 1220 694 1263 mearum
724 1200 867 1264 *tiernus
896 1202 936 1265 ab
966 1201 1082 1264 arbore
1104 1200 1202 1288 longi
1221 1201 1348 1265 amoris
1371 1200 1629 1264 Dominatoonis
1659 1199 1798 1262 Vestrae
1820 1218 1873 1259 su·
1908 1208 1963 1258 tto.

540 1317 707 1400 sponsus?
729 1318 802 1382 Sed
820 1318 918 1381 Deus
940 1324 1031 1381 totns
1052 1322 1087 1380 et
1109 1317 1147 1380 in
1171 1322 1278 1381 totum
1302 1318 1416 1389 bonus,
1440 1337 1478 1380 ao
1501 1337 1670 1379 summum
1700 1315 1819 1377 bonum
1842 1319 1874 1376 et

539 1431 733 1496 elementiae
761 1432 1046 1518 neperabuudans,
1069 1439 1112 1497 nt
1134 1455 1184 1498 me
1205 1435 1349 1520 dignum
1364 1429 1457 1519 siau
1479 1432 1603 1495 nuntii
1619 1431 1783 1495 aduentus
1805 1429 1872 1491 Do·

539 1548 740 1612 minationis
767 1550 905 1612 Vestrae
927 1550 1099 1621 audiendi,
1131 1570 1194 1633 qno
1218 1549 1329 1613 labore
1358 1555 1393 1612 et
1420 1568 1521 1612 onore
1550 1552 1687 1611 sanctae
1699 1546 1798 1630 Jia'ei
1822 1566 1872 1608 ca·

538 1663 679 1728 thelicae
695 1671 760 1749 per
782 1665 919 1750 longum
944 1671 1074 1750 tempus
1091 1667 1282 1750 portandae
1304 1685 1357 1728 me
1378 1664 1509 1738 leoam't,
1536 1665 1586 1727 eta
1600 1663 1744 1748 dignum
1754 1661 1874 1750 saciat

537 1779 607 1842 om's
636 1780 893 1844 Damnationis
922 1781 1060 1845 Vestrae
1089 1779 1345 1866 contemplando,
1376 1785 1411 1843 et
1432 1781 1555 1844 calceos
1584 1779 1710 1843 motlz'es
1739 1798 1870 1841 exosae·

536 1896 643 1959 laudi.
667 1896 724 1960 En
747 1897 853 1959 scribo
876 1903 910 1960 et
929 1897 1030 1961 em'om
1056 1897 1178 1983 flagito
1201 1917 1223 1959 a
1253 1896 1373 1960 Vestra
1400 1895 1654 1965 Dominateone,
1677 1893 1820 1979 pretatis
1840 1898 1873 1955 et

536 2013 662 2075 amoris
691 2033 773 2098 erga
803 2034 875 2076 oues
904 2034 984 2076 suas
1014 2012 1153 2100 referto,
1184 2017 1225 2076 ut
1253 2010 1431 2076 adventum
1462 2032 1572 2081 neum,
1596 2015 1761 2096 quantum
1784 2009 1874 2093 fieri

531 2129 651 2212 possit,
680 2128 843 2203 acceleret,
873 2129 1061 2212 multosque
1090 2149 1198 2191 secum
1218 2133 1334 2213 potres
1364 2127 1428 2191 true
1457 2124 1601 2214 inferat.
1634 2128 1755 2191 Vestra
1781 2125 1869 2188 enim

534 2244 613 2308 leaeo
635 2244 727 2331 regio
749 2244 959 2330 Aethiopica,
982 2266 1066 2330 quae
1088 2246 1191 2314 modo,
1215 2265 1259 2308 ex
1280 2245 1336 2308 oia
1359 2249 1538 2328 corruptae
1560 2241 1735 2306 doetrinae
1757 2246 1791 2304 et
1795 2240 1870 2324 fide

533 2364 685 2423 tortuosa
708 2366 742 2423 et
761 2381 914 2424 errorum
941 2360 1099 2423 Dioscori
1121 2358 1232 2446 foeta,
1263 2361 1311 2423 aa'
1337 2359 1564 2444 tranquillum
1590 2363 1731 2444 portum
1762 2361 1869 2420 rectae

524 2475 619 2558 fidei
637 2475 712 2538 deiri
730 2475 853 2539 monet
870 2476 1047 2561 pontificis
1066 2476 1209 2547 romani,
1239 2480 1273 2539 ot
1296 2475 1374 2539 deiri
1396 2475 1499 2539 Petri
1516 2480 1696 2560 pastorum
1719 2473 1868 2558 pastores

531 2611 567 2655 se
589 2591 721 2676 recepit,
744 2592 936 2656 vastissimo
957 2597 1015 2663 est,
1050 2598 1085 2655 et
1118 2592 1237 2655 multis
1269 2591 1479 2656 ethnicorum
1513 2589 1736 2653 chmstranom
1759 2588 1866 2672 fidem

532 2708 692 2771 ardenter
716 2707 926 2771 rabientium
957 2707 1104 2772 trr'brebus
1126 2706 1363 2794 frequentata.
1397 2707 1470 2770 Nee
1500 2706 1606 2770 multo
1629 2711 1709 2768 ante
1742 2704 1864 2767 memte

532 2823 604 2886 Dei
622 2820 786 2886 benedieti
807 2827 842 2886 et
862 2823 988 2886 sanctis
1010 2822 1267 2886 Damnationis
1297 2823 1435 2886 Vestrae
1464 2821 1675 2886 orationibus
1696 2818 1813 2885 everti,
1835 2824 1868 2880 et

531 2938 608 3023 igne
630 2939 794 3001 combussi
813 2938 952 3011 titolum,
980 2937 1067 3023 quod
1093 2939 1222 3002 multae
1247 2938 1468 3009 ethnicorum,
1492 2937 1555 3022 qui
1580 2937 1744 3001 driuntrm
1766 2935 1864 3019 Agai,

531 3053 638 3116 tribus
659 3052 840 3140 confertim
864 3054 1020 3125 colebant,
1044 3054 1139 3117 merus
1155 3054 1296 3117 initium
1314 3054 1350 3116 ob
1365 3053 1495 3117 erroris
1508 3051 1751 3137 emmunitatem
1775 3051 1864 3137 e‘gno-

532 3173 642 3230 rotur.
666 3169 722 3231 En
745 3168 787 3231 hi
806 3168 902 3232 hodie
924 3169 1044 3253 absque
1066 3189 1207 3231 nummo
1233 3169 1271 3231 in
1301 3174 1453 3232 samaim
1478 3168 1644 3253 baptisma
1670 3167 1864 3253 congloban-

530 3288 598 3346 tur.
623 3284 782 3368 [demque
799 3291 981 3369 praestant
1002 3284 1071 3348 olii
1090 3282 1174 3348 dr'cti
1194 3283 1326 3371 Cajres,
1349 3284 1467 3369 queiees
1492 3305 1601 3348 unum
1628 3284 1735 3371 officit
1763 3283 1863 3346 obsto·

530 3400 643 3462 ceolum
667 3401 756 3483 quod
775 3405 826 3463 est
841 3406 984 3484 patrum
1007 3400 1172 3488 defectus,
1196 3422 1277 3485 qnos
1300 3406 1342 3464 ut
1365 3401 1486 3465 Vestra
1501 3400 1705 3464 Dominatio
1727 3420 1796 3463 non
1811 3402 1864 3469 tot,

530 3514 613 3599 quin
631 3516 751 3600 pierres
772 3536 881 3579 seeum
904 3515 1048 3603 inferat,
1073 3517 1195 3581 iterum
1219 3521 1321 3602 atque
1344 3516 1469 3581 iterum
1494 3518 1668 3581 instanter
1683 3536 1751 3579 oro.

217 3638 400 3689 Difficulnte·
424 3654 501 3722 ery3
619 3633 648 3693 6.
673 3629 848 3695 Summam
865 3632 930 3694 hae
951 3633 1086 3694 litterae
1110 3633 1275 3696 laetitiam
1300 3644 1333 3696 et
1349 3635 1562 3696 alacritatem
1579 3634 1614 3696 in
1630 3633 1861 3695 Patriarcham

179 3710 500 3832 ss}:⁶0‡,⁸e·⁰⁸v¹⁸⁸fl⁰¹¹¹
528 3758 562 3809 et
585 3749 698 3810 socios
721 3748 895 3820 invexere,
919 3750 979 3810 sed
1003 3769 1070 3811 non
1095 3751 1260 3811 minorem
1284 3749 1553 3812 sollicitudinem
1569 3748 1710 3812 navium
1727 3750 1761 3811 in
1778 3747 1862 3829 Ery·

527 3865 683 3925 thraeum
709 3883 802 3926 mare
824 3865 1115 3946 expediendamm
1139 3863 1332 3937 difficultas,
1361 3885 1438 3928 cum
1470 3867 1656 3935 institores,
1687 3866 1747 3945 qui
1781 3883 1861 3926 mer·

527 4000 584 4041 ces
615 3981 649 4041 in
680 3998 776 4041 oram
808 3981 1033 4061 aethiopicam
1060 3991 1243 4063 exportare
1274 3991 1532 4052 consueverant,
1564 4002 1645 4044 suas
1667 3980 1730 4043 illo
1761 3999 1862 4043 naves

527 4113 675 4164 onerare,
700 4093 886 4156 Turcarum
909 4095 1132 4175 rapacitatem
1155 4107 1190 4159 et
1214 4098 1429 4159 atrocitatem
1454 4116 1562 4179 nuper
1584 4098 1731 4177 experti,
1755 4098 1860 4159 detre-

526 4219 668 4279 ctarent,
700 4229 762 4271 nec
786 4229 847 4271 eae
871 4210 978 4272 moles
1002 4211 1082 4273 ullis
1105 4212 1359 4274 conditionibus
1385 4214 1539 4295 superari
1569 4222 1721 4294 possent,
1753 4222 1787 4275 et
1816 4213 1860 4273 ita

526 4326 570 4386 ob
606 4326 704 4386 navis
738 4323 911 4388 defectum
945 4325 1164 4389 Patriarchae
1198 4326 1257 4389 Dii
1289 4339 1381 4391 esset
1415 4329 1684 4400 subsistendum,
1721 4328 1860 4405 Bacaini

525 4441 646 4502 ducem
669 4439 888 4503 Franciscum
911 4439 1097 4504 Monisium
1121 4440 1268 4505 Silvium
1292 4442 1472 4527 virumque
1496 4444 1602 4506 alium
1618 4445 1753 4507 divitiis
1767 4464 1859 4527 prae·

524 4566 710 4637 potentem,
734 4555 866 4636 Lupum
890 4553 1090 4619 Gomesium
1113 4559 1278 4630 Abreum‚
1303 4578 1364 4640 per
1395 4559 1529 4623 litteras
1559 4579 1689 4641 prorex
1715 4560 1857 4643 impulit,

524 4683 561 4733 ut
585 4671 720 4733 adeum
738 4672 771 4732 in
788 4670 1035 4753 Aethiopicum
1059 4674 1156 4735 littus
1179 4676 1421 4755 exponendum
1444 4685 1513 4737 tres
1527 4675 1680 4741 biremes
1699 4686 1858 4740 rostratas

523 4787 594 4850 suis
616 4787 807 4867 sumptibus
830 4796 997 4849 ornarent.
1022 4785 1155 4868 Quibus
1184 4799 1262 4871 post
1292 4791 1474 4871 paschales
1497 4788 1603 4854 ferias
1625 4795 1729 4855 tertio
1757 4810 1857 4855 nonas

210 4908 387 4960 Patriarcha
407 4910 496 4993 coeii
524 4902 643 4983 aprilis
667 4902 846 4981 impositus
869 4901 1070 4965 Patriarcha
1092 4923 1169 4966 cum
1193 4924 1256 4967 sex
1282 4906 1397 4979 sociis,
1424 4905 1553 4969 Ioanne
1568 4906 1721 4971 Velasco
1749 4916 1856 4971 austu·

173 4981 281 5114 {23³⁰
305 4981 336 5032 ω
358 4983 496 5033 ‘mm'
523 5017 657 5087 ricensi
674 5015 791 5077 Bruno
805 5016 912 5078 Bruni
939 5036 1089 5091 romano,
1107 5018 1342 5101 Hierony*mo
1357 5021 1456 5102 Lupo
1473 5022 1744 5105 ulyssiponensi‚
1758 5023 1857 5085 Fran·
1879 5028 1896 5076 t.
1912 5018 1970 5077 ⁶⁰5·

523 5131 615 5194 cisco
638 5130 797 5212 Marquio
819 5132 1068 5205 braccharensi,
1085 5133 1213 5197 Ioanne
1230 5135 1393 5199 Martinio
1421 5137 1650 5220 complutensi
1671 5151 1706 5202 et
1723 5139 1857 5202 Emma-
