4058 6178
698 2218 886 2297 CAPUT
912 2218 1004 2295 Vll.

220 2510 443 2587 Ecclesiae
472 2533 498 2585 a
525 2510 771 2587 Patriarcha
797 2511 1018 2587 visitantur
1043 2521 1085 2587 et
1111 2532 1273 2587 sacrum
1301 2510 1483 2585 chrisma

746 2644 962 2721 confertur.

279 3011 307 3053 1.
331 2990 583 3055 Lustrationem
618 2990 838 3054 ecclesiarum
868 2990 1074 3074 episcopisa
1097 2990 1173 3053 Deo
1188 2998 1222 3053 et
1245 2989 1401 3052 conciliis
1431 2990 1521 3052 inter
1581 3000 1735 3050 Oculorum
1759 2999 1866 3051 dolor

178 3109 298 3191 prima
320 3108 594 3171 commendatam
618 3126 702 3170 mox
724 3108 852 3171 adoriri
874 3108 985 3171 voluit
1007 3105 1206 3169 Patriarcha
1229 3106 1288 3168 ubi
1314 3104 1349 3168 in
1372 3104 1520 3168 Aethio-
1546 3069 1862 3193 5:3⁸ffi22⁹¹'“¹‘

179 3224 279 3307 piam
303 3232 356 3287 est
378 3224 566 3306 ingressus,
585 3224 646 3287 sed
669 3243 745 3286 eam
767 3222 936 3286 tantulum
952 3222 1214 3305 procrastinavit
1237 3240 1284 3284 ex
1306 3240 1423 3285 corum
1439 3241 1519 3284 con·

179 3340 276 3413 silio,
300 3339 359 3422 qui
382 3340 533 3402 nondum
568 3340 653 3404 satis
687 3340 877 3422 exploratis
900 3349 934 3402 et
959 3339 1091 3421 pacatis
1117 3339 1366 3401 rusticanorum
1396 3338 1519 3400 animis

179 3456 314 3519 lentius
337 3452 568 3519 festinandum
599 3469 812 3519 censuerunt.
844 3453 930 3518 Cum
961 3456 1035 3518 visa
1065 3466 1227 3537 appetere
1256 3454 1520 3536 tempestivitas,

181 3572 341 3653 auspicia
362 3572 528 3634 sumenda
543 3591 564 3634 a
579 3570 757 3635 Dambaea
772 3572 817 3634 ab
832 3572 939 3653 ipsius
954 3571 1057 3634 domo
1072 3570 1107 3633 in
1123 3569 1336 3633 occidentem
1351 3577 1518 3651 porrecta,

181 3686 386 3751 iudicatum.
409 3684 480 3750 Sed
503 3706 581 3751 cum
604 3706 706 3752 unam
737 3688 794 3750 vel
819 3689 962 3750 alteram
993 3686 1174 3749 ecclesiam
1202 3682 1336 3748 fervido
1366 3697 1520 3767 tempore

181 3802 339 3874 adiisset,
363 3803 454 3866 oculi
478 3804 565 3867 adeo
588 3805 810 3885 pertinaciter
832 3804 998 3886 sanguine
1021 3812 1100 3866 sunt
1123 3799 1242 3865 suffusi
1258 3812 1296 3864 ut
1311 3802 1346 3864 in
1362 3801 1521 3883 proprios

59 3964 66 3979 .
120 3965 127 3986 ,
145 3966 154 3981 .
182 3919 278 3981 lares
301 3919 422 3990 redire,
447 3929 481 3981 et
498 3927 619 4001 postea
633 3919 720 3981 duos
736 3937 846 3981 annos
865 3919 910 3980 ob
926 3918 1151 3980 rebellionum
1167 3915 1399 3979 *rumusculos
1415 3935 1520 3998 expe·

182 4042 280 4096 ctare
302 4034 348 4096 sit
371 4044 520 4104 coactus,
545 4034 654 4097 donee
678 4046 773 4096 certa
795 4034 901 4097 allata
926 4043 1005 4096 sunt
1035 4032 1154 4096 nuntia
1184 4033 1362 4095 electionis
1385 4043 1418 4095 et
1441 4050 1520 4114 pro-

182 4148 273 4210 ximi
297 4148 466 4212 adventus
489 4149 641 4231 episcopi
665 4148 819 4222 Nicaeni,
842 4168 910 4232 quo
933 4150 1081 4220 invecto,
1104 4149 1134 4210 si
1157 4167 1224 4229 qua
1246 4147 1445 4211 vetustioris
1468 4166 1519 4209 ra·

183 4264 287 4327 malis
303 4263 437 4327 avulsio
464 4263 676 4346 contigisset,
703 4283 851 4347 propero
865 4263 993 4328 surculi
1008 4264 1149 4327 alterius
1164 4262 1257 4326 aurei
1273 4263 1520 4326 succrescentis

182 4379 340 4443 subsidio
364 4389 572 4462 pensaretur.

278 4515 307 4558 2.
331 4494 437 4558 Prota
467 4496 686 4578 postmodum
718 4515 882 4559 conversa
912 4496 947 4558 in
970 4494 1182 4577 provinciam
1205 4491 1428 4577 Ogarensem,
1447 4495 1520 4556 lon·
1581 4505 1624 4554 Ab
1644 4504 1743 4588 'omri
1769 4513 1868 4569 coepta

183 4628 267 4694 gam
290 4611 539 4694 quinquaginta
562 4621 709 4694 quatuor
731 4611 945 4683 milliaribus,
969 4611 1088 4673 decem
1111 4620 1145 4673 et
1168 4622 1247 4673 octo
1277 4612 1394 4682 latam,
1429 4610 1519 4691 posi·
1546 4576 1681 4627 mmm

183 4728 279 4789 tione
296 4726 479 4789 sublimem
495 4727 641 4810 ideoque
657 4724 914 4811 praefrigidam,
930 4735 965 4789 et
983 4727 1089 4789 tritici
1105 4738 1208 4809 atque
1219 4725 1338 4789 hordei
1356 4723 1519 4795 feracem:

184 4860 206 4905 a
229 4861 392 4909 mucrone
416 4843 607 4923 aquilonari
630 4841 863 4914 Lamalmone,
888 4843 932 4905 ab
955 4843 1095 4906 australi
1120 4841 1293 4904 Dancasio
1314 4839 1454 4904 finitam.
1479 4840 1519 4904 In

185 4976 226 5020 ea
249 4958 341 5021 ultra
364 4967 592 5041 septuagenas
615 4968 694 5021 sunt
717 4957 885 5020 ecclesiae
908 4967 942 5020 et
958 4958 1073 5039 aliqua
1089 4957 1265 5020 coenobia.
1282 4956 1425 5020 Laboris
1439 4977 1519 5019 con·

185 5091 261 5136 sors
284 5082 482 5155 assumptus
504 5093 536 5154 p.
560 5070 764 5135 Emmanuel
786 5072 952 5135 Almeida
967 5069 1151 5136 Societatis
1173 5071 1253 5135 Iesu
1268 5073 1432 5154 superior,
1448 5091 1520 5135 om·

184 5188 287 5252 nibus
310 5188 426 5252 clarus
447 5190 611 5252 virtutum
635 5200 670 5252 et
693 5189 857 5252 scientiae
873 5188 1091 5251 ornamentis.
1112 5185 1293 5251 Coeterum
1320 5189 1518 5250 comitatum
