4124 6182
231 1190 345 1241 Bellum
361 1193 473 1254 oram
486 1191 517 1242 ln

197 1263 364 1313 Dambaeam
374 1273 518 1326 transpor-

196 1343 250 1384 tati
264 1334 450 1398 insequuntur
459 1338 517 1384 Lu·

195 1403 292 1456 duni.

233 2467 374 2526 Gragnam
387 2465 451 2514 duci
464 2480 517 2515 suo

196 2536 518 2620 inlerlasret'eruntLu·

196 2618 293 2657 stram.

233 3509 350 3561 Huius
383 3510 517 3560 victoriae

197 3583 362 3645 trophaeum
372 3595 448 3631 nunc
457 3595 517 3631 cer·

197 3653 274 3703 nitur
292 3654 323 3701 ln
341 3653 473 3702 oleastro.

232 4667 368 4717 Claudius
395 4666 517 4715 Patriar-

196 4740 276 4787 cham
305 4737 335 4786 in
360 4736 515 4795 exilium,

196 4808 349 4859 Lusitanos
375 4808 406 4857 in
437 4823 517 4871 prae·

198 4879 318 4930 tectura·
344 4880 446 4930 callide
474 4879 518 4929 di·

196 4951 313 5013 spergit.

546 562 586 619 80
879 567 1153 618 EXPEDITIONIS
1176 566 1439 618 AETHIOPICAE
1461 567 1544 619 ETC.

544 737 633 801 gnae
656 719 820 793 oblatum,
844 719 917 800 ipse
951 718 995 781 ad
1025 736 1123 781 suum
1157 726 1191 780 et
1221 715 1441 799 pseudovatis
1471 716 1673 796 obsequium
1704 714 1878 778 inflectere

543 835 700 907 tentavit,
722 835 784 897 sed
805 853 882 896 cum
907 835 966 897 ille
989 843 1185 897 constanter
1206 843 1385 916 utramque
1405 832 1694 895 machinationem
1711 831 1879 901 elusisset,

545 952 657 1032 picata
680 959 715 1013 et
738 950 875 1014 incensa
898 951 991 1033 prius
1013 951 1131 1023 barba,
1155 950 1326 1013 cervicem
1350 949 1385 1012 in
1408 947 1623 1011 Christianae
1652 945 1732 1011 fidei
1763 946 1880 1011 defen-

544 1066 674 1129 sionem
698 1067 886 1147 intrepidus
907 1066 1076 1130 extendit.

638 1202 686 1243 10.
710 1182 855 1245 Tantam
880 1182 1127 1245 immanitatem
1151 1181 1353 1263 impunitam
1377 1179 1519 1266 Gragna
1540 1201 1610 1245 non
1633 1181 1794 1253 abstulit,
1810 1199 1880 1243 cre-

544 1300 628 1361 dens
651 1300 742 1361 enim
766 1299 899 1360 unicam
924 1296 1160 1380 Christopheri
1185 1299 1291 1361 vitam
1321 1307 1431 1362 toturn
1463 1318 1541 1362 esse
1570 1299 1715 1367 obicem,
1747 1316 1816 1379 quo
1839 1299 1882 1359 ab

545 1413 754 1495 Aethiopiae
776 1414 993 1495 possessione
1008 1412 1307 1486 disterminaretur,
1324 1415 1455 1477 bellum
1472 1415 1505 1478 in
1524 1414 1721 1478 Dambaeae
1738 1431 1881 1496 regnum

545 1549 622 1593 cum
646 1528 777 1593 infinita
800 1548 936 1592 suorum
960 1529 1108 1593 militum
1138 1530 1288 1592 colluvie
1318 1530 1573 1612 transportavit,
1604 1531 1717 1612 ipsum
1741 1549 1762 1592 a
1784 1537 1882 1611 tergo

547 1646 804 1726 insequentibus
827 1654 962 1708 centum
982 1656 1016 1707 et
1030 1645 1173 1727 triginta
1188 1645 1361 1709 Lusitanis
1375 1646 1625 1727 superstitibus,
1645 1646 1705 1728 qui
1727 1665 1766 1707 se
1782 1642 1882 1707 Clau-

545 1762 604 1824 dio
627 1772 788 1824 montana
811 1762 993 1833 obsidenti,
1017 1772 1050 1823 et
1074 1770 1153 1823 octo
1169 1762 1279 1824 millia
1295 1762 1458 1844 peditum,
1475 1771 1510 1824 et
1525 1762 1730 1844 quingentos
1747 1770 1881 1824 tantum

544 1880 675 1959 equites
698 1878 861 1951 censenti,
877 1876 1116 1940 adiunxerunt.
1133 1874 1257 1941 Coram
1273 1878 1407 1960 quibus,
1423 1888 1456 1940 et
1479 1876 1673 1959 patriarcha
1698 1876 1883 1939 Bermudio

544 1991 709 2056 Claudius
731 1992 913 2065 Lusitanis,
936 1992 966 2057 si
989 1991 1165 2076 Gragnam
1189 1994 1380 2066 caederent,
1403 1994 1539 2056 tertiam
1562 1992 1660 2075 regni
1680 1994 1733 2055 sui
1749 2001 1882 2073 partem

544 2108 727 2197 spopondit
750 2118 784 2171 et
807 2110 1021 2171 exolvendae
1052 2108 1214 2171 Romano
1244 2106 1403 2172 Pontifici
1434 2128 1511 2172 eum
1542 2119 1616 2172 toto
1645 2128 1708 2171 suo
1739 2108 1883 2189 imperio

545 2225 759 2287 obedientiae
782 2225 975 2306 pactionem
1000 2225 1189 2287 renovavit.
1213 2223 1270 2288 Ob
1293 2244 1396 2306 quam
1419 2225 1704 2306 pollicitationem
1720 2222 1817 2287 Deus
1832 2223 1885 2285 illi

546 2342 767 2411 incruentam,
792 2353 826 2403 et
850 2340 935 2402 citra
957 2341 1065 2403 ullum
1088 2359 1226 2403 suorum
1242 2342 1399 2403 sudorem
1417 2341 1476 2403 vel
1494 2341 1682 2421 pulverem,
1699 2340 1882 2401 victoriam

546 2457 725 2519 concessit.
749 2454 923 2540 Gragnam
947 2458 1037 2519 enim
1068 2457 1254 2536 pantherae
1285 2455 1421 2519 exuviis
1452 2457 1662 2519 maculosum
1686 2474 1733 2517 ex
1756 2456 1885 2539 irrigua

545 2583 580 2636 et
603 2573 698 2635 uberi
722 2571 901 2655 Darasgue
932 2572 1074 2654 planitie
1097 2573 1212 2656 (quam
1238 2592 1341 2654 saepe
1372 2570 1498 2635 fuimus
1520 2572 1762 2654 praetervecti)
1794 2573 1885 2634 inter

545 2692 698 2752 devexas
720 2685 881 2751 *duorum
906 2690 1072 2750 montium
1095 2688 1312 2751 declivitates
1327 2686 1557 2759 festinantem,
1573 2689 1618 2750 ad
1633 2685 1816 2750 Claudium
1839 2708 1885 2750 en
1909 2695 1927 2744 t.
1942 2708 1998 2759 43³·

546 2805 589 2867 iis
611 2805 654 2868 ad
675 2804 830 2887 planiora
845 2803 1069 2875 evocandum,
1085 2822 1132 2866 ex
1148 2805 1270 2886 supino
1286 2803 1420 2866 modice
1436 2803 1525 2866 colle
1540 2804 1747 2888 dignoscens
1763 2804 1885 2865 Petrus

544 2921 616 2984 Leo
639 2919 874 3001 Christophori
898 2918 1144 2982 cubicularius:
1175 2918 1301 3002 Eques,
1325 2921 1383 2991 ait,
1415 2919 1476 2983 ille
1506 2919 1737 3001 pantherinus,
1771 2938 1883 2981 meum

545 3048 597 3100 est
621 3035 798 3099 ferculum.
822 3035 868 3098 Et
890 3033 1000 3098 ferrea
1022 3033 1137 3098 fistula
1160 3038 1194 3098 in
1218 3036 1337 3099 oculos
1359 3036 1506 3108 sublata,
1533 3055 1641 3116 eaque
1671 3037 1814 3119 egregie
1846 3034 1885 3097 li·

545 3154 652 3223 brata,
676 3153 922 3235 singultantem
946 3161 981 3215 et
1004 3172 1065 3213 suo
1080 3149 1253 3233 perfusum
1277 3152 1442 3234 sanguine
1465 3171 1510 3213 ex
1527 3171 1616 3233 equo
1631 3150 1767 3223 deiecit,
1783 3161 1886 3213 sexta

545 3270 601 3332 die
624 3266 785 3332 februarii
809 3270 890 3331 anni
917 3288 1011 3347 1543,
1036 3288 1112 3331 cum
1137 3269 1196 3331 ille
1219 3278 1311 3331 totos
1334 3268 1592 3348 quatuordecim
1615 3267 1826 3349 Aethiopiae
1842 3268 1885 3328 li-

545 3395 661 3447 center
685 3385 890 3456 insultasset,
915 3385 1077 3466 illamque
1097 3386 1231 3467 penitus
1247 3384 1508 3447 mahometanae
1524 3392 1638 3446 sectae
1653 3384 1883 3464 subiugasset.

544 3500 585 3563 In
608 3502 705 3582 regia
727 3520 774 3563 ex
796 3500 1028 3582 superioribus
1052 3500 1249 3563 Dambaeae
1281 3501 1370 3583 iugis
1401 3499 1435 3562 in
1466 3498 1648 3564 Goiamam
1679 3500 1738 3562 via
1769 3500 1881 3583 (quam

545 3614 740 3697 frequenter
762 3635 878 3678 sumus
901 3614 1041 3688 emensi,
1065 3617 1157 3697 quod
1181 3636 1201 3678 a
1225 3616 1329 3697 regiis
1352 3615 1473 3678 castris
1495 3625 1589 3678 recta
1605 3615 1640 3677 in
1656 3627 1809 3679 nostram
1825 3618 1885 3678 do·

544 3751 636 3793 mum
671 3730 821 3814 duceret)
852 3730 885 3792 in
918 3731 1031 3793 altiori
1062 3731 1166 3794 duum
1197 3730 1334 3793 illorum
1367 3731 1531 3793 montium
1555 3730 1765 3803 devexitate,
1798 3752 1884 3814 quae

545 3845 747 3931 Gragnaber
769 3849 858 3909 idest
877 3843 1037 3930 Gragnae
1053 3848 1214 3910 transitus
1229 3846 1364 3915 dicitur,
1381 3867 1510 3909 annosa
1527 3847 1560 3910 in
1577 3850 1711 3911 coelum
1726 3847 1882 3929 trophaei

544 3963 649 4027 instar
675 3963 824 4026 tenditur
847 3963 934 4035 olea,
958 3963 993 4025 in
1015 3982 1117 4044 quam
1141 3974 1219 4044 post
1243 3960 1418 4044 Gragnam
1442 3961 1611 4026 deiectum
1635 3963 1795 4026 dicuntur
1818 3962 1884 4024 Lu-

545 4081 647 4143 sitani
670 4077 794 4141 festiva
825 4080 1040 4142 contentione
1064 4077 1170 4142 fartas
1200 4080 1384 4160 sulphureo
1415 4080 1557 4159 pulvere
1584 4090 1619 4142 et
1642 4076 1763 4142 ferreis
1786 4081 1884 4161 glan·

545 4196 645 4257 dibus
659 4193 792 4258 fistulas
807 4213 1023 4258 exonerasse.
1040 4192 1141 4275 Quod
1157 4195 1327 4275 hodieque
1339 4203 1508 4258 testantur
1520 4194 1656 4257 rotundi
1667 4204 1742 4258 toto
1755 4196 1883 4258 circum

544 4322 664 4372 trunco
694 4311 814 4390 sparsi,
845 4320 879 4371 et
909 4311 1013 4372 ramis
1043 4309 1296 4383 vetustioribus,
1331 4310 1455 4374 hiatus.
1491 4308 1562 4373 Ubi
1597 4311 1813 4393 pyramidem
1850 4312 1881 4372 in

544 4435 719 4487 aeternum
750 4426 836 4487 tanti
866 4422 1028 4487 facinoris
1051 4436 1307 4488 monumentum
1331 4425 1431 4489 nobis
1455 4427 1614 4489 attollere
1638 4427 1882 4490 meditantibus

544 4541 771 4624 conglobatae
790 4551 978 4622 temporum
1003 4540 1217 4603 calamitates
1241 4543 1458 4606 obstiterunt.

638 4676 687 4719 11.
711 4655 760 4719 Ut
784 4657 1084 4737 nuncupandorum
1108 4666 1266 4720 votorum
1297 4668 1482 4740 tempestas
1513 4669 1591 4721 sunt
1622 4678 1676 4721 res
1707 4658 1881 4727 adversae,

546 4770 593 4834 ita
615 4790 798 4853 prosperae
822 4773 1075 4843 solvendorum,
1099 4793 1167 4835 non
1192 4784 1305 4837 tamen
1327 4775 1526 4855 imperatori
1549 4774 1706 4847 Claudio,
1738 4775 1799 4855 qui
1827 4775 1881 4836 ubi

545 4907 582 4947 se
605 4886 764 4968 Gragnae
788 4898 880 4950 metu
904 4889 1051 4951 solutum
1076 4889 1173 4960 vidit,
1201 4888 1417 4951 Patriarchae
1433 4899 1466 4951 et
1482 4888 1726 4952 Lusitanorum
1743 4899 1879 4972 aspectu

545 5022 642 5064 suam
665 5000 843 5084 perfidiam
868 5013 1058 5075 accusante,
1083 5025 1120 5067 se
1143 5002 1274 5067 curavit
1297 5004 1465 5083 expediri,
1490 5003 1562 5075 ille,
1586 5022 1629 5065 ne
1649 5002 1800 5067 Abunae
1815 5004 1881 5066 ale-

546 5117 726 5190 xandrine,
750 5139 850 5201 quern
875 5137 957 5181 mox
981 5120 1078 5181 iussit
1102 5119 1215 5191 acciri,
1240 5137 1381 5181 occursu
1405 5118 1523 5202 gravis
1554 5128 1655 5191 esset,
1691 5142 1711 5181 e
1735 5118 1881 5203 regiain
