4058 6178
515 581 575 639 154
844 572 1119 623 EXPEDITIONIS
1142 572 1402 623 AETHIOPICAE
1425 573 1506 624 Ere.

511 724 589 784 dem
607 724 670 785 ado
685 721 891 784 doctissimis
907 720 1046 803 scriptis
1057 717 1248 783 confutavit
1263 729 1298 783 et
1313 720 1445 783 duobus
1459 719 1618 787 conciliis
1635 719 1764 782 ibidem
1786 738 1838 780 ce·

510 837 661 909 lebratis,
676 836 917 899 condemnavit
935 835 1124 918 Dionysius
1138 852 1318 907 romanum
1339 835 1483 898 Paulum
1500 852 1583 898 vero
1597 843 1838 916 provocantem

510 953 555 1014 ad
571 952 809 1033 imperatorem
827 950 1051 1014 Aurelianum
1063 951 1166 1033 (quod
1179 961 1294 1014 narrat
1304 949 1475 1014 Eusebius
1487 952 1531 1033 (1)
1547 951 1621 1033 ipse
1632 951 1758 1021 reiecit,
1771 949 1839 1031 epi·

510 1068 682 1149 scopalem
695 1068 832 1130 domurn
849 1066 882 1130 ei
896 1068 1044 1130 dandam
1060 1068 1256 1139 decernens,
1272 1084 1375 1148 quem
1390 1066 1513 1130 1101100
1528 1065 1681 1148 episcopi
1696 1075 1732 1129 et
1740 1085 1839 1154 prae·

512 1184 611 1263 cipue
635 1181 817 1245 Romanus
840 1185 914 1264 ipse
933 1167 1097 1246 Pontifex
1112 1182 1336 1265 designasset.
1352 1181 1504 1245 Vitelem
1519 1180 1634 1265 (quem
1650 1198 1715 1244 vos
1729 1181 1840 1244 dicitis

512 1296 702 1381 Natalisan)
730 1299 881 1361 eiusdem
912 1299 1005 1361 sedis
1034 1299 1244 1380 episcopum,
1274 1299 1407 1362 vultum
1438 1312 1536 1361 suum
1568 1298 1706 1378 saepius
1736 1298 1840 1359 instar

512 1413 628 1476 Protei
651 1422 837 1476 mutantem
861 1424 896 1477 et
918 1432 1008 1477 nunc
1031 1411 1133 1478 fidem
1149 1414 1354 1477 catholicam
1372 1414 1602 1485 mentientem,
1620 1432 1709 1476 nunc
1734 1411 1840 1494 Apol·

512 1528 630 1591 linaris
653 1529 833 1591 volutabro
856 1549 893 1591 se
917 1539 1131 1602 mersantem,
1147 1538 1286 1594 sanctus
1308 1529 1479 1592 Damasus
1502 1546 1592 1592 011110
1617 1546 1678 1607 372
1704 1536 1740 1590 et
1761 1528 1840 1589 sede

512 1653 548 1705 et
570 1663 632 1706 sua
655 1645 892 1708 communione
915 1645 1100 1708 abdicavit.
1123 1644 1267 1715 Meletii,
1292 1644 1437 1717 Paulini,
1461 1643 1620 1708 Flaviani
1635 1656 1670 1707 et
1689 1642 1839 1724 Evagrii.

513 1758 568 1820 vel
592 1759 703 1829 simul,
728 1761 783 1821 vel
806 1756 1017 1822 succes*sive
1039 1760 1082 1822 de
1109 1760 1170 1822 illa
1200 1761 1282 1822 sede
1304 1760 1579 1824 contendentium
1604 1760 1839 1828 dissensiones,
1875 1769 1935 1828 115.

513 1875 604 1937 idem
627 1874 798 1938 Damasus
820 1894 910 1938 anno
935 1879 995 1954 382
1021 1878 1055 1939 in
1080 1877 1228 1939 concilio
1250 1876 1471 1940 Antiocheno
1493 1886 1529 1939 et
1550 1873 1706 1958 Syricius
1730 1874 1840 1936 11100-

514 2009 635 2071 puano,
660 1992 714 2053 cui
738 1988 847 2055 adfuit
869 2003 1007 2055 sanctus
1029 1991 1236 2055 Ambrosius
1259 1993 1376 2075 (vestri
1399 1992 1480 2055 llbri
1499 2003 1624 2055 vocant
1639 1989 1840 2065 Aforisiuml

513 2125 602 2168 anno
627 2110 689 2184 580
713 2115 749 2169 01
770 2107 908 2169 tandem
932 2118 1072 2171 sanctus
1094 2107 1315 2171 Innocentius
1330 2108 1455 2190 (dictus
1476 2108 1520 2171 ab
1543 2108 1665 2171 iisdem
1681 2107 1840 2189 Ayocan·

513 2223 598 2301 dius)
621 2239 688 2303 ope
710 2222 783 2283 divi
806 2222 966 2285 leronimi
990 2243 1079 2287 anno
1095 2228 1159 2301 408
1175 2223 1448 2306 tranquillamnt,
1465 2234 1542 2306 post
1563 2240 1671 2287 annos
1696 2224 1840 2305 quinque

513 2347 548 2398 et
574 2338 750 2420 octoginta
779 2337 823 2399 ab
854 2339 948 2402 illius
979 2338 1172 2403 schismatis
1202 2351 1335 2411 exortu,
1366 2350 1399 2402 et
1430 2350 1539 2403 morte
1569 2338 1755 2409 Eustachii,
1785 2339 1841 2417 qui

514 2451 666 2515 Nicaeno
689 2453 836 2515 concilio
864 2451 1025 2527 interluit,
1056 2455 1101 2517 ad
1131 2454 1384 2526 Alexandrum,
1414 2474 1516 2536 quern
1544 2454 1765 2517 Innocentius
1785 2472 1841 2534 ap-

513 2569 682 2650 probavit.
707 2568 826 2630 Induci
850 2579 963 2631 tamen
987 2588 1055 2633 non
1078 2569 1199 2652 potuit,
1230 2580 1267 2633 ut
1297 2590 1386 2634 anno
1409 2590 1473 2648 404
1505 2580 1670 2634 annueret
1690 2568 1841 2651 Porphy-

513 2683 601 2746 rioni
632 2685 803 2747 haeretica
833 2682 930 2747 faece
959 2686 1101 2767 polluto.
1133 2685 1267 2749 Annuit
1294 2695 1409 2749 tamen
1439 2704 1619 2764 01110451
1648 2683 1770 2749 Sixtus
1791 2684 1841 2746 III

513 2798 643 2871 Ioanni,
667 2800 710 2861 de
733 2818 801 2882 quo
824 2816 936 2882 supra,
949 2820 995 2864 ex
1009 2800 1159 2864 Nestorii
1176 2801 1329 2884 syrtibus
1343 2818 1494 2886 egresso
1512 2801 1635 2866 Petrus
1653 2801 1765 2873 Fullo,
1784 2818 1842 2863 seu

513 2912 708 2997 Gnapheus‚
730 2925 875 2978 mortem
898 2917 933 2978 in
957 2932 1077 2980 omnes
1099 2916 1278 2980 Trinitatis
1301 2936 1465 2999 pemones
1488 2919 1664 2991 invehens,
1687 2919 1765 2980 loco
1787 2917 1842 2979 de·

513 3029 621 3093 iectus
643 3042 695 3094 est
717 3051 738 3093 a
760 3027 941 3114 Simplicio
963 3052 1053 3096 anno
1081 3036 1163 3111 482:
1194 3054 1215 3096 a
1244 3032 1363 3097 Felice
1392 3032 1446 3096 111
1476 3052 1567 3097 anno
1591 3054 1672 3114 4993
1696 3032 1843 3097 Severus

514 3147 583 3227 (qui
606 3146 705 3208 vobis
727 3155 780 3208 est
802 3142 943 3231 Ssyrus)
966 3166 1118 3211 errorum
1141 3151 1291 3211 omnium
1307 3151 1441 3213 sentina
1452 3158 1488 3212 et
1504 3148 1844 3213 Antiochensesedis

512 3260 741 3342 opprobrium,
762 3263 809 3324 ab
838 3263 1003 3346 Agapeto
1034 3284 1123 3326 anno
1155 3267 1237 3343 5363
1268 3263 1442 3328 Macarius
1471 3265 1598 3348 aliique
1620 3266 1783 3328 haeretici
1809 3266 1842 3326 in

512 3386 612 3440 sexta
634 3379 777 3459 synodo,
800 3380 940 3443 dannati
963 3400 1052 3443 anno
1076 3383 1152 3453 681,
1179 3382 1222 3444 ad
1255 3379 1453 3445 Romanum
1483 3379 1684 3445 Pontificem
1710 3383 1842 3445 veniam

513 3495 687 3556 exoraturi
717 3492 952 3577 perfugerunt.
982 3494 1130 3580 Magnus
1159 3495 1230 3559 Leo
1261 3496 1431 3559 Anatolio
1464 3496 1843 3579 Constantinopolitano

513 3606 788 3672 Alexandrinum
812 3620 846 3673 et
868 3609 1123 3676 Antiochenum
1147 3612 1328 3675 Praesules
1358 3613 1425 3675 sibi
1441 3624 1504 3695 per
1526 3610 1654 3676 fastum
1677 3613 1844 3676 subiicere

513 3723 667 3787 molienti
690 3742 726 3787 se
748 3742 914 3808 generose
937 3729 1097 3809 opposuit
1120 3742 1209 3791 anno
1233 3745 1308 3806 453,
1333 3728 1421 3791 sicut
1447 3737 1482 3792 et
1509 3729 1630 3791 heatiu
1658 3727 1843 3791 Hormisde

513 3858 601 3901 anno
626 3858 700 3918 519,
724 3840 783 3903 alii
806 3843 957 3909 eiusdem
981 3844 1073 3907 sedis
1092 3843 1237 3906 antistiti
1253 3844 1457 3908 electionem
1473 3842 1684 3907 Antiocheni
1703 3846 1846 3926 patriar-

515 3954 600 4017 chae
622 3954 688 4017 sihi
711 3958 895 4038 arroganti,
920 3960 1093 4040 negotium
1117 3959 1205 4022 illud
1227 3960 1473 4022 commendans
1495 3958 1666 4022 Dioscoro
1689 3961 1844 4029 diacono,

513 4089 575 4131 suo
597 4068 893 4153 Constantinopoli
916 4075 1148 4155 apocrysariO,
1173 4094 1276 4156 aquo
1299 4074 1556 4157 responsionem
1580 4072 1676 4137 illem
1696 4077 1844 4157 excepit,

513 4203 601 4264 quae
624 4196 702 4267 post
725 4186 907 4268 epistolam
931 4192 971 4252 62
997 4189 1148 4257 eiusdem
1173 4188 1381 4253 Horrnisdae
1404 4187 1651 4254 circumfertur.
1678 4190 1752 4276 Ego
1776 4190 1845 4252 riar-

512 4299 763 4364 Amantissimo
777 4321 845 4364 11011
859 4303 1043 4378 immemor,
1058 4303 1264 4379 contradixi,
1279 4303 1408 4369 1111101111
1422 4305 1536 4368 Iussr't
1546 4304 1721 4369 Domritus
1734 4310 1849 4367 noster

513 4413 723 4479 beatdmirtus
759 4417 875 4502 Papa,
908 4420 1089 4482 secundm
1119 4420 1295 4504 ann‘quom
1330 4420 1614 4492 consuetudinem,
1644 4420 1849 4485 Antrhchruc

513 4550 588 4591 eum
611 4530 797 4615 epsicopum
820 4531 1059 4598 ordinandum.
1087 4535 1163 4598 Hoc
1188 4535 1326 4599 0111111111
1344 4537 1434 4620 quad
1453 4536 1685 4622 praecepistis.
1712 4537 1847 4605 Petrus,

513 4662 602 4707 anno
630 4664 711 4723 1053
737 4645 870 4710 ineam
900 4649 1099 4712 cathedram
1128 4660 1276 4721 evectus,
1301 4651 1508 4733 legationem
1539 4652 1792 4715 communionis
1814 4662 1849 4714 et

513 4759 735 4823 subiectionis
757 4763 903 4825 indicem
920 4783 997 4826 cum
1013 4762 1094 4827 fidei
1109 4765 1323 4828 orthodoxae
1337 4764 1551 4847 professione
1567 4767 1611 4830 ad
1626 4766 1777 4830 Leonem
1791 4764 1847 4828 IX

513 4876 616 4948 misit,
640 4897 660 4937 a
683 4896 751 4958 quo
775 4878 933 4940 laudatus
956 4888 1008 4941 est
1032 4889 1066 4942 et
1089 4882 1270 4952 excitatus,
1293 4892 1336 4944 ut·
1353 4882 1446 4944 sedis
1475 4901 1556 4945 suae
1586 4882 1850 4966 praerogativas

601 5123 640 5187 (1)
659 5123 718 5173 Lib,
739 5130 761 5180 7,
782 5124 855 5176 Ht'st.
876 5126 971 5182 eccles„
991 5141 1047 5190 cop,
1069 5139 1109 5188 24.
