4066 6184
612 592 731 649 LIBER
753 594 792 660 11,
816 590 942 650 CAPUT
969 591 1066 651 xvll.
1444 597 1506 668 277

168 748 255 811 esse'
265 744 399 820 herum,
422 745 556 830 sibique
579 748 720 811 caedem
746 745 898 812 minitari
915 748 1008 830 quod
1023 745 1150 811 factum
1166 748 1381 831 prodidisset.
1398 748 1508 812 Paulo

169 871 247 944 post
270 864 308 929 in
330 868 485 927 materna
507 863 610 927 domo
632 862 808 947 polliceris
832 863 1079 948 magnitudinis
1101 864 1322 947 panniculum
1341 865 1507 928 carbona-

169 979 222 1041 rio
244 978 388 1062 pulvere
410 976 536 1044 fartum
559 979 683 1054 emisit,
707 1000 749 1045 ea
771 982 961 1045 vomitione
984 991 1019 1044 et
1046 982 1171 1044 mentis
1200 978 1359 1044 fluctibus
1392 992 1427 1045 et
1449 1000 1507 1063 pe·

169 1096 287 1169 cteris,
311 1097 366 1160 cui
390 1115 462 1161 nox
484 1104 559 1160 atra
582 1097 776 1170 incubabat,
800 1097 987 1181 angoribus
1012 1098 1155 1161 solutus.

260 1233 293 1292 4.
308 1212 414 1276 Plura
428 1212 539 1278 adhuc
555 1213 769 1277 turbamenta
781 1213 1001 1278 Patriarchae
1013 1215 1152 1277 domum
1165 1216 1379 1278 miscuerunt.
1392 1211 1506 1278 Ornis·
1568 1223 1634 1274 nlla
1651 1224 1785 1288 deincep·
1796 1239 1854 1275 ma·

170 1329 219 1393 sis
242 1329 376 1393 duabus
398 1325 570 1403 foeminis,
593 1349 634 1394 ac
650 1330 759 1395 tribus
773 1331 898 1414 pueris,
916 1331 974 1414 qui
998 1331 1094 1394 nullo
1111 1331 1230 1395 morbo
1252 1352 1299 1395 ex
1321 1332 1413 1394 notis
1433 1350 1507 1394 cor·
1534 1294 1633 1346 leuet..

169 1446 271 1527 repti,
295 1445 460 1527 paulatim
495 1446 753 1519 contabuerunt,
776 1456 810 1511 et
833 1448 1026 1530 exquibus
1049 1448 1136 1510 duos
1158 1467 1196 1511 se
1218 1446 1396 1511 sustulisse
1422 1464 1507 1530 saga

168 1561 360 1626 domestica
382 1559 540 1627 confessa
562 1571 625 1636 est,
649 1572 718 1626 tres
740 1581 877 1637 vernae,
894 1562 962 1627 duo
986 1564 1131 1628 masculi
1146 1572 1181 1628 et
1195 1564 1362 1647 quaedam
1379 1561 1505 1646 puella,

167 1677 215 1741 ad
230 1677 405 1742 interitum
421 1697 528 1761 usque
540 1679 805 1754 emaciabantur,
818 1700 881 1744 nec
896 1683 957 1755 eiS,
970 1702 1047 1745 cum
1059 1701 1178 1747 recens
1193 1692 1307 1747 essent
1321 1680 1506 1763 coniugati,

167 1792 357 1877 quidquam
379 1794 611 1878 voluptarium
634 1797 670 1859 in
693 1806 841 1860 mentem
870 1798 1041 1872 veniebat,
1065 1799 1136 1862 imo
1166 1797 1337 1864 obiectum
1360 1798 1507 1860 detesta-

167 1910 303 1974 bantur.
319 1909 401 1974 Uno
419 1930 466 1975 ex
481 1910 524 1977 iis
538 1913 675 1997 penitus
686 1923 823 1987 exacto,
839 1913 1019 1978 domestici
1034 1912 1232 1989 foeminam,
1248 1934 1335 1998 quae
1350 1910 1507 1976 veneficii

167 2026 332 2110 opinione
354 2026 545 2103 laborabat,
560 2028 762 2113 pugnaciter
776 2028 942 2103 adierunt,
958 2049 1044 2104 eam,
1060 2041 1098 2095 ut
1121 2028 1289 2095 maleficia
1303 2029 1508 2094 dissolveret

167 2143 391 2208 obtestantes
421 2142 489 2207 illa
523 2147 752 2209 masculorum
782 2145 942 2211 humeros
975 2157 1077 2231 sputo
1108 2167 1310 2233 respergens
1340 2157 1375 2212 et
1405 2166 1507 2210 manu

167 2261 384 2344 contingens,
406 2261 450 2325 iis
472 2279 510 2325 se
532 2280 673 2345 parcere
696 2260 897 2337 affirmavit;
920 2272 954 2327 et
977 2261 1017 2337 is,
1042 2263 1137 2327 cuius
1152 2266 1320 2329 novitium
1340 2273 1413 2328 erat
1436 2283 1508 2327 ma·

168 2372 331 2451 leficium,
354 2377 482 2451 statim,
512 2378 610 2442 cuius
640 2382 826 2462 antiquum,
850 2382 959 2445 serius
982 2380 1166 2445 convaluit.
1190 2380 1311 2445 Puella
1336 2399 1430 2455 vero,
1461 2398 1508 2443 ex

167 2494 279 2575 ipsius
300 2494 466 2568 doctrina,
497 2495 675 2579 placentas
696 2497 774 2580 piso
804 2507 839 2561 et
861 2499 1027 2562 nasturtio
1058 2498 1213 2562 conditas
1247 2506 1281 2562 et
1303 2515 1389 2580 pura
1418 2505 1508 2560 testa

168 2616 287 2674 coctas
308 2628 414 2694 sagae
435 2613 607 2693 porrexit3
632 2614 755 2696 quibus
778 2611 840 2676 illa
862 2623 970 2695 pasta,
993 2615 1183 2697 praemisso
1214 2615 1246 2677 ei
1269 2633 1337 2678 non
1360 2612 1508 2696 amplius

167 2724 317 2790 nocendi
339 2728 557 2794 iureiurando
579 2729 661 2814 *per
695 2747 812 2813 regern
834 2728 977 2804 Abolla,
1001 2731 1037 2793 id
1061 2739 1113 2795 est
1136 2731 1339 2794 daemonem
1363 2728 1434 2814 (qui
1456 2748 1507 2792 re·

167 2841 265 2925 gioni
281 2842 330 2908 ita
345 2842 457 2909 dictae
473 2855 507 2910 et
524 2866 544 2910 a
562 2843 726 2911 maleficis
752 2842 987 2928 frequentatae
1003 2845 1092 2911 intra
1107 2843 1289 2911 Goiamam
1312 2844 1506 2928 praesidere

168 2955 287 3044 fertur)
310 2980 387 3025 eam
418 2971 544 3026 tactam
575 2971 610 3027 et
640 2960 799 3026 similiter
825 2972 1060 3047 consputatam
1091 2962 1126 3026 in
1156 2962 1350 3026 libertatem
1381 2961 1505 3025 emisit.

166 3073 302 3140 Eodem
325 3086 480 3161 tempore
494 3088 563 3144 tres
578 3099 598 3143 e
613 3080 750 3153 vicinia,
774 3098 916 3161 quorum
940 3078 1128 3143 ululatibus
1150 3078 1368 3142 Patriarchae
1385 3077 1507 3141 domus

167 3194 386 3275 personabat,
409 3193 515 3259 simili
537 3195 701 3260 vecordia
716 3203 796 3260 sunt
811 3195 1004 3280 praeligati.
1026 3193 1158 3276 Quibus
1174 3194 1505 3266 medicamentarius,

165 3310 227 3392 qui
237 3328 275 3374 se
288 3308 517 3375 veneficorum
531 3312 665 3377 hostem
680 3311 915 3396 profitebatur,
931 3313 1082 3376 cinerem
1098 3330 1187 3394 aqua
1202 3310 1346 3374 dilutum
1359 3310 1505 3392 paravit.

166 3422 279 3508 Quam
302 3426 488 3510 potionem,
512 3428 718 3511 ubicumque
741 3437 830 3493 esset
853 3429 1064 3501 abscondita,
1088 3427 1155 3511 ipsi
1176 3436 1271 3491 recta
1293 3425 1360 3499 via,
1376 3425 1506 3508 absque

165 3541 240 3605 ullo
254 3542 472 3618 diverticulo,
495 3546 735 3628 quaeritabant
750 3552 784 3609 et
800 3546 1007 3628 pocillatori‚
1023 3546 1120 3628 quasi
1136 3543 1244 3626 ipsius
1259 3551 1373 3607 essent
1389 3542 1505 3616 catuli,

164 3657 344 3739 parebant.
367 3656 462 3723 Acta
484 3660 528 3725 de
550 3660 605 3725 his
620 3670 654 3725 et
670 3660 748 3725 aliis
762 3659 917 3724 iudiciali
933 3661 1162 3744 inquisitione,
1179 3658 1397 3722 Patriarchae
1412 3660 1505 3722 iussu

164 3771 219 3836 vir
242 3792 330 3839 unus
352 3785 389 3839 et
412 3776 498 3841 duae
522 3775 693 3842 foeminae
717 3778 760 3842 ad
783 3787 920 3861 tempus
942 3778 977 3840 in
1000 3776 1139 3840 vincula
1169 3777 1355 3840 coniectae.
1379 3773 1505 3840 Omnia

165 3890 252 3954 artis
281 3888 445 3957 ferrariae
476 3892 634 3978 collegia,
658 3903 693 3958 et
723 3893 760 3957 hi
782 3903 852 3959 tres
883 3902 999 3957 sontes
1029 3893 1073 3956 ad
1103 3891 1353 3974 imperatorem
1382 3901 1418 3956 et
1449 3912 1504 3955 ca·

165 4014 316 4070 strmses
339 4006 447 4090 ipsius
461 4011 667 4093 cognitores,
684 4008 921 4073 Patriarcham
933 4018 968 4074 et
983 4006 1166 4072 Societatis
1181 4006 1260 4072 Iesu
1278 4016 1403 4090 patres,
1419 4017 1504 4071 tam-

165 4138 269 4204 quam
282 4123 442 4205 publicae
457 4127 552 4209 pacis
567 4127 762 4190 turbatores
777 4124 811 4189 in
823 4126 948 4208 plateis
963 4135 998 4189 et
1013 4123 1135 4189 castris
1150 4126 1285 4209 magnis
1297 4124 1505 4188 clamoribus

165 4236 371 4313 detulerunt,
395 4241 488 4323 quod
511 4240 682 4307 veneficos
704 4262 779 4306 esse
802 4244 837 4305 in
860 4240 1052 4324 Aethiopia
1079 4242 1220 4305 credant
1243 4251 1277 4305 et
1294 4240 1502 4324 praedicent,

164 4362 201 4418 et
222 4355 428 4420 rusticorum
450 4362 572 4423 manus
587 4360 631 4423 ad
646 4357 865 4423 ferrariorum
880 4356 1043 4441 opificum
1059 4367 1093 4422 et
1108 4358 1262 4432 aliorum,
1279 4377 1366 4440 quos
1388 4366 1503 4421 rentur
1546 4372 1550 4378 ·

164 4489 208 4534 eo
231 4472 369 4537 nomine
393 4472 550 4547 infames,
574 4475 714 4539 caedem
741 4475 930 4539 obarment.
955 4474 1045 4537 Nam
1076 4474 1207 4538 exilia
1237 4475 1399 4557 opinione
1433 4475 1500 4537 iam

165 4606 233 4651 non
255 4607 334 4653 raro
357 4589 569 4672 pullularunt
593 4591 776 4655 multorum
799 4592 1001 4674 oppidorum
1025 4592 1235 4654 excidiones.

255 4722 284 4784 5.
309 4702 470 4770 Obducta
491 4725 553 4790 per
574 4727 634 4771 eos
656 4707 731 4771 dies
747 4705 859 4771 fronte
884 4715 919 4769 et
942 4706 1050 4770 altero
1076 4706 1259 4789 supercilio
1283 4707 1326 4769 ad
1349 4715 1501 4770 mentum
1564 4717 1711 4769 Venefico·
1728 4731 1791 4769 esse
1806 4715 1850 4768 r·-

163 4821 338 4904 depresso,
369 4822 550 4887 incedebat
580 4822 779 4908 Imperator,
803 4823 1005 4886 existimans
1028 4822 1093 4886 hac
1119 4821 1338 4886 Patriarchae
1369 4823 1404 4883 in
1431 4841 1500 4895 eos,
1528 4787 1849 4912 {igoffffitgmffl

162 4956 250 5021 quos
272 4936 445 5003 veneficos
467 4938 606 5014 diceret,
636 4940 943 5012 animadversione,
967 4959 1066 5002 suum
1096 4957 1240 5022 regnum
1270 4936 1421 5001 funditus
1452 4939 1501 5001 ire

162 5072 311 5139 pessum,
334 5053 507 5120 intestinis
530 5055 598 5120 iam
621 5056 689 5119 iam
713 5057 803 5119 inter
825 5055 936 5119 laesos
960 5075 1000 5119 ac
1025 5056 1201 5119 laedentes
1227 5054 1380 5118 dissidiis
1402 5055 1501 5117 dissi·

161 5170 332 5254 pandum
348 5171 480 5236 nullum
496 5172 589 5236 aliud
605 5173 694 5236 clam
711 5173 856 5236 nocendi
872 5193 982 5257 genus
998 5192 1083 5246 esse,
1100 5191 1202 5254 quam
1218 5173 1351 5243 veneni,
1364 5171 1393 5234 si
1409 5169 1501 5251 quod
