4066 6174
540 604 602 681 386
871 614 1143 665 EXPEDITIONIS
1170 614 1435 666 AETHIOPICAE
1460 614 1539 664 ETC.

537 764 663 829 scirent
696 782 734 827 se
767 760 929 845 deinceps
963 761 998 826 in
1036 762 1217 827 haereticis
1251 782 1314 827 nec
1354 761 1531 825 minimam
1564 762 1775 844 placentam,
1810 781 1872 843 qua

538 875 664 942 famem
688 878 856 951 sedarent,
882 879 1088 941 inventuros.
1120 876 1217 960 Quae
1240 898 1295 943 res
1318 878 1445 942 multos
1479 897 1596 941 eorum
1619 897 1698 941 cum
1721 878 1872 960 patribus

539 992 707 1060 Ganetam
730 995 900 1077 provexit,
916 1004 1113 1077 reputantes
1136 995 1181 1058 ab
1197 994 1249 1067 iis,
1266 994 1295 1058 si
1311 1013 1436 1077 panem
1452 995 1588 1057 unicum
1603 993 1785 1063 haberent,
1801 1013 1872 1057 curn

539 1111 670 1175 eisdem
693 1109 930 1194 frangendum.
955 1110 1052 1175 Duos
1074 1110 1197 1183 socios,
1220 1131 1255 1193 p.
1279 1110 1475 1174 Ludovicus
1490 1109 1690 1174 Azebedius
1710 1109 1785 1173 illis
1800 1109 1873 1172 cha·

540 1225 662 1299 ritatis,
686 1228 832 1308 quaein
855 1246 897 1291 eo
928 1245 1062 1310 semper
1091 1226 1211 1299 eluxit,
1242 1227 1431 1291 visceribus
1460 1228 1610 1309 excepit.
1640 1223 1739 1308 Quae
1770 1226 1874 1288 virtus

541 1344 591 1406 sic
614 1343 649 1406 in
673 1363 714 1406 eo
736 1362 872 1427 semper
894 1344 1044 1415 emicuit,
1066 1352 1104 1406 nt
1126 1351 1267 1431 propter
1290 1344 1385 1406 illam
1410 1344 1494 1425 ipsis
1517 1343 1622 1406 etiarn
1644 1341 1830 1407 haereticis
1843 1352 1875 1405 et

542 1459 650 1523 amori
673 1456 777 1523 fuerit
799 1468 834 1523 et
855 1458 1077 1523 venerationi.
1108 1455 1180 1522 Sed
1203 1457 1361 1522 diuturna
1384 1478 1453 1521 non
1479 1455 1545 1523 fuit
1567 1459 1652 1524 haec
1682 1460 1875 1541 permansio

542 1583 579 1639 ut
601 1572 775 1657 sequentis
798 1573 878 1637 libri
902 1573 1000 1638 initio
1023 1574 1220 1639 videndum.

231 1706 256 1752 n
274 1699 449 1758 Damonem.
477 1702 516 1749 Α·
634 1709 663 1769 7.
687 1689 745 1754 Ex
767 1687 1032 1773 Gojamensibus
1054 1689 1247 1754 residentiis
1268 1688 1423 1756 Collelae
1439 1694 1560 1756 domus
1575 1693 1695 1764 electa,
1717 1693 1753 1755 in
1778 1711 1874 1773 quam

196 1771 257 1835 ⁸⁸¹⁸
275 1780 303 1822 ‘⁸
319 1768 497 1823 ”mm
542 1808 612 1871 iam
626 1827 664 1871 se
679 1826 725 1871 ex
741 1805 996 1890 Bagamedrino
1018 1824 1126 1891 regno
1140 1827 1175 1889 p.
1191 1805 1410 1890 Hyacinthus
1425 1807 1598 1871 Francisci
1615 1818 1650 1872 et
1665 1828 1712 1871 ex
1727 1807 1875 1872 Adaxae

543 1922 665 1987 castris
694 1943 728 2005 p.
761 1922 935 1986 Antonius
965 1921 1103 1986 Brunus
1125 1924 1348 2007 collegerant.
1376 1923 1521 2006 Reliqui
1551 1934 1647 1988 erant
1669 1935 1798 2007 patres,
1822 1923 1876 2007 qui

543 2035 706 2103 Nefasam
731 2037 765 2102 in
789 2037 969 2123 Agaorum
984 2038 1071 2112 solo,
1094 2038 1291 2124 Ligenegns
1313 2039 1404 2103 inter
1417 2037 1645 2104 Damotenses
1663 2050 1697 2104 et
1712 2038 1876 2123 Serquam

543 2155 718 2219 curabant.
741 2154 782 2218 In
805 2154 964 2219 haecum
986 2155 1064 2219 Ras
1085 2152 1166 2218 sels
1182 2152 1337 2219 Christds
1352 2156 1397 2219 ad
1416 2156 1525 2238 ipsius
1539 2157 1875 2239 comprehensionem

543 2272 729 2354 permansit
752 2291 785 2354 p.
809 2270 1007 2335 Ludovicus
1036 2268 1208 2345 Cardeira,
1232 2272 1410 2354 sanguinis
1429 2271 1481 2335 sui
1505 2272 1622 2336 laurea
1644 2283 1768 2356 postea
1793 2273 1876 2337 redi·

544 2390 655 2451 mitus.
679 2385 739 2451 Ad
753 2385 904 2469 reliquos
919 2386 977 2449 ubi
993 2385 1214 2468 Imperatoris
1229 2396 1264 2450 et
1278 2385 1331 2450 sni
1346 2388 1534 2470 superioris
1550 2388 1668 2451 nuntia
1681 2407 1877 2470 pervenere,

543 2506 594 2569 sic
610 2502 735 2568 festine
747 2511 782 2566 et
794 2504 960 2567 laetanter
974 2513 1053 2567 sunt
1068 2503 1208 2587 egressi,
1225 2512 1262 2567 ut
1277 2504 1363 2586 ipsis
1379 2505 1483 2567 etiam
1499 2504 1681 2569 haereticis
1693 2524 1762 2567 non
1774 2523 1879 2586 parva

544 2619 780 2684 admirationis
813 2627 848 2683 et
881 2618 1020 2701 propria
1054 2617 1267 2683 fortunarum
1300 2629 1515 2703 contemptus
1544 2620 1707 2703 exempla
1736 2621 1878 2701 relique

544 2735 620 2801 rint.
646 2736 735 2799 Nam
754 2744 870 2819 patres
885 2735 1032 2800 Ioannes
1047 2736 1194 2810 Pereira,
1210 2736 1317 2801 simili
1332 2736 1552 2820 postmodum
1575 2756 1702 2800 corona
1726 2734 1878 2804 illustris,

545 2862 580 2916 et
602 2874 634 2936 p.
658 2851 805 2916 Ioannes
827 2849 938 2916 Sousa
960 2853 1069 2936 ipsius
1091 2872 1220 2950 comes,
1249 2871 1326 2916 cum
1349 2852 1393 2915 ad
1416 2869 1592 2935 egressum
1615 2851 1737 2915 moniti
1767 2859 1880 2914 essent

545 2969 665 3032 ultima
688 2967 757 3031 diei
779 2968 873 3042 hora,
896 2969 1029 3032 mediae
1053 2969 1164 3032 noctis
1186 2967 1332 3032 articulo
1355 2967 1601 3032 Damotensem
1623 2968 1880 3032 residentiama

546 3094 645 3168 tergo
663 3102 818 3167 posuere,
835 3103 902 3147 non
919 3094 1031 3148 tamen
1048 3084 1142 3148 Deus
1159 3085 1311 3167 ipsorum
1327 3084 1478 3166 pecudes
1493 3094 1527 3147 et
1542 3081 1786 3156 *frumentum
1804 3104 1879 3147 nam
1903 3093 1918 3141 f.
1931 3089 1971 3138 no.

546 3201 784 3271 Damotenses,
809 3219 887 3262 curn
910 3202 1053 3282 spectati
1070 3211 1184 3263 essent
1208 3200 1382 3271 catholici,
1404 3200 1501 3273 nihil,
1524 3201 1617 3283 quod
1640 3200 1685 3263 ad
1707 3220 1791 3263 suos
1813 3221 1880 3263 rna·

546 3318 674 3402 gistros
689 3316 885 3399 pertineret,
901 3316 993 3398 passi
1009 3325 1087 3379 sunt
1103 3338 1123 3380 a
1139 3318 1332 3399 raptoribus
1347 3315 1505 3398 expilari.
1529 3315 1624 3398 Agai
1647 3326 1763 3399 patres
1779 3316 1881 3380 Fran·

546 3434 657 3496 ciscos
668 3430 866 3498 Carvalium
882 3440 917 3496 et
932 3429 1126 3513 Marquium
1141 3432 1186 3494 ad
1202 3431 1319 3495 Nilum
1335 3450 1442 3514 usque
1457 3431 1547 3495 ultra
1562 3441 1706 3514 quatuor
1722 3433 1882 3496 milliaria

547 3548 731 3631 prosecuti,
761 3547 806 3610 ab
835 3546 878 3611 iis
909 3566 977 3611 non
1007 3556 1165 3629 poterant
1194 3566 1276 3630 prae
1298 3547 1528 3631 lacrymarum
1558 3546 1737 3631 profluviis
1766 3549 1880 3612 avelli.

548 3663 589 3727 In
613 3663 771 3746 longiora
799 3662 912 3746 spatia
941 3672 1038 3727 extra
1068 3683 1149 3728 suos
1178 3662 1265 3728 fines
1295 3685 1327 3747 p.
1353 3663 1507 3727 Brunum
1530 3662 1647 3738 Bruni,
1677 3667 1731 3728 sui
1762 3674 1881 3746 postea

548 3778 727 3864 sanguinis
748 3780 871 3843 rubore
893 3781 1109 3862 picturatum,
1134 3779 1376 3853 Nebessenses,
1400 3798 1479 3843 cum
1502 3789 1616 3845 essent
1639 3779 1829 3844 nobiliores
1850 3789 1881 3842 et

548 3896 692 3961 scientia
715 3894 887 3969 clariores,
911 3896 1136 3959 deduxerunt.

239 4019 271 4067 ln
301 4026 392 4100 fastra
421 4013 524 4076 inem
639 4016 670 4076 8.
694 4011 734 4074 ln
758 4013 880 4076 castris
902 4013 1134 4094 imperatoriis
1156 4011 1191 4074 in
1215 4012 1288 4075 dies
1310 4012 1472 4076 haeretici
1494 4012 1750 4095 praevalebant,
1772 4013 1882 4094 quoti·

203 4092 407 4212 macetum
443 4099 524 4136 Μ’
551 4130 653 4192 diano
677 4129 711 4191 in
734 4128 832 4201 illud,
850 4137 1024 4212 tamquam
1048 4129 1082 4192 in
1098 4129 1241 4192 lustrum
1264 4129 1461 4201 bestiarum,
1478 4129 1623 4211 appulsu
1646 4129 1798 4211 plurium
1816 4149 1882 4191 mo·

552 4244 736 4308 nachorum
748 4253 783 4308 et
794 4246 1021 4317 eremitarum,
1033 4245 1102 4327 qui,
1119 4264 1162 4308 ne
1177 4263 1327 4309 errorum
1344 4263 1483 4308 suorum
1494 4263 1664 4308 venenum
1677 4246 1882 4316 amitterent,

552 4361 639 4424 illud
662 4362 697 4424 in
720 4361 866 4425 diversis
889 4359 1051 4433 latibulis,
1075 4381 1142 4424 non
1166 4370 1280 4425 tamen
1303 4383 1324 4424 a
1346 4360 1512 4424 divitibus
1535 4360 1570 4423 h
1594 4360 1637 4423 iis
1660 4359 1883 4425 inclementer

552 4478 672 4551 habiti,
695 4478 887 4542 servabant.
919 4476 1014 4541 Inter
1035 4487 1190 4542 coeteros
1210 4477 1384 4559 impietate
1406 4486 1441 4540 et
1464 4477 1667 4540 auctoritate
1689 4478 1884 4541 excellebat

553 4591 659 4657 Abba
681 4589 800 4657 Fetale
822 4590 970 4664 Selasse,
995 4590 1031 4656 id
1053 4601 1106 4656 est
1129 4591 1221 4656 filius
1240 4592 1427 4665 Trinitatis,
1451 4595 1510 4674 qui
1525 4592 1674 4656 Abunae
1696 4591 1836 4666 Comos,
1851 4593 1883 4654 id

553 4719 606 4774 est
628 4709 799 4794 generalis
821 4708 980 4783 vicarius,
995 4711 1090 4791 prius
1112 4707 1233 4783 fuerat,
1249 4728 1352 4792 quam
1375 4729 1464 4773 nunc
1480 4708 1684 4792 dignitatem
1707 4729 1728 4772 a
1750 4728 1789 4772 se
1813 4713 1884 4791 ipso

553 4825 760 4890 vendicavit.
783 4823 854 4888 Hic
877 4826 1042 4890 Dancazii
1064 4844 1198 4889 summo
1220 4827 1343 4907 plausu
1369 4834 1420 4889 est
1450 4834 1616 4908 exceptus
1639 4835 1716 4888 eta
1739 4827 1883 4907 quodam

553 4941 775 5026 Imperatoris
801 4940 874 5005 filio
890 4962 967 5005 cum
983 4943 1154 5025 peditatus
1170 4952 1204 5007 et
1218 4942 1390 5025 equitatus
1412 4940 1577 5006 satellitio
1599 4942 1757 5023 stipatus.
1784 4940 1883 5004 Multi

555 5079 600 5122 ex
615 5059 809 5141 praecipuis
824 5078 862 5122 se
877 5057 1047 5142 sacrilega
1061 5057 1298 5122 Alexandriae
1314 5059 1551 5122 communione
1567 5057 1773 5139 polluerunt,
1791 5075 1883 5139 prae-

555 5175 713 5239 euntibus
736 5172 875 5258 Regina
897 5194 974 5239 cum
996 5172 1142 5247 filiabus,
1166 5174 1218 5239 Ite
1241 5174 1371 5239 Amata
1393 5171 1558 5246 Christds,
1581 5173 1735 5256 principe
1755 5172 1882 5236 Facile·

555 5291 627 5363 das,
651 5288 795 5356 Claudio
818 5300 852 5355 et
875 5290 963 5363 aliis,
986 5311 1072 5374 quos
1095 5288 1302 5374 superfluum
1325 5300 1378 5356 est
1401 5308 1608 5354 enumerare.
