4124 6182
640 609 756 657 Lmen
779 609 802 669 1,
827 608 951 657 CAPUT
975 608 1058 657 xm.
1455 611 1513 671 117

178 753 297 825 vetulo,
323 753 452 828 i’iioeni,
470 761 579 841 puero
601 759 636 819 et
656 756 762 820 cuivis
784 754 930 827 omnino,
947 756 1010 840 qui
1029 759 1186 840 repertus
1200 752 1313 833 fuerit
1334 754 1372 817 iri
1394 753 1517 817 castris

179 868 423 953 imperatoriis,
442 871 641 957 pepercerit,
666 870 879 936 anathemate
897 871 1078 935 saucietur.
1097 871 1170 953 Qui
1181 891 1293 934 omnes
1309 869 1516 934 indiscrimi-

74 993 90 1043 ἰ.
108 993 143 1055 58.
179 984 300 1057 natine,
326 985 424 1049 nullo
439 993 616 1061 reservato,
633 987 857 1075 interfecerit,
882 987 963 1051 licet
983 986 1130 1051 alterius
1150 1007 1291 1050 uxorem
1310 985 1515 1053 *violaverit

178 1099 311 1164 ali’enas
327 1099 502 1188 fortunas
524 1104 734 1190 occupaverit
753 1108 788 1169 et
807 1104 915 1169 decem
938 1103 1074 1168 dioinoe
1096 1102 1180 1188 legis
1202 1102 1366 1166 mandata
1380 1098 1515 1187 perfre-

174 1217 277 1303 gerit,
301 1237 360 1282 ore
382 1238 452 1283 meo
478 1219 677 1283 absolvatur.
699 1220 772 1302 Qui
797 1219 964 1293 ocei'deri't,
991 1218 1119 1283 sanctis
1144 1218 1236 1284 illico
1262 1216 1514 1288 adnumeretur,

179 1332 241 1416 qni
259 1353 375 1397 caesiis
390 1333 519 1421 fuerit,
544 1335 709 1419 martyrii
727 1335 847 1399 laureo
867 1336 1051 1400 decoret-ur.
1080 1334 1210 1416 Quibus
1231 1332 1338 1405 di'cti's,
1362 1354 1415 1397 eos
1443 1338 1514 1397 tra·

178 1447 270 1511 didit
300 1448 338 1511 iri
368 1448 630 1514 similitudinem
657 1454 808 1523 solonae,
835 1455 869 1515 et
889 1456 1007 1514 contra
1037 1470 1098 1514 nos
1127 1449 1166 1513 in
1187 1447 1361 1535 praelium
1383 1447 1513 1512 eduxit.

179 1562 253 1627 Sed
272 1563 372 1627 Deus
394 1565 570 1630 victoriam
592 1567 685 1630 nobis
707 1566 897 1651 adscripsit,
922 1565 1105 1651 ipsumque,
1128 1586 1202 1629 eum
1221 1564 1353 1650 praelio
1375 1564 1513 1635 adesset,

179 1677 337 1743 immotae
359 1680 513 1745 iustiti'ae
528 1681 767 1746 libramentum
782 1681 821 1745 in
835 1681 1021 1746 bellatrices
1046 1702 1170 1745 nianus
1195 1679 1341 1753 coniecit,
1365 1699 1448 1762 quae
1463 1677 1514 1740 iii-

178 1794 363 1858 sti'ssi'mam
388 1800 440 1858 tot
460 1793 602 1882 nesorio
624 1797 738 1860 molito
759 1799 889 1861 caedm
911 1798 1158 1883 persolverunt.

270 1915 299 1973 8.
329 1910 381 1975 Ut
402 1916 514 1975 tamen
537 1912 814 1997 adpiaecipuum
830 1914 1027 1977 litterarum
1043 1917 1238 1976 nostrarum
1253 1910 1448 1974 institutum
1464 1928 1515 1972 re·
1564 1915 1626 1994 ‚Ab
1641 1983 1647 1996 ι
1662 1914 1863 1966 Alexandrinis

178 2024 328 2100 drumm,
353 2027 393 2090 ab
416 2027 521 2112 impio
545 2027 603 2091 leoi
626 2029 797 2102 Dioscoro,
813 2035 847 2093 et
861 2029 969 2114 ipsius
983 2029 1232 2099 suecessoribus,
1249 2027 1338 2112 qnod
1350 2024 1516 2089 Romanis
1541 1984 1863 2121 ssffiffiffssssf

179 2141 414 2225 Pontificibus,
437 2142 546 2216 Petri,
571 2144 634 2229 qui
651 2150 855 2209 caementum
878 2149 930 2208 est
950 2143 1053 2208 Fidei
1070 2149 1105 2208 et
1124 2148 1227 2229 caput
1240 2142 1417 2216 Ecclesiae,
1443 2160 1514 2203 suc-
1543 2137 1632 2190 W·

178 2258 361 2321 cessori'bus
379 2265 504 2344 parere
526 2265 702 2333 recusent,·
731 2266 764 2325 et
792 2260 957 2347 duplicem
989 2259 1124 2325 Christi
1149 2265 1313 2323 naturam
1343 2258 1381 2321 in
1410 2278 1515 2321 unam

179 2373 404 2461 restringant,
435 2380 470 2440 et
495 2376 693 2461 apostolicas
714 2376 968 2441 constitutiones
989 2382 1024 2440 et
1052 2396 1194 2440 canones
1223 2378 1446 2448 contemnant,
1474 2372 1515 2435 li-

177 2489 316 2574 brosque
339 2510 406 2553 non
429 2511 473 2554 erc
494 2511 572 2555 oero
594 2492 655 2555 sed
668 2498 735 2578 pro
756 2513 819 2556 sna
842 2490 982 2556 libidine
1006 2492 1175 2556 verterint
1195 2495 1230 2555 et
1249 2489 1464 2576 corruperint
1484 2493 1519 2552 et

180 2625 240 2668 nos
263 2628 285 2669 o
308 2606 466 2670 veritatis
488 2608 627 2671 uomite
648 2606 826 2680 divertant,
853 2613 1024 2691 tamquam
1047 2628 1068 2670 a
1087 2606 1246 2671 Iaeobitis
1268 2610 1302 2671 et
1322 2605 1415 2677 Arii,
1439 2604 1517 2667 Ma·

179 2719 317 2792 cedomi,
342 2721 508 2793 Nestorii,
531 2723 565 2786 S
562 2723 683 2787 abellii
702 2727 736 2787 et
756 2722 951 2809 Eutychens
972 2723 1098 2787 deliria
1123 2722 1334 2795 sectantibus,
1350 2740 1393 2784 eii
1408 2718 1522 2783 animi

179 2836 361 2908 sententia,
397 2838 487 2923 quod
506 2837 609 2925 felix
627 2838 856 2926 faustumque
881 2840 938 2914 si't,
965 2838 1172 2915 discedimus,
1195 2843 1229 2903 et
1250 2837 1405 2901 Romano
1426 2837 1518 2900 Pon·

180 2952 280 3036 tifici',
304 2952 368 3037 qni
388 2953 492 3017 Petri
510 2954 754 3019 uenerabilium
777 2955 1015 3041 Apostolorum
1042 2953 1218 3040 Principis
1243 2952 1436 3017 cathedram
1466 2952 1518 3014 i‘n·

179 3067 276 3141 si'dit,
310 3090 370 3133 nec
398 3089 444 3133 ex
473 3090 513 3133 ea
543 3071 661 3134 docens
691 3071 874 3155 quidquam
904 3071 996 3135 volet
1025 3091 1046 3133 o
1076 3074 1166 3134 recta
1187 3070 1265 3154 fide
1289 3068 1344 3132 vel
1371 3067 1519 3131 moribus

180 3184 342 3248 absonum
366 3185 528 3272 efficiere·
551 3189 586 3249 et
606 3186 769 3250 mittendo
792 3187 884 3249 nobis
905 3186 946 3249 ab
968 3186 1039 3272 ipso
1053 3184 1281 3249 Potriorclzae
1295 3185 1449 3247 uolumus
1463 3204 1519 3246 su·

181 3300 320 3365 biaeere.
353 3300 420 3363 Vos
450 3320 578 3386 quoqne
608 3322 681 3366 cuni
710 3302 793 3365 bono
814 3310 897 3389 paee
922 3306 1074 3366 sanctam
1100 3299 1187 3365 lianc
1205 3298 1314 3385 fidem
1345 3300 1519 3385 amplexa·

180 3415 279 3488 mi'ni,
305 3436 409 3500 quam
432 3416 606 3481 Dominus
628 3423 742 3482 noster
762 3418 862 3482 lesus
890 3417 1050 3482 Christus
1065 3418 1103 3481 in
1117 3437 1211 3480 sacro
1227 3416 1393 3503 sanguine
1412 3414 1521 3478 crucis

178 3552 260 3596 sicae
284 3531 492 3616 aedificavit,
515 3537 550 3596 et
571 3533 665 3597 dedit
685 3533 724 3597 in
747 3534 898 3597 omnium
919 3533 957 3596 in
973 3533 1083 3619 ipsum
1098 3532 1303 3597 credentium
1318 3531 1464 3595 salutem
1482 3531 1521 3594 in

176 3648 393 3712 saeculorum
416 3647 560 3711 saecula.
584 3648 706 3712 Amen.
