4124 6182
661 520 778 569 LIBER
802 520 826 579 1,
850 519 975 569 CAPUT
998 519 1053 570 1x.
1478 510 1517 581 87

190 665 362 748 regionem
386 667 626 750 inhospitalem
650 667 799 742 dimoto;
823 667 887 740 his,
911 668 946 729 in
970 667 1110 730 honoris
1132 677 1165 729 et
1182 666 1441 750 magistratuum
1462 667 1522 727 ob·

189 783 372 845 eundorum
403 782 564 865 speciem,
594 784 629 846 iu
661 784 815 847 diversas
844 784 1041 865 provincias
1071 782 1313 855 disseminatis,
1345 802 1420 845 cum
1444 801 1521 844 eum

189 900 376 979 dispersum
399 899 525 963 callide
548 901 581 962 in
606 919 821 963 communem
845 900 1033 982 perniciem
1064 900 1245 962 suaderent
1275 900 1382 981 ipsius
1412 898 1523 960 consi·

189 1013 285 1087 liarii,
308 1034 396 1097 quos
419 1015 658 1079 Lusitanorum
682 1017 785 1079 robur
808 1027 842 1079 et
865 1016 1004 1079 claritas
1038 1014 1319 1098 praestringebat.
1344 1013 1446 1076 Unde
1469 1032 1522 1076 or·

188 1142 256 1192 tum
279 1141 328 1204 ut,
351 1133 559 1213 recuperatis
580 1142 700 1213 postea
723 1133 863 1205 viribus,
888 1131 1092 1205 Adelenses,
1116 1131 1186 1194 suis
1202 1133 1312 1213 ipsum
1329 1149 1523 1212 propugna-

188 1246 314 1308 toribus
349 1248 514 1310 nudatum
549 1246 771 1319 offendentes,
801 1246 967 1310 facillime
1001 1249 1256 1310 trucidaverint.
1291 1246 1402 1309 Tanto
1432 1244 1522 1307 enirn

189 1360 339 1445 loliginis
354 1383 459 1426 succo
475 1374 622 1427 mentem
639 1365 825 1447 aliquando
841 1364 972 1426 invidia
987 1364 1137 1435 obducit,
1154 1374 1191 1426 ut
1205 1364 1375 1446 praesenti
1391 1370 1521 1425 tanturn

189 1475 264 1540 fuco
287 1488 431 1551 intenta,
454 1481 589 1562 penitus
612 1481 656 1542 ad
679 1481 803 1543 damna
826 1482 985 1564 graviora
1004 1481 1240 1562 praecavenda
1257 1480 1434 1542 caecutiat.
1451 1476 1522 1539 Ha·

187 1613 257 1655 rum
281 1613 406 1666 rerum,
431 1607 466 1658 et
488 1596 666 1679 neglectus
688 1596 920 1668 Patriarchae,
944 1594 1035 1678 frugi
1051 1596 1188 1677 quidem
1205 1595 1280 1668 viri,
1296 1596 1356 1658 sed
1376 1594 1523 1677 amplius
1551 1600 1871 1721 liobgigppqigrpm:

188 1708 393 1774 militaribus
415 1731 517 1793 quam
541 1712 783 1775 ecclesiasticis
814 1713 946 1775 artibus
976 1711 1133 1794 expoliti,
1168 1732 1189 1774 a
1223 1711 1325 1774 Petro
1355 1711 1524 1773 monacho
1550 1742 1653 1792 sirmia
1671 1742 1849 1791 deliberatur.

187 1827 344 1890 abassino
367 1827 563 1891 admonitus
585 1848 737 1891 summus
761 1826 920 1910 pontifex
943 1828 1050 1891 Iulius
1074 1827 1138 1901 III,
1169 1847 1247 1891 cum
1274 1827 1402 1890 Ioanne
1432 1846 1522 1909 rege,

89 1987 94 2000 .
145 1987 150 2001 .
186 1941 404 2006 aLusitanis
427 1943 479 2005 *in
510 1943 699 2026 Aethiopia
729 1944 1019 2007 commorantibus
1042 1944 1162 2007 itidem
1186 1946 1362 2015 instructo,
1386 1943 1457 2028 egit
1480 1944 1523 2005 de

187 2057 386 2122 Patriarcha
409 2061 478 2123 alio
501 2061 679 2132 mittend0,
702 2060 759 2142 qui
783 2081 825 2124 eo
848 2069 987 2123 ornatus
1010 2071 1098 2123 esset
1132 2062 1296 2123 virtutum
1324 2080 1364 2124 ac
1396 2061 1524 2123 littera·

185 2193 257 2237 rum
273 2185 479 2246 commeatu,
495 2185 533 2239 ut
548 2196 627 2258 spes
642 2186 732 2239 esset
747 2174 882 2241 Claudii
898 2186 932 2238 et
948 2177 1127 2240 abassinae
1142 2176 1255 2260 gentis
1275 2179 1308 2239 in
1325 2173 1524 2258 Scripturae

185 2300 217 2352 ct
240 2292 453 2373 synodorum
472 2292 628 2355 doctrina
643 2293 828 2376 diligenter
842 2303 1009 2366 versatae,
1026 2294 1069 2355 ad
1093 2293 1297 2356 catholicam
1321 2293 1522 2376 religionem

184 2407 444 2488 pertrahendae.
468 2406 517 2470 Ut
540 2427 622 2471 vero
646 2410 774 2490 triplex
798 2408 970 2472 funiculus
995 2407 1124 2471 firmior
1154 2418 1252 2480 esset,
1284 2420 1354 2472 tres
1383 2409 1416 2470 in
1447 2428 1523 2470 eam

184 2525 400 2604 provinciam
425 2545 443 2587 e
467 2522 638 2588 Societate
661 2524 739 2588 Iesu
763 2527 907 2590 delecti:
936 2526 1083 2589 ioannes
1106 2526 1239 2590 Nonius
1262 2526 1424 2588 Barretus
1447 2545 1523 2607 por·
1586 2526 1747 2611 patriarcha
1765 2536 1797 2609 et.
1816 2527 1872 2575 <1⁰0

184 2642 324 2713 tuensis,
349 2642 527 2726 sanguine,
552 2643 686 2713 litteris,
706 2644 890 2706 virtutibus
913 2653 947 2705 et
963 2642 1182 2705 Patriarchae
1197 2642 1298 2704 titulo
1320 2640 1522 2724 praesignis,
1551 2601 1730 2720 ξζζὼωοκε
1760 2598 1873 2659 ‘hm'

183 2754 358 2819 Melchior
382 2754 564 2822 Carnarius
587 2758 875 2829 conimbricensis,
899 2759 1080 2841 episcopus
1099 2758 1283 2825 Nicaenus,
1307 2768 1341 2820 et
1363 2755 1524 2819 Andreas

184 2870 330 2936 Ovietus
356 2874 537 2945 toletanus,
562 2875 745 2955 episcopus
766 2873 1064 2956 Hierapolitanus:
1090 2875 1191 2937 ambo
1212 2873 1429 2936 Patriarchae
1446 2891 1523 2934 coa·

182 2987 337 3052 diutores
361 2997 397 3051 et
420 2990 513 3052 illius
536 2990 779 3053 nominationis
802 2992 922 3053 ordine
941 3010 1164 3053 successores.

277 3125 328 3167 12.
354 3102 423 3185 Qui
447 3105 527 3168 dum
551 3105 586 3167 in
610 3105 786 3169 Lusitania
808 3117 979 3189 parantur,
1003 3108 1115 3169 visum
1139 3104 1204 3168 fuit
1227 3126 1272 3168 ex
1295 3104 1396 3167 India
1424 3122 1524 3186 saga·
1587 3129 1669 3177 pm,
1700 3094 1872 3178 eondishlua

181 3240 256 3282 cern
280 3220 434 3302 aliquem
458 3223 723 3304 exploratorem,
746 3219 882 3286 Claudii
905 3224 1055 3285 animum
1071 3230 1347 3304 pertentaturum,
1364 3220 1524 3302 praemit·
1552 3199 1714 3331 a‘i'gffim
1750 3198 1781 3248 in
1818 3203 1873 3281 ae-

1712 3279 1872 3333 praemat-

180 3348 264 3401 tere.
280 3336 321 3399 Is
336 3333 402 3400 fuit
416 3335 626 3401 Gondisalus
637 3337 841 3421 Roterigius
853 3359 898 3401 ex
914 3335 1088 3401 Societate
1104 3336 1192 3409 lesu,
1209 3337 1333 3399 comite
1349 3346 1524 3416 assumpto
1551 3340 1629 3390 titur·

182 3450 372 3534 Fulgentio
396 3450 526 3524 Frerio,
549 3453 608 3534 qui
631 3451 811 3515 Claudium
835 3455 869 3516 in
894 3455 1059 3516 extremis
1081 3453 1215 3535 imperii
1240 3454 1283 3514 ad
1306 3461 1457 3515 austrum
1487 3449 1525 3512 fi·

181 3568 297 3638 nibus,
330 3587 352 3628 a
382 3586 543 3630 romanae
566 3566 646 3630 fidei
670 3571 854 3650 complexu
889 3590 950 3651 per
980 3589 1083 3652 quam
1114 3569 1352 3631 abhorrentem
1384 3568 1524 3640 invenit,

181 3693 214 3744 et
239 3683 403 3764 sequenti
425 3702 527 3755 anne,
549 3686 609 3764 qui
634 3682 698 3747 fuit
718 3690 811 3763 1556,
833 3686 867 3747 in
891 3685 1035 3757 Indiam,
1059 3685 1177 3748 addito
1201 3685 1397 3756 Bermudi0,
1414 3704 1525 3747 rever-

181 3817 249 3868 sus,
275 3797 500 3860 Patriarchae
524 3808 559 3861 et
582 3799 755 3881 epIscopis
779 3819 896 3863 recens
919 3820 965 3862 ex
988 3799 1165 3863 Lusitania
1187 3800 1349 3882 appulsis,
1374 3819 1455 3862 suae
1478 3801 1525 3861 le·

180 3913 339 3995 gationis
360 3914 528 3976 rationem
552 3917 722 3996 exposuit.
746 3914 971 3979 Commodum
995 3916 1100 3997 igitur
1115 3916 1225 3978 visum
1241 3925 1294 3978 est
1310 3916 1429 3978 Indico
1449 3934 1525 3997 pro-

181 4030 257 4112 regi
284 4038 321 4091 et
355 4027 464 4110 ipsius
494 4031 710 4103 consiliariis,
741 4032 973 4095 Patriarcham
1005 4031 1101 4096 Goae
1131 4032 1326 4103 subsistere,
1358 4051 1400 4093 ne
1430 4040 1526 4093 tanta

181 4145 342 4227 dignitas
365 4147 588 4227 contemptim
613 4148 648 4209 in
672 4147 859 4229 Aethiopia
889 4149 1113 4222 detereretur;
1145 4167 1247 4210 unum
1279 4166 1361 4209 vero
1384 4167 1430 4209 ex
1454 4145 1525 4228 epi-

180 4261 305 4342 scopis
327 4259 559 4342 periculorum
582 4263 678 4324 aleae
701 4263 877 4328 obiectari.
912 4263 1018 4326 Anno
1042 4264 1147 4345 igitur
1173 4264 1364 4345 insequenti
1391 4264 1525 4325 ineam
1588 4286 1745 4351 Episcopus
1757 4287 1874 4336 Ovietus

180 4373 364 4457 profectus
387 4384 440 4438 est
463 4378 644 4459 episcopus
667 4375 812 4443 Ovietus
835 4399 912 4441 curn
936 4380 1040 4443 sociis
1066 4378 1226 4461 quinque,
1242 4380 1336 4442 omni
1363 4381 1526 4441 virtutum
1554 4359 1873 4482 ffic‘iffigfflfftnqu‘

180 4502 217 4555 et
240 4492 422 4554 doctrinae
446 4502 648 4556 ornamento
670 4495 915 4559 condecoratis
941 4493 1010 4558 Sed
1034 4496 1196 4558 maiorem
1220 4495 1331 4558 Deum
1362 4493 1528 4576 patientia

181 4607 396 4679 demerendi,
421 4627 523 4689 quam
546 4605 738 4684 Claudium,
761 4620 822 4674 aut
844 4610 1038 4674 Abassinos
1068 4613 1112 4674 ad
1142 4613 1322 4674 veritatem
1352 4610 1525 4692 praedica·

180 4724 279 4786 tione
303 4721 476 4794 flectendi,
499 4734 651 4806 segetem
675 4738 883 4808 repererunt.
908 4725 1072 4791 Claudius
1106 4727 1197 4790 enirn
1221 4728 1357 4809 saepius
1385 4729 1428 4791 ab
1459 4727 1530 4807 epi·
1593 4734 1729 4783 Claudius
1756 4738 1791 4785 ab
1819 4735 1875 4819 fei·

181 4858 293 4922 scopo
315 4838 503 4921 quaesitus,
526 4850 563 4903 et
592 4842 784 4907 catholicae
811 4843 987 4906 doctrinae
1018 4841 1159 4907 ferculis
1190 4846 1363 4915 invitatae,
1395 4860 1532 4922 semper
1557 4820 1878 4935 ξζζξοεῗζωζῗξᾛὲ]

181 4975 221 5018 se
253 4956 343 5018 adeo
375 4957 591 5035 pervicacem
622 4966 656 5020 et
689 4956 929 5023 refractarium
961 4960 1128 5032 exhibuit,
1159 4970 1196 5022 ut
1227 4959 1325 5022 illum
1357 4959 1422 5022 iste
1453 4977 1530 5019 cum
1559 4949 1632 4999 tensi
1650 4947 1782 4998 vincitur.

183 5072 347 5134 omnibus
371 5069 479 5152 ipsius
494 5072 693 5154 gregalibus
708 5075 920 5139 anathemati
937 5076 1074 5158 publice
1090 5074 1285 5147 subiecerit,
1302 5083 1336 5137 et
1351 5084 1430 5155 post
1445 5075 1531 5135 duos
