4066 6184
667 2157 855 2235 CAPUT
882 2158 1009 2234 xx11.

170 2451 299 2529 Sarsb
326 2451 515 2529 Christds
542 2452 746 2548 Gojamae
782 2453 971 2551 protegis
1002 2454 1186 2543 rebellio,
1224 2452 1438 2548 apostasia
1466 2462 1508 2529 et

261 2586 415 2662 Abbati
442 2587 661 2663 Zaselasse
697 2596 739 2662 et
774 2586 867 2662 duci
894 2587 1030 2663 Tucur
1065 2586 1232 2662 Emand
1260 2588 1411 2663 caedes
1452 2586 1506 2662 ab

261 2743 312 2797 eo
340 2720 384 2795 in
412 2720 646 2797 catholicae
672 2721 768 2796 fidei
795 2721 934 2797 odium
962 2720 1092 2796 illata.

266 3091 293 3133 1.
317 3067 383 3152 Qui
406 3071 514 3134 dixit:
553 3094 568 3128 ι
594 3069 655 3133 Ab
678 3068 802 3133 Africa
829 3088 960 3151 semper
986 3069 1115 3151 aliquid
1139 3069 1261 3132 novi»
1299 3069 1388 3133 hanc
1411 3070 1506 3134 illius
1569 3074 1752 3140 Principis
1780 3090 1854 3126 cum

172 3185 364 3268 portionem
380 3196 459 3250 ante
482 3195 636 3249 coeteras
655 3186 792 3250 videtur
806 3187 1010 3267 respexisse.
1027 3186 1107 3268 quia
1123 3186 1212 3249 intra
1228 3186 1322 3249 illius
1337 3185 1503 3251 ambitum
1534 3146 1619 3270 π
1636 3147 1764 3199 cmm
1784 3148 1855 3198 ’ω’

173 3321 338 3366 novorum
362 3312 590 3367 monstrorum
614 3302 709 3365 nulla
724 3299 879 3364 feracior.
905 3298 1000 3382 Quae
1016 3301 1106 3364 inter
1120 3302 1251 3365 censeri
1274 3310 1387 3383 potest
1402 3298 1507 3366 Sarsai

173 3416 336 3491 Christos,
356 3436 403 3482 ex
425 3415 539 3482 Melcai
556 3415 711 3482 Christos
730 3419 865 3481 uterino
880 3416 1101 3499 Imperatoris
1120 3415 1227 3481 fratre
1243 3418 1324 3489 nati,
1346 3420 1505 3500 inexspe-

173 3544 267 3599 ctata
290 3536 334 3599 ab
356 3536 476 3598 eodem
493 3545 528 3598 et
551 3532 713 3597 Romana
731 3531 799 3625 fide
815 3530 975 3597 defectio.
990 3531 1026 3596 Is
1041 3534 1185 3616 principi
1203 3532 1349 3597 Basilidi
1366 3534 1412 3597 ob
1427 3553 1506 3598 aan-

173 3650 288 3734 guinis
310 3670 436 3714 nexum
459 3651 583 3714 aetatis
605 3660 640 3713 et
662 3669 795 3713 morum
818 3651 1090 3713 coniunctionem
1109 3658 1227 3733 gratus
1248 3658 1332 3723 erat,
1356 3660 1401 3723 et,
1424 3652 1505 3732 quia

174 3783 252 3829 cum
267 3786 305 3830 se
321 3776 430 3830 totum
454 3767 498 3830 ad
513 3767 623 3849 ipsius
637 3776 756 3830 nutum
772 3763 946 3837 formaret,
962 3783 1039 3828 eum
1055 3764 1122 3829 sibi
1138 3762 1243 3828 fidum
1256 3767 1289 3828 in
1305 3766 1429 3848 quovis
1445 3766 1504 3829 de-

174 3883 302 3946 stinato
336 3879 484 3945 futurum
518 3882 670 3965 putabat,
704 3901 812 3965 eaque
846 3882 890 3945 de
920 3900 1023 3944 causa
1052 3881 1149 3943 illurn
1172 3883 1283 3963 patrui
1313 3881 1390 3944 Ras
1420 3878 1504 3945 Sela

174 3996 340 4068 Christbs,
356 4016 458 4079 quem
481 3998 593 4082 gloria
615 4009 649 4061 et
673 3995 874 4061 fortitudine
897 3997 1036 4059 dolebat
1060 3997 1131 4060 suis
1147 3997 1332 4060 luminibus
1354 4007 1390 4060 et
1414 3999 1505 4061 votis

175 4112 322 4187 officere,
337 4133 404 4196 qua
427 4112 565 4177 valebat
588 4115 679 4196 apud
701 4124 834 4197 patrem
857 4111 979 4196 gratia,
1004 4110 1232 4195 magnitudini
1251 4113 1447 4194 opponebat
1472 4123 1506 4176 et

174 4231 378 4311 praecipuus
401 4240 520 4294 auctor
543 4228 609 4294 fuit
631 4227 847 4312 Gojamensis
879 4225 1113 4311 praefecturae
1136 4229 1181 4291 ab
1211 4230 1276 4291 isto
1299 4226 1506 4292 auferendae

175 4354 210 4409 et
233 4347 268 4408 in
292 4345 390 4409 illum
413 4348 707 4411 transmovendao.

266 4480 295 4524 2.
319 4458 405 4524 Cum
428 4481 448 4524 e
472 4462 577 4545 regiis
591 4460 711 4524 castris
727 4463 814 4525 exiit
830 4458 933 4524 Sarsi
949 4458 1102 4524 Christds
1118 4457 1309 4544 magnificis
1331 4461 1508 4543 promissis
1571 4467 1665 4519 merae
1684 4464 1764 4519 illius
1790 4481 1857 4531 pro·

174 4576 367 4640 catholicae
389 4574 469 4639 fidei
500 4578 535 4640 in
558 4574 705 4659 Gojama
734 4578 986 4659 promovendae
1017 4576 1263 4658 Imperatorem
1294 4586 1328 4639 et
1359 4576 1507 4640 Patriar·
1534 4539 1696 4592 mim*

174 4691 277 4755 cham
299 4694 464 4756 oneravit.
495 4690 565 4756 Sed
589 4681 693 4777 longe
715 4693 870 4756 diversas
900 4691 1170 4756 machinationes
1200 4691 1315 4755 animo
1338 4691 1506 4755 versabat.

174 4808 331 4875 Obscuro
347 4812 438 4874 enim
454 4830 589 4875 rumore
606 4809 788 4885 ferebatur,
806 4813 1021 4894 interipsum
1038 4821 1072 4875 et
1093 4809 1287 4892 Principem
1303 4822 1508 4875 conventum

174 4938 211 4991 ut
234 4927 325 4990 hunc
341 4928 376 4990 in
399 4924 547 5010 Gojama
561 4928 782 5010 Imperatoris
798 4929 943 5001 nomine,
964 4937 1059 5010 patre
1080 4928 1275 5009 depontano
1290 4926 1432 5000 reddito,
1449 4928 1509 4990 do-

174 5053 283 5115 naret,
301 5042 373 5116 sed,
390 5042 470 5105 durn
486 5054 712 5125 opportunum
728 5054 864 5128 tempus
879 5064 946 5107 non
963 5052 1150 5125 appeteret,
1163 5053 1278 5124 patres
1297 5040 1509 5105 Collelenses

173 5156 396 5221 Franciscum
420 5155 616 5221 Catualium
641 5167 674 5221 et
698 5158 910 5222 Ludovicnm
927 5157 1124 5222 Cardeiram
1143 5160 1233 5222 laeto
1245 5158 1342 5222 vultu
1359 5168 1393 5222 ct
1407 5158 1509 5222 labiis
