4066 6174
528 609 591 677 390
856 598 1130 655 EXPEDITIONIS
1154 598 1416 656 AETHIOPICAE
1439 599 1520 657 ETC.

212 773 282 824 uiua
300 772 332 823 ln
342 771 497 824 catholico·
616 778 645 837 3.
667 756 761 821 Inter
783 757 845 821 has
860 759 965 819 animi
980 760 1180 822 iactationes
1195 769 1230 822 et
1245 778 1400 823 curarum
1416 758 1549 833 fluctus,
1565 760 1660 823 lenta
1675 755 1771 822 febre
1786 775 1856 839 per·

177 844 386 966 {ffimm
414 844 497 894 ’Μ’
525 883 618 938 ustus
641 883 675 938 et
698 874 882 947 doloribus,
907 893 996 938 nunc
1020 874 1211 939 mitioribus
1233 895 1322 940 nunc
1345 877 1544 948 acrioribus,
1562 878 1723 959 agitatus
1744 883 1857 937 noctes

523 1000 558 1053 et
580 991 654 1053 dies
677 991 853 1053 insommis
876 998 911 1052 et
934 991 1069 1070 inquies
1091 991 1264 1074 exigebat.
1289 990 1382 1054 Illud
1404 1001 1538 1055 tantum
1561 1000 1635 1055 erat
1664 991 1856 1069 discrimen,

523 1107 624 1186 quod,
648 1125 725 1173 cum
748 1106 885 1169 dolores
908 1107 1126 1179 remitterent,
1149 1104 1222 1169 filio
1245 1116 1280 1169 et
1294 1108 1476 1172 haereticis
1491 1108 1695 1171 clementem
1710 1126 1749 1169 se
1764 1125 1857 1188 prae·

522 1222 644 1296 bebat;
679 1241 756 1285 cum
786 1223 971 1304 quidquam
1003 1231 1175 1304 urgerent,
1204 1242 1237 1304 p.
1271 1222 1451 1296 Didaeum,
1483 1225 1542 1306 qui
1573 1225 1684 1306 ipsum
1715 1221 1857 1305 singulis

523 1339 644 1403 diebus
668 1340 837 1401 invisebat
860 1347 895 1401 et
917 1338 1117 1420 opportunis
1139 1340 1398 1403 medicamentis
1420 1349 1454 1402 et
1478 1339 1632 1402 consiliis
1647 1359 1715 1401 non
1731 1338 1857 1409 deerat,

523 1456 589 1518 sibi
613 1456 738 1519 arctius
761 1455 994 1537 apprimebat;
1018 1473 1094 1518 cum
1118 1474 1252 1537 semper
1274 1457 1309 1518 in
1333 1456 1427 1519 illius
1449 1474 1509 1519 ore
1540 1464 1640 1528 esset,
1668 1453 1856 1522 catholicis.

524 1591 591 1653 quo
615 1572 727 1634 minus
749 1580 872 1644 essent,
897 1572 1067 1634 nemiuem
1091 1573 1269 1635 obstaculo
1293 1570 1461 1646 futurum
1484 1572 1546 1635 sed
1569 1572 1691 1654 cuique
1711 1571 1857 1634 dandam

525 1685 604 1750 fidei
628 1690 812 1769 optionem,
835 1698 870 1750 et
893 1688 1076 1770 aliquoties
1099 1688 1134 1749 in
1150 1706 1210 1750 eos
1226 1687 1381 1751 invectus
1396 1687 1451 1761 sit,
1466 1690 1525 1771 qui
1541 1688 1702 1750 damnum
1719 1687 1858 1767 aliquod

524 1802 568 1865 iis
590 1803 747 1865 intulisse
762 1798 988 1877 *dicerentun
1003 1803 1064 1865 sed
1080 1804 1167 1865 adeo
1182 1800 1309 1887 frigide
1324 1822 1365 1866 ac
1382 1804 1593 1875 meticulose,
1610 1811 1647 1865 ut
1666 1802 1727 1865 illa
1753 1799 1858 1863 fraeni
1880 1808 1897 1856 f.
1912 1808 1956 1859 ru.

525 1920 691 1981 immissio
714 1918 898 1981 calcarium
922 1917 1076 1982 incitatio
1099 1919 1279 1983 videretur.

178 2022 498 2157 cdffiffiffim
614 2056 645 2113 4.
677 2034 830 2119 Augusti
862 2034 1006 2097 exordio
1036 2055 1056 2096 a
1087 2033 1286 2099 Patriarcha
1318 2055 1378 2117 per
1408 2035 1563 2099 nuntium
1595 2034 1794 2116 postulavit,
1824 2042 1859 2094 ut

525 2160 729 2232 potestatem
753 2149 881 2214 faceret
904 2152 958 2213 sui
987 2170 1008 2213 a
1038 2152 1188 2214 cuiusvis
1218 2150 1447 2215 anathematis
1477 2150 1616 2214 vinculo
1647 2148 1858 2221 absolvendi,

524 2285 626 2348 quam
650 2268 723 2349 ipse
747 2287 779 2348 p.
803 2266 947 2338 Didaco,
972 2285 1139 2348 perpensa
1162 2268 1269 2349 ipsius
1291 2266 1525 2349 dispositione,
1553 2267 1738 2349 delegavit.
1770 2263 1857 2346 Quid

525 2392 637 2445 actum
672 2382 732 2445 ille
756 2382 862 2454 novit,
886 2384 941 2445 cui
965 2381 1148 2445 manifesta
1169 2392 1247 2446 sunt
1274 2384 1476 2447 abscondita
1505 2382 1734 2446 tenebrarum.
1766 2379 1858 2442 Tunc

525 2499 676 2561 animum
699 2495 913 2561 confessione
937 2517 1013 2560 cum
1037 2500 1158 2561 eo'dem
1181 2508 1278 2580 patre
1301 2498 1474 2581 expiavit;
1498 2499 1560 2561 sed
1580 2498 1615 2560 id
1630 2497 1786 2579 evulgari
1803 2515 1857 2557 no·

526 2613 599 2688 luit,
623 2633 666 2677 ne
689 2613 853 2677 haeretici
877 2614 1083 2677 moestitiam
1107 2634 1148 2676 eo
1172 2614 1291 2677 nuntio
1313 2615 1495 2687 haurirent,
1526 2613 1619 2696 quod
1649 2612 1857 2675 tantumdem

525 2739 578 2793 est
600 2750 640 2793 ac
664 2731 757 2793 nolle
780 2750 817 2794 se
841 2729 1047 2794 catholicum
1071 2727 1241 2812 profiteri;
1265 2750 1327 2794 nec
1361 2731 1433 2795 ulla
1467 2726 1704 2793 satisfactione
1727 2738 1780 2792 tot
1810 2724 1857 2789 oi-

527 2845 700 2910 fensiones
733 2845 870 2928 publice
893 2846 991 2909 datas
1014 2846 1124 2909 voluit
1153 2847 1328 2917 resarcire,
1360 2846 1441 2927 quin
1473 2847 1605 2927 piorum
1637 2844 1770 2907 animos
1801 2843 1857 2905 illa

527 2962 704 3025 excusatio
727 2962 1010 3045 tranquillaverit,
1033 2961 1078 3024 ab
1100 2981 1142 3025 ea
1175 2981 1213 3024 se
1244 2964 1415 3026 abstinere
1446 2981 1489 3025 ne
1517 2961 1708 3024 haereticos
1739 2960 1784 3022 ad
1809 2960 1856 3021 sui

213 3205 501 3257 olobmdurtoeimus
617 3211 648 3272 5.
671 3194 865 3277 Aegritudo
889 3195 1002 3276 itaque
1026 3194 1191 3275 paulatim
1215 3195 1466 3276 ingravescens,
1491 3192 1548 3257 die
1571 3191 1632 3254 illa
1657 3190 1857 3273 septembris

180 3276 315 3398 {qeiqulus
327 3288 423 3327 ventre
432 3292 499 3326 con·

527 3312 660 3373 decima
682 3312 717 3372 in
740 3329 808 3391 qua
830 3310 1010 3393 tergemini
1027 3309 1251 3373 anathematis
1267 3310 1486 3391 praeconium
1510 3309 1636 3372 iactum
1657 3306 1731 3379 fuit,
1750 3309 1857 3388 ipsum

526 3446 613 3509 pene
637 3427 672 3489 in
696 3436 836 3489 mortem
861 3426 1034 3507 compulit.
1058 3424 1144 3488 Cum
1168 3426 1258 3488 enim
1282 3427 1318 3488 in
1341 3444 1382 3487 ea
1403 3423 1576 3487 tantillum
1591 3422 1785 3505 respiraret,
1802 3420 1857 3483 sed

527 3541 667 3606 fastidio
691 3554 878 3617 nausearet,
901 3544 936 3604 in
960 3543 1064 3605 cruda
1079 3543 1171 3605 caesi
1191 3542 1292 3605 bovis
1315 3543 1487 3613 intestina,
1510 3559 1609 3622 quae,
1626 3558 1704 3601 cum
1720 3539 1857 3606 valeret,

527 3659 636 3738 prima
660 3659 765 3739 ipsius
788 3667 885 3720 erant
907 3656 1060 3729 bellaria,
1089 3677 1126 3720 se
1150 3677 1217 3719 non
1245 3676 1347 3720 avare
1377 3654 1621 3740 ingurgitavit;
1649 3664 1683 3717 et
1714 3664 1790 3717 orta
1816 3672 1858 3715 ex

528 3774 598 3835 illis
627 3775 777 3836 cruditas
806 3774 961 3855 sequenti
991 3783 1091 3835 nocte
1124 3772 1312 3854 deliquium
1347 3773 1448 3834 morti
1483 3772 1681 3853 proximum
1717 3769 1857 3832 invexit.

528 3887 661 3961 Gallae,
684 3910 770 3970 quos
793 3889 988 3971 aethiopica
1017 3888 1146 3951 ruditas
1169 3888 1227 3950 vel
1253 3885 1460 3951 confidentia
1490 3888 1642 3950 medicos
1669 3906 1738 3949 non
1769 3884 1858 3947 dedi·

528 4016 661 4088 gnatur‚
685 4006 971 4068 medicamentum
994 4004 1164 4067 intestinis
1188 4003 1272 4086 ipsis
1295 4003 1432 4066 crudius
1451 4011 1485 4066 et
1500 4004 1631 4066 tristius
1645 4003 1857 4071 condierunt;

528 4124 631 4206 gypsi
655 4142 806 4206 pugnum
840 4124 922 4185 vino
956 4122 1100 4185 dilutum
1132 4122 1263 4203 potioni
1293 4121 1420 4193 datum,
1452 4139 1499 4183 ex
1529 4139 1597 4201 quo
1628 4129 1661 4182 et
1692 4118 1858 4183 intestinis

528 4239 653 4320 globus
687 4240 721 4301 in
747 4248 866 4301 ventre
893 4238 980 4301 adeo
1011 4237 1114 4300 durus
1144 4238 1326 4309 concrevit,
1358 4245 1395 4299 ut
1428 4235 1567 4299 dolores
1600 4245 1634 4297 et
1668 4235 1858 4296 anxietates

529 4354 747 4418 incredibiles
770 4355 947 4425 exciverit,
973 4371 1060 4433 quae
1083 4352 1164 4415 licet
1179 4353 1292 4434 ipsum
1308 4359 1445 4433 repente
1461 4370 1530 4413 non
1546 4350 1743 4422 extulerint,
1765 4349 1857 4413 brevi

526 4481 689 4552 tempore,
725 4470 885 4532 letalibus
914 4487 1048 4551 semper
1078 4467 1183 4531 animi
1213 4466 1464 4531 defectionibus
1498 4464 1692 4550 fatigatum,
1723 4484 1857 4547 oppres·

528 4595 653 4648 serunt.

215 4718 249 4767 in
260 4717 314 4767 ude
327 4719 455 4767 Romana
470 4730 500 4766 ne
617 4704 646 4764 6.
664 4701 877 4765 Assidebant
892 4722 924 4782 p.
939 4700 1090 4765 Didacus
1106 4709 1140 4762 et
1155 4697 1356 4762 Emmanuel
1368 4697 1496 4772 Macer,
1512 4697 1734 4761 Patriarchae
1750 4694 1856 4778 capel·

180 4789 252 4840 ”¹⁰¹¹
271 4798 396 4840 “m'‘
527 4820 634 4891 lanus,
660 4819 848 4882 medicinae
879 4821 923 4882 ab
953 4817 1161 4901 experientia
1195 4815 1369 4897 profectae
1399 4835 1467 4878 non
1497 4813 1686 4897 imperitus,
1713 4815 1774 4895 qui
1805 4813 1855 4873 die

527 4937 662 4999 decima
683 4937 785 4999 tertia
808 4936 1020 5017 septembris,
1046 4952 1122 4996 cum
1146 4952 1189 4995 ex
1215 4932 1346 5016 ingenti
1369 4929 1521 5011 deliquio
1545 4930 1656 5012 ipsum
1680 4930 1775 4992 abire
1790 4947 1855 4990 cre·

528 5051 656 5121 derant,
681 5052 725 5114 ad
747 5053 854 5114 vitam
877 5052 1017 5113 salutari
1042 5049 1173 5113 iusculo
1197 5056 1407 5111 revocarunt.
1431 5042 1613 5129 Suggessit
1636 5054 1716 5107 tunc
1743 5066 1776 5127 p.
1799 5044 1855 5105 Di·

528 5168 633 5229 dacus
657 5186 771 5230 coram
796 5168 966 5249 Principe,
991 5168 1049 5247 qui
1073 5175 1108 5229 et
1140 5165 1213 5246 ipse
1237 5165 1363 5235 aderat,
1397 5173 1432 5226 ut
1463 5181 1578 5226 secum
1609 5170 1792 5243 reputaret,
1820 5177 1853 5222 se

527 3080 668 3142 caedem
691 3080 867 3142 excitaret.

2009 4038 2010 4103 l

2009 4222 2010 4269 l

2009 4278 2010 4349 l

2009 4382 2010 4445 l
