4124 6182
512 531 553 590 ὁὸ
846 538 1119 588 EXPEDITIONIS
1143 536 1404 587 nnrffloprcna
1428 536 1507 586 Ere.

511 690 638 760 oculos,
671 697 786 751 nostra
816 687 967 750 crustula
997 688 1089 768 typis
1120 685 1240 757 solitis,
1272 686 1398 769 insigni
1429 686 1637 748 adstantium
1669 686 1844 753 miraculo,

512 823 734 886 concoquere.
750 803 781 865 E
796 805 919 886 quibus
942 803 1127 884 aliquando
1142 822 1246 865 unus:
1265 801 1343 873 Hic,
1359 804 1469 883 inquit
1485 821 1564 865 vere
1580 804 1679 884 panis
1702 813 1755 863 est
1770 799 1845 862 An·

512 922 679 1003 gelorum,
703 928 818 982 noster
834 938 915 981 vero
931 939 1027 981 suum
1044 928 1078 981 et
1094 929 1283 981 nostrorum
1300 920 1499 981 clericomm
1514 918 1659 999 pedibus
1675 918 1844 980 subactus.

200 1045 486 1166 Necqsubdlaeqqlgtus
602 1041 632 1098 8.
657 1033 809 1098 Clericos
832 1036 896 1097 soli
919 1036 1162 1116 presbiteratus
1189 1044 1223 1098 et
1254 1036 1453 1098 diaconatus
1476 1035 1614 1097 ordines
1645 1034 1843 1095 reddebant

166 1132 219 1167 nec
231 1129 356 1167 minore!
371 1131 389 1166 0
435 1129 486 1164 ΜΒ

165 1189 240 1251 apud
258 1202 308 1239 eoa
326 1187 358 1237 in
376 1201 439 1237 um,
514 1151 602 1214 Nam
626 1130 889 1214 subdiaconatus
912 1161 946 1213 et
970 1152 1117 1212 minores
1140 1170 1216 1213 cum
1241 1152 1353 1232 prima
1365 1161 1505 1213 tonsura
1528 1152 1664 1232 penitus
1683 1151 1844 1220 inusitati,

516 1287 592 1330 cum
615 1287 731 1330 eorum
755 1268 877 1329 notitia
900 1286 946 1328 ex
971 1267 1066 1328 libris
1088 1266 1278 1329 haberetur.
1302 1266 1521 1339 Diaconatus‚
1547 1264 1660 1329 fronte
1676 1267 1754 1327 oleo
1770 1284 1845 1347 per-

512 1394 614 1446 uncta
648 1393 682 1446 et
712 1383 848 1465 capillis
871 1382 1041 1464 aliquibus
1064 1384 1204 1453 abrasis,
1232 1383 1444 1455 tradebatur;
1468 1383 1725 1464 presbyteratus
1756 1400 1844 1463 pane

513 1520 533 1560 a
555 1500 674 1580 templi
699 1496 849 1561 fenestra
864 1500 1012 1580 propriis
1027 1499 1207 1561 ordinandi
1224 1500 1381 1561 manibus
1396 1498 1512 1560 ablato
1529 1497 1612 1580 [siti
1629 1499 1759 1578 absque
1775 1498 1845 1559 ulla

512 1616 693 1677 verborum
717 1616 990 1696 pronuntiatione
1013 1614 1069 1677 vel
1093 1616 1391 1677 instrumentorum
1423 1614 1615 1677 traditione.
1647 1612 1749 1676 Unde
1773 1614 1844 1675 veri

512 1751 553 1793 ne
577 1728 702 1792 fuerint
724 1730 759 1792 hi
783 1731 851 1792 duo
873 1731 1019 1802 ordines,
1045 1732 1181 1812 saepius
1205 1733 1371 1812 agitatum
1394 1739 1428 1793 et
1451 1731 1515 1793 sub
1538 1731 1734 1793 conditione
1751 1748 1844 1810 repe·

512 1848 642 1919 tendos,
665 1856 819 1910 caeteros
843 1867 888 1909 ex
911 1857 984 1909 toto
1011 1848 1152 1919 dandos,
1183 1844 1369 1910 definitum.
1400 1846 1523 1909 Totum
1555 1847 1599 1908 ad
1630 1846 1709 1908 illos
1740 1846 1846 1907 susci·

512 1964 654 2044 piendos
678 1982 824 2025 examen
847 1975 919 2026 erat
942 1964 1124 2044 expeditus
1147 1964 1248 2025 trium
1279 1964 1335 2025 vel
1363 1972 1507 2044 quatuor
1539 1963 1703 2025 linearum
1730 1979 1844 2024 sacro-

512 2099 585 2141 rum
611 2080 773 2141 librorum
797 2081 974 2151 decursus;
998 2080 1143 2162 pretium
1166 2098 1248 2140 vero
1271 2098 1357 2141 unus
1380 2087 1414 2141 et
1437 2080 1524 2141 alter
1553 2078 1636 2140 salis
1662 2077 1845 2140 laterculus

513 2196 547 2256 in
575 2194 723 2257 Abunae
754 2214 925 2276 expensas
955 2195 1044 2257 solvi
1074 2196 1205 2267 solitus,
1237 2215 1315 2257 cum
1345 2196 1452 2276 ipsius
1483 2196 1636 2257 minister
1666 2195 1844 2276 approbati

511 2312 653 2373 brachio
669 2322 784 2373 notam
801 2312 960 2374 inureret.
976 2310 1073 2391 Quae
1089 2329 1164 2372 cum
1181 2331 1256 2373 esse
1271 2322 1388 2393 posset
1404 2313 1492 2373 iusta
1511 2313 1660 2393 suscepti
1677 2332 1697 2374 a
1713 2313 1845 2374 notario

513 2427 641 2489 laboris
664 2446 804 2499 merces,
829 2447 849 2488 a
872 2446 1003 2488 summe
1027 2428 1198 2509 religiosis
1222 2428 1378 2489 ordinum
1400 2430 1529 2509 emptio
1553 2438 1586 2489 et
1610 2429 1762 2509 ipsorum
1786 2430 1845 2489 de·

512 2543 595 2606 letio
608 2542 681 2625 [sic]
705 2544 897 2624 putabatur.
914 2542 1014 2623 Quod
1030 2563 1092 2604 nos
1107 2545 1277 2625 permovit
1293 2552 1339 2615 ut,
1357 2544 1400 2605 ad
1417 2545 1622 2625 abigendam
1639 2563 1773 2606 omnem
1790 2563 1844 2604 su·

513 2661 710 2740 spicionem‚
728 2678 845 2721 cereos
867 2660 911 2721 ab
928 2659 1101 2721 oblatione
1118 2660 1343 2723 reiiceremus.
1358 2659 1439 2721 Tria
1455 2660 1718 2721 ordinandorum
1736 2661 1845 2722 millia

513 2775 695 2855 aliquando
718 2775 762 2837 ad
787 2773 947 2837 Abunam
973 2771 1219 2843 confluxerunt,
1243 2793 1386 2855 cumque
1410 2775 1522 2855 ipsum
1545 2784 1705 2856 urgerent
1728 2775 1772 2836 ad
1792 2794 1845 2837 or·

513 2890 611 2951 dines
633 2891 699 2952 sibi
723 2891 980 2972 impendendos,
1005 2891 1078 2971 ipse
1105 2890 1182 2952 aliis
1209 2892 1491 2970 occupationibus
1515 2908 1552 2953 sc
1576 2891 1763 2952 distentum
1793 2909 1845 2952 re-

513 3006 669 3085 spondit:
693 3025 778 3086 quos
808 3025 908 3085 porro
931 3007 1074 3087 quisque
1105 3005 1221 3076 vellet,
1253 3007 1392 3069 ordines
1424 3008 1515 3069 bona
1545 3026 1622 3068 cum
1653 3008 1756 3068 venia
1785 3007 1846 3068 do-

514 3141 604 3183 mum
627 3119 771 3185 efferret.
796 3120 861 3201 Qui
886 3141 1005 3183 omnes
1034 3142 1075 3184 eo
1107 3122 1226 3184 nuntio
1257 3122 1338 3184 laeti
1370 3123 1560 3185 avolarunt.
1594 3121 1726 3185 Aderat
1757 3120 1846 3183 forte

513 3237 720 3309 muliercula,
744 3256 842 3317 quae,
864 3246 935 3300 tam
959 3238 1063 3300 vilem
1087 3247 1273 3301 mercatum
1297 3241 1503 3320 conspicata,
1528 3239 1628 3309 dixit,
1652 3259 1689 3300 se
1712 3257 1846 3319 quoquc

513 3354 603 3415 velle
627 3355 866 3425 diaconissam,
889 3354 945 3415 vel
969 3356 1204 3435 presbyteram
1229 3355 1433 3436 inaugurari.
1457 3352 1590 3416 Annuit
1613 3354 1673 3417 ille
1689 3373 1752 3416 nec
1772 3356 1844 3435 ipsa

512 3470 695 3549 quidquam
720 3470 869 3531 deterius
892 3489 992 3550 quam
1017 3471 1142 3532 caeteri
1166 3470 1323 3531 ordinata
1347 3470 1514 3532 discessit.

202 3595 432 3646 conditiones
450 3596 485 3643 ad
602 3603 632 3663 9.
655 3580 732 3646 *Ad
755 3584 977 3666 excipiendas
1000 3581 1233 3647 confessiones
1255 3585 1350 3646 nulla
1372 3587 1576 3667 exquisitior
1595 3588 1774 3647 instructio
1788 3586 1845 3647 vel
1894 3634 1901 3645 .
1946 3607 1971 3645 ·.

166 3669 384 3730 presbyteratum
392 3665 485 3731 requi·

166 3739 247 3789 ,m
513 3701 556 3762 ad
579 3719 698 3762 omnes
720 3701 794 3762 sine
817 3701 1012 3763 discrimine
1035 3701 1264 3762 absolvendos
1287 3701 1355 3762 alia
1376 3709 1530 3781 potestas
1553 3700 1643 3763 ultra
1669 3702 1845 3782 presbyte-

512 3826 605 3879 ratus
628 3816 781 3877 ordinem
805 3818 1038 3897 quaerebatur.
1062 3815 1122 3878 Ad
1145 3836 1223 3877 eum
1247 3818 1470 3897 promovendi
1490 3818 1660 3899 virginem
1676 3819 1771 3898 prius
1786 3818 1844 3878 du·

513 3932 636 3993 cebant
658 3942 758 3994 extra
781 3950 881 4011 quam
909 3934 938 3994 si
961 3952 998 3994 se
1022 3934 1119 3995 alteri
1149 3934 1349 4003 iunxissent,
1373 3932 1430 3994 vel
1460 3934 1564 3995 aliam
1593 3942 1744 3994 mortuae
1768 3933 1846 3994 sub-

513 4057 700 4130 rogassent,
725 4067 792 4110 non
816 4048 971 4109 ordinum
994 4058 1125 4110 tantum
1149 4067 1220 4117 usu,
1245 4048 1306 4110 sed
1333 4056 1368 4110 et
1391 4049 1474 4129 ipsis
1493 4067 1530 4110 se
1546 4057 1778 4130 exauguratos
1794 4047 1845 4131 (ea

512 4176 627 4226 tamen
651 4183 718 4226 non
742 4163 893 4246 dimissa)
917 4164 1085 4225 rebantur.
1110 4163 1312 4225 Parentibus
1335 4165 1516 4227 ordinatim
1540 4184 1657 4226 eorum
1683 4161 1747 4226 filii
1771 4184 1844 4225 suc·

513 4279 697 4351 cedebant;
722 4299 865 4361 cumque
896 4280 962 4360 ipsi
989 4288 1237 4348 excrescerent,
1269 4288 1303 4342 et
1333 4281 1368 4340 in
1400 4298 1459 4343 eos
1490 4280 1590 4342 divisi
1623 4281 1843 4342 ecclesiarum

513 4392 608 4457 fundi
621 4396 859 4467 minuerentur,
876 4397 910 4457 in
926 4413 1092 4457 summam
1109 4395 1364 4458 mendicitatem
1379 4396 1630 4479 redigebantur,
1648 4416 1669 4458 a
1683 4393 1843 4478 profanis,

513 4530 575 4573 nec
598 4520 692 4574 veste
716 4530 779 4574 nec
802 4509 938 4593 opificio
961 4513 1023 4573 sed
1045 4513 1151 4573 solius
1175 4513 1285 4573 crucis
1308 4513 1450 4574 dextera
1473 4521 1629 4594 gestatae
1652 4513 1780 4575 indicio
1799 4512 1844 4574 di-

513 4628 628 4700 screti;
653 4638 686 4688 et
710 4628 911 4708 oppidorum
928 4628 1076 4689 dominis
1091 4628 1135 4688 ad
1151 4628 1395 4690 correctionem
1411 4637 1445 4690 et
1461 4629 1639 4710 supplicia,
1656 4630 1712 4691 vel
1737 4631 1842 4709 ipsam

513 4744 663 4813 caedem,
689 4761 755 4804 non
780 4762 878 4805 secus
901 4762 1002 4824 quam
1026 4744 1151 4805 caeteri
1175 4764 1194 4803 e
1217 4743 1347 4825 populo
1370 4745 1524 4806 subiecti.

200 4869 364 4949 nunquam
382 4881 485 4917 munus
602 4856 716 4920 Unum
741 4857 942 4921 Abunarum
968 4879 1090 4921 munus
1120 4870 1193 4921 erat
1219 4861 1356 4923 ordines
1385 4857 1542 4923 conferre
1572 4862 1655 4941 quin
1685 4880 1843 4941 umquam

165 4946 193 4989 οἳ
211 4940 313 4989 “um
513 4993 628 5035 eorum
652 4975 776 5055 aliquis
798 4977 892 5037 visus
922 4976 967 5037 sit
989 4976 1193 5047 concionari,
1221 4976 1278 5038 vel
1309 4976 1474 5039 ecclesias
1504 4976 1658 5049 lustrare,
1691 4976 1772 5039 licet
1801 4977 1843 5038 ad

513 5090 721 5172 singularum
745 5093 802 5152 vel
826 5092 979 5154 binarum
1003 5112 1049 5154 ex
1072 5093 1113 5154 iis
1136 5094 1280 5155 telarum
1305 5093 1544 5155 collectionem
1567 5112 1647 5156 suos
1674 5113 1742 5155 non
1768 5111 1843 5155 raro
