4066 6174
592 617 709 667 LIBER
733 617 770 677 11,
796 617 921 667 CAPUT
948 617 1048 668 XXX.
1424 621 1487 682 359

150 763 368 844 panderetur,
393 765 437 827 ad
461 766 564 846 ipsos,
592 763 805 846 Imperatore
835 765 982 837 deserto,
1013 765 1245 827 transiturum.
1271 762 1380 844 Apud
1411 782 1487 825 eum

33 886 124 947 treqv.
149 880 271 942 vicena
294 880 502 943 bellatorum
526 880 635 943 millia
657 882 924 963 reperiebantur,
940 889 974 942 et
990 880 1025 943 in
1049 881 1091 943 iis
1107 880 1239 943 milleni
1255 878 1388 952 Gallae,
1411 878 1487 961 *qui

149 997 246 1077 equis
271 998 500 1059 merebantur.
525 1006 558 1060 et
580 998 723 1060 totidem
748 997 952 1060 illustriores
981 995 1157 1069 Abassini,
1182 1006 1216 1059 et
1239 996 1410 1058 intereos
1433 1015 1487 1058 ca·

147 1110 268 1174 tholici
285 1112 520 1193 probatissimi
532 1113 575 1175 ad
588 1122 767 1186 trecentos,
780 1113 825 1175 ad
837 1113 1056 1195 pugnandum
1074 1112 1355 1192 moriendumque
1367 1112 1486 1192 parati,

147 1227 205 1308 qui
230 1228 387 1290 maxima
409 1246 490 1310 pars
513 1229 678 1291 victoriae
702 1226 849 1293 fuerunt.
883 1226 1035 1292 Caeteris
1057 1228 1229 1310 peditibus
1252 1237 1287 1291 et
1314 1227 1487 1308 equitibus

146 1359 267 1422 parum
293 1339 479 1416 fidendum,
494 1362 573 1405 nam
589 1344 646 1406 vel
661 1345 841 1407 rusticanis
856 1344 946 1406 ultro
962 1343 1155 1416 adiiciendi,
1173 1344 1238 1414 vel,
1256 1344 1285 1405 si
1303 1343 1368 1424 ipsi
1389 1343 1487 1423 quid·

146 1476 249 1538 quam
274 1459 491 1531 obsisterent,
515 1460 549 1521 in
575 1479 655 1522 suos
677 1460 781 1541 pedes
803 1468 902 1522 erant
924 1459 1137 1520 coniiciendi.

237 1576 269 1636 6.
295 1573 496 1656 Imperator,
519 1575 578 1637 ubi
601 1575 749 1656 septima
771 1573 855 1636 iunii
878 1572 961 1647 dies,
984 1592 1071 1654 quae
1088 1572 1188 1635 lunae
1210 1581 1292 1644 erat,
1309 1572 1390 1635 anni
1410 1572 1486 1635 mil·
1549 1577 1666 1628 Pisana
1689 1580 1832 1642 specimen

147 1688 259 1751 issimi
284 1688 528 1752 sexcentesimi
559 1690 727 1772 trigesimi
750 1691 891 1753 secundi
914 1690 1041 1762 illuxit,
1066 1698 1309 1762 antecursores,
1333 1688 1484 1752 hostium
1513 1659 1541 1698 θ’
1559 1647 1724 1700 iuramenta.
1750 1684 1754 1689 ’

146 1825 226 1868 ase
252 1807 471 1868 intervallum
495 1816 530 1869 et
552 1805 655 1869 situm
686 1807 913 1887 exploratum,
939 1806 1078 1868 dimisit.
1113 1803 1199 1867 Mox
1230 1823 1328 1867 sacro
1349 1814 1383 1866 et
1407 1823 1484 1866 con·

145 1919 238 1982 cioni
262 1918 429 1994 interfuit,
454 1920 489 1983 in
512 1941 580 2004 qua
595 1942 628 2004 p.
646 1920 798 1986 Didacus
814 1942 940 2006 magna
962 1923 1102 2005 spiritus
1117 1920 1318 1984 efficacitate
1342 1929 1485 1984 cunctos

144 2038 188 2100 ad
212 2038 448 2120 pugnandum,
479 2047 514 2102 et
536 2049 594 2101 aut
617 2038 767 2121 gloriose
791 2040 1005 2111 vincendum,
1030 2049 1089 2101 aut
1112 2036 1247 2102 fortiter
1270 2037 1484 2101 moriendum

144 2173 208 2236 pro
234 2154 368 2236 imperii
392 2163 428 2217 et
450 2152 530 2217 fidei
546 2155 781 2218 incolumitate
797 2144 961 2218 incitavit.
977 2155 1228 2236 Exploratores
1249 2155 1485 2216 renuntiarunt

144 2270 266 2333 hostes
282 2289 350 2332 non
365 2270 484 2352 procul
500 2270 630 2343 abesse,
647 2279 681 2333 et
696 2271 820 2352 pedem
836 2290 954 2334 versus
970 2270 1214 2352 Imperatorem
1231 2266 1396 2333 conferre.
1412 2268 1484 2331 Ex·

143 2387 279 2468 templo
302 2384 473 2468 dispansis
496 2385 645 2459 vexillis,
678 2395 712 2449 et
734 2385 895 2468 praeliari
918 2387 1038 2448 ordine
1068 2384 1258 2467 imperialis
1285 2384 1376 2447 acies
1405 2403 1482 2466 pro·

143 2504 269 2567 cedere
292 2502 415 2584 coepit,
440 2510 474 2564 et
497 2503 570 2584 ipse
595 2501 737 2564 meridie
752 2502 787 2564 in
811 2502 900 2565 colle
924 2503 967 2564 ad
983 2501 1154 2564 sinistram
1178 2501 1353 2583 paululum
1373 2518 1484 2563 assur·

143 2628 250 2700 gente
285 2616 513 2699 interquievit.
544 2615 679 2679 Moram
714 2617 831 2680 hostes
854 2617 983 2680 nullam
1015 2618 1255 2699 interposuere,
1290 2617 1350 2679 sed
1385 2616 1483 2679 brevi

143 2753 226 2797 suas
248 2733 407 2795 cohortes
429 2751 535 2813 prope
550 2733 707 2795 eumdem
723 2742 873 2796 montem
889 2733 1077 2796 intulerunt
1093 2742 1127 2795 et
1142 2743 1309 2815 tympana
1325 2751 1365 2795 ac
1381 2733 1483 2794 tubae

142 2849 309 2912 bellicum
333 2849 491 2930 utrinque
514 2850 718 2911 cecinerunt.
743 2847 904 2911 Proxime
927 2857 1110 2931 antequam
1137 2847 1304 2930 proelium
1329 2846 1480 2919 iniretur,

144 2964 349 3046 Imperator,
373 2965 532 3046 princeps
555 2973 589 3026 et
613 2964 673 3026 alii
688 2983 735 3026 ex
751 2963 969 3048 magnatibus
991 2983 1144 3027 summae
1159 2964 1296 3045 pietatis
1312 2960 1481 3047 significa·

97 3067 102 3075 ’
143 3083 239 3144 tione
263 3079 506 3144 conscientiam
530 3080 767 3163 exomologesi
790 3099 868 3143 cum
892 3100 924 3161 p.
942 3079 1075 3142 Didaco
1099 3089 1335 3162 repurgarunt,
1361 3079 1482 3142 iureiu-

144 3197 254 3260 rando
277 3193 378 3259 fidem
402 3215 498 3259 suam
514 3197 778 3279 obstringentes,
802 3217 850 3269 se,
867 3195 895 3258 si
918 3197 1068 3259 victores
1084 3195 1278 3266 evaderent,
1299 3192 1373 3257 fore
1389 3196 1482 3258 inde·

143 3309 257 3375 fessos
286 3312 476 3375 catholicae
503 3310 585 3375 fidei
617 3310 775 3383 fautores,
808 3322 841 3374 et
875 3313 910 3373 in
941 3309 1026 3374 fines
1056 3311 1192 3393 imperii
1223 3320 1480 3395 propagatores.

144 3425 288 3491 Utinam
312 3424 458 3490 fuissent
481 3428 704 3490 executores!
1220 3428 1222 3431 ’

236 3560 266 3621 7.
290 3542 482 3623 Equitibus‚
507 3544 541 3605 in
566 3544 690 3624 quibus
713 3553 783 3606 tota
808 3552 882 3606 erat
909 3540 1043 3615 fiducia,
1071 3543 1274 3624 imperatum
1302 3541 1405 3623 (quod
1430 3543 1482 3605 vi·
1543 3547 1686 3612 Equitem
1704 3550 1771 3599 haec
1786 3548 1830 3599 vi·

143 3660 272 3722 ctoriae
296 3667 398 3741 caput
421 3657 506 3739 fuit),
527 3671 564 3722 ut
596 3678 715 3721 omnes
738 3659 876 3722 ordines
904 3659 1091 3741 praeirent;
1122 3659 1265 3721 sienim
1288 3659 1422 3739 pedites
1445 3659 1479 3720 in
1508 3619 1597 3670 Μ’
1614 3619 1776 3670 mmm

143 3774 324 3857 principiis
347 3775 549 3847 locarentur,
577 3784 612 3837 et
634 3774 744 3838 hostis
774 3746 995 3845 obniteretur,
1026 3785 1083 3837 aut
1106 3784 1207 3857 terga
1229 3773 1342 3836 daturi
1372 3784 1479 3847 erant,
1514 3834 1520 3846 ,

144 3898 203 3952 aut
227 3889 279 3952 illi
301 3909 338 3951 se
362 3899 396 3952 et
420 3908 514 3952 arma
537 3890 696 3953 dedituri.
721 3888 790 3952 Ubi
815 3890 985 3971 equitatus
1009 3892 1051 3952 ad
1074 3891 1134 3953 teli
1151 3891 1278 3952 iactum
1301 3889 1480 3970 processit,

142 4006 302 4086 utrinque
326 4006 473 4067 incursio
497 4025 662 4086 suspenso
685 4006 794 4086 gradu
819 4004 972 4078 inhibita,
996 4004 1219 4069 Lastensibus
1243 4005 1480 4087 trepidationis

144 4118 272 4182 indicia
294 4119 547 4200 praebentibus,
572 4128 607 4181 et
631 4120 865 4201 imperialibus
888 4120 1113 4204 aggrediendi
1134 4121 1269 4203 signum
1293 4129 1477 4201 expectan-

142 4237 245 4298 tibus.
271 4234 389 4297 Duces
405 4235 511 4316 aliqui
527 4235 773 4318 generosiores.
790 4235 1034 4318 Imperatorem
1055 4236 1228 4308 adeuntes,
1252 4253 1413 4297 monuere
1436 4255 1480 4297 ne

140 4361 303 4434 punctum
327 4361 550 4423 cunctaretur,
575 4350 687 4414 Deum
702 4353 794 4413 enim
811 4349 979 4414 fautorem
1002 4351 1206 4414 habiturum.
1233 4350 1369 4413 Primus
1394 4349 1478 4431 ipse,

142 4468 243 4550 signo
267 4484 403 4550 pugnae
426 4467 518 4538 dato,
550 4486 675 4547 equum
699 4468 733 4529 in
758 4464 1027 4530 confertissimos
1050 4467 1174 4550 globos
1198 4465 1385 4549 instigavit.
1410 4462 1481 4528 Sed

142 4581 292 4645 medium
317 4600 355 4644 se
378 4581 504 4644 obiecit
527 4583 640 4644 senior
663 4582 768 4663 ipsius
792 4580 896 4645 frater
920 4581 995 4644 Ras
1018 4581 1150 4645 Emana
1173 4579 1329 4643 Christis
1353 4589 1391 4643 ut
1406 4591 1479 4643 tan·

142 4699 258 4781 tisper,
283 4697 379 4779 quasi
403 4697 447 4759 ad
463 4696 650 4779 periculum
668 4696 892 4761 differendum
909 4708 1109 4771 moraretur;
1135 4697 1194 4760 ille
1218 4708 1332 4760 tamen
1350 4696 1477 4778 insIgni

141 4814 327 4877 turbatoris
350 4813 571 4894 despicientia
595 4832 718 4894 equum
742 4815 854 4875 acrius
878 4814 1117 4887 instimulavit;
1141 4823 1174 4876 et
1192 4832 1273 4875 mox
1297 4813 1479 4894 equitatus,

141 4949 209 4992 non
241 4925 404 4992 Sanctum
437 4926 598 4991 Iacobum
630 4937 747 4990 nostro
777 4948 880 4999 more,
905 4930 966 4990 sed
993 4927 1069 4990 Iesu
1101 4948 1235 4999 nomen,
1267 4948 1313 4989 ex
1344 4937 1477 5009 patrum

140 5047 297 5109 doctrina
320 5044 530 5118 inclamavit,
554 5054 588 5107 et
604 5044 772 5106 auxilium
789 5044 1002 5126 imploravit;
1028 5043 1183 5126 idemque
1201 5041 1265 5106 fuit
1288 5045 1476 5126 irrumpere

24 5176 113 5237 [170.
141 5161 234 5244 quod
259 5156 427 5231 *vincere
452 5162 600 5222 clamare
624 5162 715 5240 quod
732 5179 902 5241 superare.
923 5158 1008 5222 Cum
1025 5162 1114 5222 enim
1132 5160 1312 5222 vulnerare
1337 5160 1479 5233 vellent,
