4166 6182
1044 661 1305 712 INTRODUCTIO

1158 946 1184 1018 l.

505 1179 578 1262 De
607 1179 713 1263 uita
743 1188 791 1263 et
810 1181 971 1284 qestis
992 1181 1315 1282 patriarchae
1335 1183 1545 1265 hiendez
1565 1183 1726 1283 deque
1746 1184 1837 1268 aii·

586 1321 707 1413 quot
748 1315 1017 1398 eventibus
1059 1316 1122 1398 ad
1162 1316 1456 1399 missionem
1501 1316 1835 1418 aethiopicam

584 1449 948 1550 spectantibus,
976 1449 1062 1569 qui
1101 1457 1218 1533 ante
1246 1449 1328 1533 uei
1367 1458 1483 1552 post
1520 1450 1631 1534 eius
1659 1451 1710 1532 in
1741 1452 1835 1534 iie·

585 1582 775 1684 thiopia
805 1582 1251 1667 commorationem
1281 1583 1444 1667 iocum
1476 1584 1730 1682 habuere(
1756 1593 1783 1684 ).

587 1875 619 1927 1.
650 1851 872 1950 Alphonsus
900 1855 1059 1928 Mendez
1088 1870 1210 1928 ortum
1239 1853 1383 1939 habuit,
1409 1853 1471 1927 die
1490 1853 1676 1951 vigesima
1699 1871 1839 1929 octava

503 1986 650 2083 augusti
679 2011 780 2060 anno
814 2010 924 2081 1579,
955 1988 1114 2062 honesto
1143 1988 1227 2061 loco
1245 1987 1373 2061 Sancti
1395 1987 1519 2062 Alexii
1539 1988 1577 2061 in
1598 2013 1698 2085 pago
1715 2013 1833 2085 prope

502 2123 684 2207 Mouram,
714 2122 918 2196 Eborensis
954 2121 1139 2196 dioecesis
1176 2136 1278 2196 trans
1315 2124 1451 2196 flumen
1491 2122 1711 2196 Guadianae
1748 2122 1831 2196 sito.

502 2255 696 2329 llfendesia
723 2279 829 2351 gens,
860 2255 1062 2352 praecipua
1089 2255 1186 2331 inter
1214 2255 1379 2353 regionis
1406 2255 1580 2342 familias,
1611 2255 1746 2329 bellica
1764 2256 1833 2329 vir-

501 2404 577 2462 tute
606 2389 748 2475 claruit,
778 2390 876 2485 quia,
907 2391 999 2463 fines
1027 2390 1123 2464 inter
1150 2389 1380 2464 Lusitaniam
1406 2389 1705 2487 Hispaniamque
1734 2389 1833 2463 inco·

500 2524 591 2608 lens,
623 2549 697 2596 non
726 2523 980 2618 infrequentes
1009 2524 1263 2621 Hispanorum
1297 2523 1529 2598 incursiones
1566 2525 1745 2621 repellere
1774 2548 1833 2596 co-

499 2659 667 2754 gebatur.
699 2658 836 2731 Ferunt
864 2656 1032 2731 historici
1060 2658 1275 2732 Mendesios
1303 2683 1434 2732 omnes
1454 2683 1609 2754 procera
1628 2657 1743 2731 fuisse
1762 2672 1832 2731 sta·

499 2806 580 2864 tura
608 2790 818 2886 validisque
846 2791 1007 2875 viribus;
1037 2793 1139 2887 quod
1168 2807 1205 2865 et
1234 2792 1270 2864 in
1301 2806 1428 2866 nostro
1457 2794 1744 2888 comprobatum·
1762 2805 1829 2864 est.

578 2946 613 2999 2.
644 2925 759 2997 Domi
793 2925 996 2999 litterarum
1017 2925 1211 3000 elementis
1230 2926 1404 3010 imbutus,
1427 2951 1527 2999 anno
1555 2925 1686 2999 aetatis
1715 2949 1830 3008 non0,

498 3085 582 3133 cum
614 3084 790 3156 magnam
819 3060 867 3132 de
895 3084 935 3133 se
964 3062 1013 3132 ob
1042 3060 1164 3132 alacre
1194 3058 1386 3157 ingenium
1416 3084 1521 3156 spem
1550 3061 1701 3146 faceret,
1727 3083 1831 3154 apa·

496 3208 591 3280 trun,
620 3193 845 3267 cathedralis
881 3193 1062 3267 ecclesiae
1099 3191 1417 3267 Conimbricensis
1449 3192 1644 3278 canonica,
1682 3190 1830 3266 Conim-

496 3327 638 3400 bricam
667 3341 822 3400 vocatus
849 3341 905 3400 est
933 3340 974 3398 ut
1002 3326 1038 3398 in
1067 3325 1229 3423 collegio
1257 3325 1456 3400 Societatis
1479 3329 1576 3425 Iesu,
1594 3340 1681 3399 tunc
1701 3327 1831 3399 floren·

497 3460 653 3544 tissima,
693 3459 803 3533 bonis
836 3460 976 3533 artibus
1014 3459 1252 3534 imbueretur.
1282 3460 1403 3552 Quam
1442 3485 1548 3556 spem
1586 3485 1679 3556 puer
1714 3459 1762 3532 de
1790 3484 1829 3531 se

496 3593 647 3678 fecerat,
677 3592 774 3665 hanc
803 3592 1023 3665 adolescens
1056 3591 1093 3664 in
1121 3591 1392 3687 grammaticae
1421 3608 1458 3666 et
1486 3592 1746 3664 humaniorum
1774 3591 1830 3664 lit·

495 3741 656 3799 terarum
686 3724 825 3799 scholis
853 3725 1097 3799 confirmavit.
1128 3725 1221 3800 Cum
1250 3751 1339 3799 vero
1368 3751 1441 3799 non
1473 3726 1595 3798 minus
1624 3723 1830 3820 inpietatis

495 3885 607 3954 quam
636 3858 673 3931 in
704 3856 907 3931 litterarum
937 3858 1062 3932 studio
1090 3858 1323 3955 profecisset,
1344 3885 1482 3932 annum
1503 3884 1621 3955 agens
1640 3859 1827 3931 decimum

495 4005 679 4092 quartum,
696 3991 733 4064 in
749 3990 976 4065 Societatem
992 3992 1138 4065 admitti
1154 3992 1310 4067 summis
1325 3992 1422 4066 votis
1433 3991 1660 4088 expetivitet
1674 3991 1827 4064 domum

495 4125 727 4222 probationis
747 4125 938 4221 ingressus
961 4140 1018 4199 est
1045 4126 1107 4199 die
1135 4127 1299 4200 secunda
1328 4125 1502 4199 februarii
1532 4124 1620 4199 anni
1647 4147 1743 4218 1593
1763 4122 1826 4223 (a).

573 4365 618 4443 (Ι)
641 4365 754 4424 Fontes
775 4365 864 4423 huius
885 4365 1099 4424 commentarii
1127 4374 1198 4423 sunt
1223 4365 1356 4441 plurima
1379 4366 1567 4424 documenta
1594 4364 1719 4433 inedita,
1748 4381 1831 4438 quae

494 4473 686 4522 asservantur
706 4464 738 4520 in
759 4462 932 4521 Tabuiariis
954 4462 1106 4521 Vaticano
1127 4462 1217 4542 (AV),
1240 4462 1269 4520 S.
1292 4462 1549 4539 Congregationis
1570 4464 1609 4519 de
1625 4461 1833 4536 Propaganda

493 4562 568 4620 Fide
591 4561 703 4637 (APF),
725 4560 754 4619 S.
777 4560 1034 4636 Congregationis
1056 4560 1188 4619 Conciiii
1210 4559 1325 4639 (ACC),
1348 4560 1582 4636 Ulyssiponensi
1603 4560 1640 4617 da
1667 4558 1763 4617 Torre
1785 4559 1831 4617 do

492 4659 612 4718 Tombo
634 4657 767 4735 (ATTL)
788 4667 819 4716 et
840 4660 872 4715 in
888 4658 1057 4717 Biblioteca
1076 4658 1299 4729 Vallicelliana‚
1315 4677 1394 4734 quae
1409 4660 1458 4716 hic
1473 4658 1651 4734 singiliatim
1667 4674 1832 4715 recensere

494 4758 619 4833 longum
640 4766 719 4815 esset
731 4773 738 4827 ;
764 4774 857 4832 quare
878 4776 916 4814 ea
936 4758 1032 4815 lector
1052 4756 1084 4813 in
1107 4758 1188 4816 notis
1216 4758 1310 4815 citata
1333 4776 1388 4815 suo
1413 4758 1483 4815 loco
1507 4756 1647 4832 reperiet,
1668 4773 1731 4812 una
1756 4772 1833 4812 cum

492 4857 611 4930 aliquot
631 4856 717 4913 libris
738 4856 817 4932 typis
838 4856 939 4925 editis,
961 4875 980 4914 a
1001 4856 1110 4930 quibus
1131 4856 1247 4930 aliquid
1270 4855 1366 4913 hausi.

572 4952 616 5032 (2)
638 4953 710 5024 nsi,
735 4953 831 5013 Catal.
848 4965 932 5029 prov.
954 4954 1046 5011 Lusit.
1059 4954 1132 5011 anni
1145 4975 1222 5027 1593,
1238 4971 1268 5029 p.
1284 4951 1334 5010 28:
1354 4978 1368 5006 ‹
1383 4951 1523 5027 Collegio
1538 4952 1577 5009 de
1591 4950 1746 5009 Coimbra.
1762 4949 1835 5009 No-

492 5053 582 5110 vitios
603 5053 800 5122 estudiantes,
822 5069 852 5110 n.
874 5067 942 5125 429,
973 5054 1090 5110 Alonso
1118 5051 1248 5109 Mendes
1275 5052 1314 5108 de
1342 5050 1456 5109 Sancto
1484 5049 1601 5118 Alaina,
1624 5047 1836 5122 arzobispado

491 5152 530 5209 de
545 5151 660 5220 Evora;
682 5151 722 5208 de
746 5166 781 5222 14
802 5152 893 5213 arios:
916 5150 1074 5208 medianas
1096 5150 1221 5207 fuerzas
1245 5148 1340 5207 Entro
1362 5168 1381 5207 a
1396 5164 1412 5204 2
1428 5149 1467 5206 de
1482 5148 1610 5206 febrero.
1628 5146 1719 5203 Dela
1734 5144 1837 5205 Com-

491 5251 583 5325 pariia
607 5265 621 5305 2
645 5268 743 5307 meses
758 5273 785 5308 ».
