4066 6184
630 574 744 625 Lissa
768 576 807 634 11,
839 572 963 624 casus
987 572 1070 626 xm.
1453 577 1514 638 253

177 743 282 807 reges
299 742 341 786 ac
357 736 511 787 coeteros
523 723 640 785 hostes
652 720 800 785 feliciter
811 722 1022 806 subiugasse.
1035 721 1089 785 De
1101 720 1213 785 Rasin
1225 741 1307 806 rege
1319 719 1428 785 Siriae
1440 741 1515 804 per·

179 838 271 922 lege,
284 839 413 902 Daniel
423 838 506 921 [sic]‚
519 856 695 901 numerum
711 837 866 919 quintum
879 836 1029 901 eiusdem
1047 839 1168 920 capitis
1183 842 1221 901 28
1247 837 1413 921 Paralip.:
1433 838 1465 901 T
1461 858 1516 901 ra·

177 943 334 1031 dr'ditaue
349 967 434 1021 eum,
451 947 486 1008 id
501 955 554 1008 est
567 945 697 1017 Achaz,
712 944 882 1008 Dominus
894 945 989 1009 Deus
1006 945 1080 1009 erus
1098 945 1136 1009 in
1150 965 1254 1009 manu
1271 945 1376 1031 Regis
1391 945 1519 1030 Syriae

179 1061 246 1146 qui
259 1061 434 1147 percussit
447 1082 533 1136 eum,
549 1081 772 1147 magnamque
783 1062 948 1146 praedem
959 1062 1044 1126 tulit
1054 1083 1097 1126 ex
1113 1062 1188 1126 eius
1201 1062 1352 1148 emperia,
1365 1073 1400 1126 et
1412 1064 1517 1126 addu-

178 1178 238 1241 xit
250 1180 285 1242 in
298 1178 508 1242 Damascum
520 1177 574 1260 (1).
592 1178 646 1240 De
658 1177 792 1241 Phacee
805 1197 886 1262 rege
899 1175 1092 1242 Sa*mariae
1108 1197 1284 1242 numerum
1300 1191 1517 1261 sequentem:

181 1293 376 1380 Occeilitque
390 1293 519 1358 Phacee
532 1294 639 1378 filaus
661 1293 838 1359 Rameliae
859 1292 898 1358 ia
920 1291 1009 1358 Iuda
1035 1299 1166 1359 centum
1188 1294 1318 1381 argenti
1342 1294 1455 1358 naillac
1480 1295 1518 1358 in

179 1410 241 1474 die
263 1430 342 1482 una,
359 1430 471 1474 munes
481 1409 574 1474 ur‘ras
583 1410 766 1487 ballatam,
783 1431 819 1474 aa
835 1411 924 1496 qreaa'
932 1410 1122 1495 reliquisset
1135 1411 1322 1475 Daminum
1336 1411 1447 1475 Deum
1454 1418 1517 1497 pa·

182 1531 279 1591 trum
298 1546 447 1590 marum·
472 1526 597 1590 Eadem
621 1531 767 1612 tempere
781 1524 902 1590 occilit
924 1526 1049 1591 Zechri
1067 1527 1122 1591 m'r
1138 1531 1260 1613 patens
1282 1548 1325 1591 ex
1340 1527 1519 1612 Ephraim,

183 1642 488 1727 Maasramfilium
500 1642 607 1729 Regis
617 1642 687 1726 (ubi
702 1653 781 1707 tuus
795 1646 957 1708 evaderet
973 1643 1175 1707 Emmanuel
1192 1647 1221 1708 si
1242 1655 1321 1707 tunc
1337 1644 1468 1709 viveret
1476 1643 1518 1728 ll:

182 1764 219 1823 et
231 1759 389 1824 Esricam
404 1760 519 1824 ducem
534 1761 652 1824 manus
666 1759 746 1823 erus.
761 1758 1077 1845 Ceperuntquefilii
1088 1759 1201 1824 lsrael
1212 1758 1251 1825 le
1258 1759 1436 1848 fratm‘bus
1446 1760 1521 1823 suis

182 1876 328 1939 ducenta
354 1876 466 1940 millm
488 1877 681 1952 mulierum,
701 1882 885 1961 puerorum
909 1880 943 1941 et
958 1876 1155 1962 puellarum
1177 1875 1400 1961 etenfinitam
1418 1881 1520 1960 prae·

182 1993 265 2056 dam
271 1993 554 2078 pertuleruntque
568 2014 641 2058 eam
657 1994 695 2057 iu
709 1993 910 2058 Samariam
922 1992 974 2076 (2).
996 1992 1051 2056 En
1065 2013 1151 2075 quas
1167 1995 1339 2066 victorias,
1356 2011 1519 2076 perquam

182 2109 372 2191 palmarias
395 2119 428 2173 et
447 2110 672 2192 triumphales
686 2109 816 2184 Achae,
832 2110 1020 2173 Rabbinici
1036 2109 1271 2173 Emmanuelis
1287 2109 1460 2191 auspiciis,
1477 2110 1521 2172 de

183 2226 320 2288 duobus
335 2225 406 2289 illis
421 2224 583 2310 Regibus
598 2229 830 2309 reportaverit.
847 2226 980 2308 Accipe
1004 2246 1092 2289 nunc
1107 2226 1150 2289 de
1166 2226 1254 2289 aliis.
1272 2225 1424 2289 Attende
1439 2225 1521 2306 quid

183 2342 321 2405 dicatur
344 2342 386 2403 de
409 2341 583 2406 Idumaeis
605 2362 745 2406 numero
769 2342 903 2406 decimo
926 2343 1082 2425 septimo.
1115 2342 1290 2407 Venerunt
1309 2339 1470 2406 Idumaei
1488 2347 1523 2405 et

177 2462 425 2542 percusserunt
445 2457 569 2526 multas
598 2479 642 2522 ex
670 2456 762 2523 Iuda
784 2464 819 2522 et
838 2464 1017 2544 caeperunt
1026 2455 1188 2543 praedam
1212 2457 1434 2545 maguaml3).
1467 2458 1522 2522 De

184 2572 410 2637 Philisthaeis
426 2593 567 2636 numero
582 2575 753 2657 sequenti:
770 2574 962 2639 Plu'lestiem
978 2595 1104 2662 qraaqm
1117 2575 1245 2663 diffusi
1255 2579 1339 2640 siant
1347 2581 1412 2660 per
1425 2574 1523 2638 urbes

183 2693 396 2774 campestres,
420 2695 455 2754 et
475 2691 523 2754 mi
541 2688 713 2754 mere'eliem
736 2690 826 2754 Iuda
856 2695 891 2755 et
910 2695 1070 2777 ceperunt
1089 2689 1210 2776 cesla).
1244 2692 1296 2754 De
1319 2690 1422 2775 Rege
1452 2690 1522 2754 As·

184 2807 359 2888 syriorum
389 2824 567 2870 numerum
591 2809 813 2890 vigesimum:
846 2806 1074 2893 Adiuuatque,
1101 2813 1218 2872 centra
1248 2828 1322 2872 eum
1353 2806 1524 2871 Dmninus

190 2921 225 2985 T
221 2920 359 3008 laelgath
380 2921 579 2986 Phalnasar
600 2923 726 3010 Regem
742 2923 973 3009 Assyriamm,
994 2925 1109 3009 quiet
1130 2924 1262 3010 efflauit
1282 2945 1357 2987 eum
1373 2928 1407 2987 et
1426 2923 1523 2987 nulla

187 3036 366 3101 resistente
387 3037 598 3123 uastauitl5).
623 3037 732 3103 Infra:
756 3039 865 3103 Dedit
885 3059 962 3126 erga
984 3040 1077 3125 Regi
1091 3039 1311 3126 Assyriorum
1335 3059 1477 3103 munera
1491 3043 1526 3102 et

186 3158 303 3218 tamen
325 3153 419 3218 naun
432 3153 639 3241 profuitlol.
663 3155 718 3221 En
734 3157 881 3239 Regem,
897 3177 998 3239 quem
1014 3176 1149 3220 suorum
1166 3157 1316 3220 hostium
1335 3156 1523 3238 triumpha·

186 3278 297 3332 torem
329 3271 536 3344 somniabas,
560 3292 581 3334 a
603 3271 713 3354 Syris,
745 3272 900 3346 AssiriiS,
931 3271 1120 3342 Samaritis.
1151 3272 1348 3337 Philistaeis
1379 3282 1413 3335 et
1444 3271 1522 3335 Idu·

187 3387 308 3459 maeis‚
331 3396 368 3450 ut
391 3388 498 3469 pilam
523 3389 684 3452 iactatum
709 3397 742 3452 et
766 3390 903 3453 ductum
927 3390 961 3452 in
984 3391 1204 3472 triumphum.

283 3522 332 3581 14.
357 3501 509 3567 Ultimis
532 3513 664 3567 tuorum
689 3506 856 3569 dictorum
880 3506 1021 3588 laqueus
1044 3526 1125 3589 prae
1147 3509 1280 3570 cunctis
1302 3517 1361 3569 tuo
1394 3507 1550 3589 gutturi.
1587 3515 1650 3564 Duo
1669 3513 1713 3563 ull
1726 3516 1817 3576 Reges
1835 3517 1870 3565 ab

187 3627 242 3682 est
265 3617 414 3682 feralior.
440 3619 537 3683 Duos
560 3620 640 3683 illos
663 3620 783 3704 Reges
806 3623 851 3686 ab
874 3621 993 3685 Achaz
1023 3643 1141 3685 caesos
1164 3622 1302 3696 dixisti3
1326 3623 1386 3685 sed
1405 3631 1525 3685 neuter
1551 3585 1709 3708 ζξὶἓζεί
1722 3596 1797 3650 ‘mm'
1810 3601 1869 3637 ¹¹⁰⁰

188 3738 234 3799 ab
257 3756 299 3798 eo
324 3735 557 3818 interemptus.
581 3736 671 3800 Nam
694 3737 803 3801 Rasin
828 3757 891 3801 rex
914 3737 1036 3821 Syriae
1059 3759 1080 3802 a
1103 3758 1184 3821 rege
1215 3737 1439 3821 Assyriorum
1469 3757 1524 3800 ca·

188 3863 269 3935 ptus
293 3862 346 3914 est
368 3862 403 3915 et
425 3855 535 3916 securi
553 3873 743 3936 percussus,
761 3855 809 3917 ita
824 3856 915 3917 enim
932 3874 1093 3937 expresse
1109 3856 1168 3918 lib.
1187 3877 1206 3933 4
1222 3854 1376 3937 Regum:
1400 3853 1524 3916 Ascen-

190 3968 245 4032 dit
264 3988 329 4033 rex
351 3967 572 4052 Assyriorum
595 3969 633 4033 in
656 3971 865 4035 Damascum
888 3976 923 4035 et
942 3971 1089 4035 uastauit
1109 3992 1181 4035 eam
1203 3975 1238 4034 et
1263 3970 1446 4033 transtulit
1466 3969 1524 4033 m

189 4085 348 4149 litatores
381 4084 456 4148 ee'us
490 4084 676 4170 Cyrenem:
706 4086 820 4150 Rasin
850 4092 961 4151 autem
992 4086 1168 4175 interfecit
1188 4086 1241 4169 (7).
1269 4086 1404 4149 Phacee
1434 4084 1525 4148 filius

192 4202 376 4265 Romaliae
400 4221 520 4265 caesus
543 4215 594 4265 est
617 4204 662 4265 ab
685 4201 775 4266 Osee
798 4201 870 4266 filio
893 4203 968 4266 Ele.
985 4202 1043 4267 Sic
1059 4204 1149 4267 enim
1166 4205 1284 4267 eodem
1309 4202 1414 4266 libro:
1440 4201 1524 4265 Can-

191 4317 324 4381 iurauit
344 4321 457 4381 autem
479 4322 514 4381 et
534 4317 677 4382 tetendit
691 4317 837 4383 insidias
864 4318 946 4383 Osee
960 4320 1068 4403 filius
1090 4320 1158 4383 Ela
1187 4324 1305 4383 cantra
1326 4318 1456 4382 Phacee
1473 4319 1524 4402 fi·

191 4432 277 4496 laum
302 4433 476 4497 Rameliae
498 4439 532 4498 et
551 4436 718 4519 percussit
738 4455 813 4499 eum
836 4441 871 4499 et
891 4435 1067 4522 interfecit
1079 4436 1133 4519 (8).
1157 4434 1248 4517 Quid
1275 4437 1318 4498 ad
1344 4435 1440 4506 haec,
1464 4432 1525 4496 Sa·

192 4550 331 4613 lomoni
353 4550 478 4613 Totam
501 4550 564 4613 tibi
592 4552 741 4614 animam
771 4554 860 4615 intra
890 4551 1007 4615 fauces
1037 4553 1087 4615 tui
1118 4552 1230 4635 laquei
1259 4551 1525 4633 praecluserunt.

192 4665 349 4730 Evenere
384 4676 498 4730 autem
529 4668 673 4731 duorum
696 4670 838 4732 istorum
862 4669 1001 4752 Regum
1025 4670 1149 4732 caedes
1171 4688 1261 4732 anno
1287 4669 1388 4730 tertio
1410 4667 1466 4729 vel
1491 4668 1525 4728 in

194 4782 364 4865 principio
387 4782 499 4865 quarti
522 4785 619 4864 regni
642 4783 771 4847 Achaz.
797 4782 886 4866 Quia
908 4806 953 4847 ex
973 4784 1062 4847 libro
1078 4794 1198 4866 quarto
1215 4784 1364 4867 Regum,
1382 4803 1454 4864 cap.
1476 4799 1525 4859 15,

193 4918 225 4959 n.
252 4917 304 4977 27,
327 4899 464 4962 Phacee
487 4918 630 4980 regnare
653 4900 769 4982 coepit
791 4903 826 4963 in
849 4900 1004 4965 Samaria
1029 4921 1117 4963 anno
1142 4919 1181 4977 52
1203 4897 1307 4963 Oziae
1324 4900 1415 4982 regis
1430 4897 1526 4970 Inda,

282 5060 323 5128 (1)
343 5074 357 5109 2
377 5063 509 5125 Paralip„
530 5061 571 5120 28,
590 5078 615 5113 n.
637 5071 660 5124 5.
721 5066 757 5124 (2)
771 5063 883 5121 Ibld.,n.
904 5059 928 5114 6,
948 5089 981 5099 —
1001 5058 1042 5127 (5)
1062 5061 1138 5118 Ibid.,
1152 5077 1176 5112 n.
1193 5070 1233 5120 17.
1250 5088 1283 5097 —
1295 5059 1334 5124 (4)
1352 5058 1429 5115 Ibid,
1443 5075 1467 5109 n.
1486 5071 1524 5117 19.

186 5148 228 5190 '-
242 5150 283 5219 (5)
296 5152 375 5211 Ibit,
395 5167 419 5203 n.
437 5163 478 5204 20.
498 5179 531 5189 -
551 5151 590 5219 (6)
609 5152 687 5211 Ibtd,
706 5169 731 5202 n.
752 5164 794 5205 21.
813 5180 846 5190 -
866 5151 907 5218 (7)
926 5166 942 5214 4
961 5154 1037 5217 Reg„
1059 5150 1099 5210 16,
1119 5167 1144 5202 n.
1164 5163 1188 5213 9.
1208 5148 1375 5213 -(8)Ibld.,
1394 5160 1431 5212 15,
1445 5163 1470 5198 n.
1485 5159 1526 5208 30.
