4124 6182
536 568 577 641 78
871 576 1146 627 EXPEDITIONIS
1169 576 1430 627 AETHIOPICAE
1453 576 1533 626 ETC.

533 727 698 809 germani.
723 722 796 788 Sub
818 726 939 788 horum
963 727 1108 807 imperio
1130 735 1209 806 post
1232 744 1357 788 anuum
1373 725 1649 788 tercentesimum
1667 725 1868 806 vigesimum

533 844 716 924 septimum
747 843 921 924 ingressus
947 849 999 904 est
1029 842 1065 904 in
1096 840 1321 923 Aethiopiam
1351 841 1453 903 divus
1483 840 1708 911 Frumentius,
1740 840 1868 921 primus

2040 988 2041 1013 l

533 959 625 1021 illius
652 957 842 1040 episcopus,
870 978 891 1020 a
921 957 1002 1019 divo
1034 956 1227 1020 Athanasio
1258 956 1495 1020 Alexandriae
1526 955 1721 1038 patriarcha
1752 974 1867 1017 conse·

532 1084 654 1135 cratus.
687 1086 990 1135 XXXIX-XL-XLI
1021 1069 1122 1143 Azfd,
1147 1069 1262 1134 Azfed
1285 1081 1321 1134 et
1347 1070 1450 1134 Amei
1476 1068 1609 1143 fratres,
1632 1072 1701 1154 qui,
1726 1081 1763 1133 ut
1790 1089 1868 1132 con-

532 1190 731 1253 cordissime
765 1198 962 1270 regnarent,
998 1189 1088 1251 diem
1119 1190 1152 1250 in
1189 1197 1259 1251 tres
1288 1198 1402 1270 partes
1425 1189 1585 1250 divisere.
1617 1201 1701 1250 XLII
1732 1186 1866 1255 Arado.

533 1319 631 1368 XLIII
656 1302 827 1368 Aladobai.

222 1429 425 1479 monachorum
466 1444 505 1478 ex
623 1442 651 1500 3.
677 1435 772 1483 XLIV
795 1421 983 1483 Amiamid.
1008 1420 1161 1483 Vivebat
1184 1441 1274 1484 anno
1290 1421 1598 1504 quatercentesimo
1613 1420 1867 1503 septuagesimo

184 1503 314 1621 xffiff
332 1501 506 1550 etRumad·
532 1558 609 1600 cum
636 1538 714 1619 plus
737 1539 893 1600 minusve
917 1538 952 1599 in
974 1538 1200 1619 Aethiopiam
1224 1556 1348 1599 novem
1373 1537 1529 1600 monaehi
1554 1556 1600 1599 ex
1623 1535 1718 1598 Rum
1743 1551 1778 1597 et
1796 1534 1867 1597 Ae·

531 1662 641 1735 gypto
677 1653 822 1722 advecti,
856 1653 1054 1735 religiosam
1089 1653 1309 1735 disciplinam
1343 1655 1577 1735 importarunt.
1613 1666 1692 1716 XLV
1719 1649 1865 1723 Tacenai,

532 1782 627 1830 XLVI
651 1766 769 1837 Caleb
794 1789 814 1831 a
837 1770 962 1831 nostris
984 1770 1096 1831 dietus
1119 1777 1257 1832 sanetus
1272 1768 1456 1832 Elesbaan.
1479 1767 1629 1832 Vivebat
1653 1788 1743 1832 anno
1770 1769 1867 1849 quln-

531 1886 722 1966 gentesimo
737 1883 906 1967 vigesimo
922 1883 1043 1966 primo,
1061 1886 1119 1966 qui
1134 1886 1273 1967 quintus
1289 1883 1354 1947 fuit
1370 1884 1491 1949 lustini
1508 1886 1660 1948 senioris.
1678 1898 1790 1946 XLVII
1802 1881 1867 1947 Ga·

531 1999 593 2064 brai
608 1999 750 2071 Mascail,
768 2014 894 2063 XLVIII
907 1999 1158 2073 Constantinos,
1173 2014 1271 2064 XLIX
1283 1999 1427 2083 Basgar,
1440 2015 1463 2062 L
1479 1998 1582 2073 Azfe,
1597 2014 1633 2062 LI
1645 1999 1707 2062 lan
1719 1997 1867 2081 Azgued

532 2132 584 2178 LII
607 2116 784 2187 Frecanai,
809 2130 878 2179 LIII
901 2117 1072 2188 Adoraaz,
1097 2131 1161 2179 LIV
1184 2114 1320 2187 Oaicar.
1353 2130 1402 2178 LV
1433 2115 1560 2187 Madai,
1593 2130 1657 2178 LVI
1680 2112 1866 2184 Calanden,

532 2245 609 2294 LVII
632 2230 760 2295 Grema
782 2228 921 2303 Arserit,
945 2244 1040 2294 LVIII
1055 2229 1197 2315 Gargar,
1214 2245 1283 2294 LIX
1301 2231 1427 2315 Degna
1449 2231 1611 2305 Michael,
1627 2245 1680 2293 LX
1698 2231 1867 2313 Badegaz,

532 2361 599 2409 LXI
622 2344 742 2418 Armi,
768 2361 850 2409 LXII
875 2346 1101 2419 HesbinanhI,
1130 2361 1228 2409 LXIII
1256 2346 1460 2431 Degnaxam
1479 2361 1574 2409 LXIV
1589 2348 1751 2425 Ambaea
1766 2344 1866 2409 Ornd.

219 2474 348 2534 Regnum
358 2473 504 2523 abnuere
621 2485 650 2541 4.
676 2477 756 2525 LXV
775 2463 843 2525 Del
859 2462 969 2525 Noad.
986 2461 1137 2527 Vivebat
1160 2483 1250 2527 anno
1265 2466 1528 2548 nongentesimo
1543 2465 1775 2545 sexagesimo,
1791 2482 1867 2525 cum

184 2545 220 2593 ’ά
237 2546 368 2606 ²⁸⁸²²⁸⁰⁸
392 2544 502 2594 Μὴ·
531 2598 674 2661 regnum
698 2580 742 2641 ab
765 2578 904 2641 Israelis
927 2580 1030 2641 domo
1050 2581 1250 2642 translatum
1268 2578 1332 2642 fuit
1355 2582 1390 2642 in
1406 2580 1545 2643 domum
1562 2577 1686 2663 Zague,
1710 2590 1747 2641 et
1769 2581 1805 2640 in
1827 2598 1866 2640 ea

530 2703 728 2766 tercentum,
753 2704 787 2758 et
809 2696 1036 2777 quadraginta
1058 2714 1166 2758 annos
1188 2698 1385 2777 permansit,
1413 2715 1536 2777 nempe
1566 2696 1610 2757 ad
1640 2714 1768 2758 annum
1793 2695 1867 2756 rnil-

531 2811 688 2873 lesimum
711 2811 998 2883 tercentesimurn‚
1022 2830 1090 2891 quo
1113 2821 1256 2874 vocatus
1282 2821 1335 2875 est
1359 2813 1392 2874 in
1417 2830 1560 2895 regnum
1580 2810 1714 2892 Iqhunu
1730 2810 1865 2873 Amlac.

531 2925 692 2990 Omnium
716 2945 805 3008 pene
829 2926 1040 3009 Zagueorum
1056 2926 1196 3010 Regum
1214 2929 1352 2990 nomina
1368 2928 1499 2990 oblivio
1514 2928 1707 2999 tumulavit,
1725 2936 1867 3009 quatuor

530 3052 661 3107 tantum
692 3052 821 3115 extant,
861 3063 948 3125 quae
979 3053 1079 3106 extra
1112 3043 1379 3106 israeliticorum
1414 3045 1568 3107 ordinem
1603 3045 1865 3106 recensebimus.

534 3159 567 3220 1⁰
589 3158 704 3222 Imrah
731 3160 888 3242 regnavit
910 3158 1009 3221 annis
1031 3179 1089 3237 403
1116 3159 1150 3222 2⁰
1169 3159 1326 3223 Lalibela
1349 3180 1401 3222 an.
1423 3179 1483 3237 403
1513 3159 1548 3238 3⁰
1566 3158 1702 3222 Nacuto
1726 3180 1779 3222 an.
1805 3180 1865 3239 40;

531 3275 568 3353 4⁰
592 3274 724 3337 Harbai
748 3295 800 3337 an.
827 3278 855 3337 8.
880 3273 938 3336 EX
961 3273 1161 3337 Israeliticis
1183 3294 1267 3357 ergo
1290 3296 1396 3358 prope
1419 3295 1544 3339 aunum
1565 3277 1787 3338 millesimum
1802 3286 1866 3339 ter·

530 3393 761 3454 centesimum.
786 3404 882 3453 LXVI
912 3389 1046 3472 Iqhunu
1076 3391 1214 3462 Amlac.
1247 3412 1299 3454 an.
1328 3409 1376 3469 15.
1405 3405 1515 3454 LXVII
1542 3392 1734 3476 Agbaseon
1758 3413 1812 3455 an.
1837 3414 1863 3471 9.

531 3520 657 3569 LXVIII
680 3505 796 3569 Bahar
818 3502 974 3588 Azgued,
999 3520 1098 3567 LXIX
1121 3504 1221 3569 Hezb
1239 3507 1347 3579 Arad,
1366 3521 1449 3570 LXX
1463 3506 1594 3570 Cadma
1609 3506 1767 3591 Azgued.
1784 3507 1866 3570 Tres

531 3624 722 3705 superiores
752 3623 901 3703 quinque
935 3624 1034 3685 annis
1068 3624 1286 3704 imperarunt.
1319 3637 1417 3686 LXXI
1440 3623 1555 3687 Udem
1590 3624 1688 3687 Arad
1723 3645 1778 3687 an.
1818 3644 1864 3701 15,

531 3753 646 3801 LXXII
668 3738 765 3801 Amd
788 3736 878 3801 Seon
902 3759 954 3802 an.
981 3759 1033 3818 30,
1058 3752 1186 3803 LXXIII
1211 3738 1288 3802 Zeis
1307 3740 1414 3804 Arad.
1444 3762 1497 3804 an.
1525 3745 1576 3812 28,
1601 3754 1729 3803 LXXIV
1754 3740 1865 3804 Udem

530 3853 658 3917 Azfere
682 3874 736 3917 au.
765 3875 813 3927 10,
839 3867 950 3916 LXXV
976 3854 1091 3917 David
1121 3854 1193 3918 *an
1221 3877 1271 3935 33.
1304 3870 1431 3920 LXXVI
1454 3855 1654 3919 Theodoros
1677 3876 1813 3920 menses
1836 3878 1864 3936 9,
1900 3870 1916 3921 I.
1934 3880 1971 3928 40·

532 3984 670 4033 LXXVII
694 3970 802 4043 isaac,
826 3983 980 4032 LXXVIII
1003 3970 1164 4034 Andreas
1184 3971 1291 4054 ipsius
1305 3970 1414 4034 filius:
1438 3974 1541 4036 ambo
1562 3993 1616 4036 an.
1634 3992 1653 4051 9
1669 3983 1864 4056 regnarunt.

218 4097 289 4144 zara
301 4093 504 4178 Incubui-vebat
621 4105 649 4165 5.
672 4100 799 4148 LXXIX
816 4084 997 4148 Hezbinah
1008 4107 1062 4149 an.
1076 4108 1105 4165 4,
1120 4101 1233 4149 LXXX
1245 4087 1341 4150 Amd
1353 4088 1459 4162 Iesus,
1472 4102 1604 4151 LXXXI
1616 4087 1726 4151 Bauer
1739 4088 1865 4150 Inanh:

182 4166 504 4288 {fftffiffmcssnffi'
530 4203 632 4265 ambo
655 4221 707 4263 an.
737 4221 748 4262 1
777 4209 812 4263 et
834 4201 1024 4272 dimidium,
1052 4215 1197 4264 LXXXII
1224 4202 1309 4266 Zara
1335 4204 1441 4266 Iacob
1468 4223 1521 4266 an.
1543 4223 1595 4283 34.
1612 4202 1764 4266 Vivebat
1783 4213 1865 4266 tem·

529 4337 612 4398 pore
635 4316 773 4379 concilii
796 4315 988 4378 Florentini
1011 4324 1048 4378 ut
1071 4326 1206 4380 constat
1226 4337 1271 4379 ex
1287 4319 1435 4398 epistola
1450 4316 1598 4401 Eugenii
1614 4316 1666 4380 IV
1682 4320 1726 4381 ad
1742 4320 1865 4400 ipsum,

529 4435 609 4497 data
632 4453 685 4495 an.
715 4452 808 4511 1447,
832 4433 928 4495 cuius
953 4433 1107 4494 meminit
1137 4452 1196 4495 rex
1222 4430 1326 4515 Onag
1347 4431 1537 4517 Seguedus,
1561 4436 1637 4497 sive
1663 4434 1793 4507 David,
1823 4436 1865 4496 ad

528 4568 697 4611 summum
721 4545 917 4630 pontificem
941 4546 1154 4611 Clementem
1176 4548 1255 4620 VII,
1281 4563 1441 4612 LXXXIII
1464 4550 1560 4613 Beda
1584 4549 1733 4613 Mariam
1754 4572 1807 4613 an.
1829 4571 1865 4612 10

529 4671 562 4723 et
586 4682 691 4725 mens.
718 4684 747 4735 2,
772 4675 928 4723 LXXXIV
951 4661 1127 4726 Escander
1150 4683 1203 4725 an.
1232 4681 1270 4741 15
1296 4674 1330 4727 et
1354 4684 1459 4726 mene.
1483 4667 1514 4726 6.
1546 4661 1620 4727 Sub
1651 4665 1718 4727 hoc
1747 4665 1865 4727 Petrus

204 4787 338 4870 'Petrus
355 4787 502 4837 0111111111-
528 4775 740 4841 Covillanius
763 4778 797 4840 in
820 4776 1045 4859 Aethiopiam
1068 4788 1121 4841 est
1144 4779 1261 4842 illatus
1284 4800 1337 4843 an.
1366 4798 1460 4859 1491,
1484 4794 1626 4844 LXXXV
1649 4781 1747 4844 Amd
1774 4778 1863 4844 Seon

180 4853 502 4993 ffgfflffiffiffi
529 4896 548 4955 6
574 4912 716 4964 menses
741 4907 897 4955 LXXXVI
920 4892 1020 4955 Naod
1043 4914 1096 4956 an.
1126 4914 1174 4972 13,
1200 4915 1305 4960 mens.
1323 4916 1354 4975 9,
1371 4910 1542 4958 LXXXVII
1557 4893 1660 4981 Onag
1675 4894 1863 4981 Seguedus‚

180 5008 223 5048 0³¹
240 4996 395 5061 invem·
528 5009 597 5071 alio
628 5009 765 5071 nomine
795 5008 912 5070 Lebna
942 5007 1104 5091 Denguil,
1129 5011 1198 5072 alio
1233 5010 1348 5073 David
1379 5030 1433 5075 an.
1467 5030 1517 5091 33.
1550 5010 1716 5095 Regnare
1751 5012 1863 5094 coepit

528 5144 581 5187 an.
611 5141 703 5204 1507,
727 5124 813 5186 obiit
836 5144 888 5186 an.
917 5142 1010 5202 1540.
