4066 6184
496 634 499 639 ⁴
594 593 710 643 LIBER
733 594 772 653 11,
796 592 921 644 CAPUT
944 593 1043 644 xxn.
1417 598 1475 659 311

147 739 271 805 vicinis
293 751 328 805 et
351 741 523 806 sociorum
537 738 782 805 Collelensium
798 740 945 824 epistola
960 741 1136 815 admoniti,
1152 740 1187 804 in
1203 742 1279 824 ipso
1296 741 1481 805 conticinio

148 855 231 941 fuga
253 857 321 921 sibi
347 868 383 922 et
398 857 565 922 ecclesiae
588 856 805 941 supellectili,
828 858 918 921 ostio
938 854 1066 921 furtivo
1080 858 1221 941 egressi,
1237 857 1480 922 consuluerunt

147 983 181 1038 et
203 975 360 1057 sequenti
383 973 440 1038 die
463 973 581 1037 Nilum
604 975 800 1047 transvecti,
823 981 968 1055 quatuor
990 972 1168 1037 itineribus
1189 972 1277 1058 (cum
1309 977 1480 1038 communi

147 1109 252 1173 passu
275 1089 514 1154 incedentibus
535 1099 614 1153 sunt
637 1088 727 1175 octo)
751 1091 786 1154 in
809 1089 1028 1153 Patriarchae
1050 1090 1189 1153 domum
1212 1090 1436 1155 devenerunt.

238 1208 268 1269 8.
292 1207 361 1269 Per
382 1224 444 1270 eos
465 1206 541 1270 dies
563 1207 726 1278 desertor,
751 1206 795 1269 ad
818 1204 923 1269 animi
946 1206 998 1269 sui
1021 1206 1249 1270 mobilitatem
1278 1207 1375 1269 varia
1404 1207 1481 1272 loca
1543 1212 1674 1264 Prodlm
1688 1208 1827 1281 seusun

147 1333 373 1397 commutans,
396 1322 501 1387 adse
524 1323 699 1406 ingentem
720 1323 968 1387 haereticorum
999 1322 1243 1386 monachorum
1273 1320 1481 1407 farraginem
1507 1284 1689 1409 ξζὲἐζω
1707 1283 1827 1337 ”md

147 1439 301 1523 collegit,
333 1459 478 1522 quorum
509 1439 616 1521 aliqui
646 1440 788 1503 militari
818 1441 913 1503 cultu
943 1440 977 1501 in
1008 1438 1115 1521 ipsius
1144 1439 1266 1502 castris
1292 1440 1480 1502 merebant.

148 1554 285 1619 Horum
308 1554 472 1620 instinctu
506 1557 666 1620 abbatem
694 1555 877 1629 Zaselasse,
908 1556 1001 1619 vitae
1031 1555 1279 1638 integerrimae,
1306 1565 1341 1618 et
1364 1552 1481 1619 Selalo

148 1670 275 1735 nobilis
298 1670 457 1736 caenobii
490 1672 692 1756 magistrum
715 1673 751 1735 in
773 1671 911 1735 vincula
933 1670 1111 1744 conclusit,
1136 1671 1191 1734 cui
1214 1671 1347 1753 pridem
1373 1668 1482 1734 infen-

146 1807 206 1851 sus
228 1797 314 1861 erat,
337 1788 429 1870 quod
451 1789 593 1852 resciret
615 1789 737 1871 ipsum,
762 1808 841 1851 curn
856 1788 965 1851 audiit
981 1807 1056 1852 eam
1071 1787 1401 1851 administrationem
1416 1788 1482 1851 sibi

147 1905 434 1978 commendatam,
458 1905 599 1979 dixisse,
622 1906 793 1988 perditam
817 1923 893 1968 esse
919 1903 955 1968 in
982 1902 1128 1986 Gojama
1149 1900 1251 1967 fidem
1275 1903 1482 1966 Romanam.

147 2019 279 2084 Eorum
301 2021 460 2085 suasione
484 2022 581 2086 illum
607 2022 652 2085 ad
686 2042 724 2086 se
757 2021 909 2104 pertrahi
935 2031 969 2085 et
999 2021 1224 2085 alexandrino
1253 2021 1319 2085 ritu
1350 2020 1484 2102 operari
1545 1993 1549 2002 ⁹

148 2145 184 2200 et
206 2137 370 2221 synaxim
393 2137 570 2219 impertiri,
602 2158 734 2202 necnon
765 2157 867 2201 unam
899 2155 975 2201 esse
998 2139 1034 2201 in
1056 2136 1195 2201 Christo
1225 2145 1380 2200 naturam
1406 2155 1484 2199 san·

148 2262 252 2325 ctam
275 2253 362 2316 duas
383 2270 467 2316 vero
489 2254 713 2326 execrabiles,
738 2252 839 2318 fateri
862 2256 1045 2337 praecepit.
1070 2250 1133 2317 Cui
1148 2253 1208 2317 ille
1223 2261 1419 2316 constanter
1433 2271 1484 2315 re·

147 2368 301 2451 spondit,
317 2387 356 2432 se
371 2389 393 2432 a
407 2369 570 2432 Romano
593 2369 793 2433 Patriarcha
815 2370 996 2442 initiatum,
1017 2369 1178 2453 liturgiae
1193 2387 1336 2432 romano
1352 2377 1494 2431 tantum·

148 2505 245 2551 more
256 2487 483 2550 celebrandae
496 2484 603 2551 fuisse
618 2485 860 2552 assuefactum.
876 2485 987 2550 Extra
1002 2486 1184 2550 Romanae
1198 2484 1377 2549 Ecclesiae
1391 2504 1484 2547 com·

147 2601 357 2673 munionem,
381 2602 514 2665 nescire
536 2621 574 2664 se
589 2602 693 2665 aliam
709 2621 794 2674 esse,
812 2620 899 2684 quae
915 2620 957 2664 eo
973 2602 1109 2665 nomine
1124 2601 1230 2683 digna
1246 2601 1301 2673 sit,
1317 2610 1352 2664 et
1367 2618 1485 2682 quam·

147 2715 204 2780 vis
226 2717 331 2781 aliam
354 2735 479 2799 paoem
502 2736 578 2781 esse
601 2717 772 2799 pollutum
796 2728 830 2781 et
862 2727 1069 2782 execratum.
1094 2717 1150 2780 De
1172 2735 1239 2779 una
1269 2716 1325 2779 vel
1356 2715 1486 2797 duplici

148 2842 272 2898 natura
294 2830 431 2897 Christo
454 2834 663 2918 assignanda
685 2834 771 2897 nihil
797 2853 873 2897 esse
903 2853 964 2896 cur
994 2853 1083 2896 nunc
1113 2834 1309 2916 agitaretur,
1341 2832 1485 2895 multum

148 2949 242 3017 enim
265 2969 344 3014 esse
365 2926 540 3032 temporis,
565 2968 643 3013 cum
667 2970 708 3013 ea
731 2952 887 3032 quaestio
910 2969 1025 3013 coram
1040 2950 1251 3012 doctioribus
1277 2947 1486 3031 Aethiopiae

149 3065 329 3151 magistris
350 3066 518 3130 ventilata
541 3063 616 3139 fuit,
640 3076 675 3130 et
702 3067 801 3130 libris
829 3067 909 3130 hinc
939 3077 974 3130 et
1005 3065 1085 3130 inde
1114 3063 1350 3148 pervolutatis,
1382 3065 1485 3145 ipsos,

149 3184 291 3247 veritati
312 3200 482 3255 assensos,
505 3182 654 3265 duplicis
675 3194 818 3246 naturae
848 3183 1072 3246 assertionem
1102 3178 1292 3264 professos3
1315 3200 1353 3243 se
1382 3198 1487 3242 unum

149 3297 256 3366 fuisse
279 3299 430 3372 illorum,
454 3297 513 3382 qui
535 3300 690 3362 tenacius
713 3318 776 3382 pro
799 3320 866 3362 una
896 3308 1017 3362 natura
1046 3298 1283 3380 pugnaverint,
1315 3296 1377 3359 sed
1407 3314 1487 3357 con·

148 3417 245 3481 victo
268 3425 306 3479 et
326 3413 486 3479 confesso
509 3413 606 3480 nefas
629 3415 695 3479 sibi
719 3435 795 3479 esse
818 3425 938 3478 contra
959 3413 1135 3478 stimulum
1158 3414 1348 3476 calcitrare.
1375 3409 1488 3492 Saepe

150 3534 279 3616 impius
301 3542 460 3615 apostata
482 3551 544 3596 suo
567 3534 653 3596 nixu
676 3541 711 3595 et
734 3533 879 3595 aliorum
898 3531 1091 3594 interventu
1106 3530 1266 3593 abbatem
1283 3548 1303 3591 e
1319 3528 1489 3591 sententia

150 3650 300 3713 deiicere
322 3650 479 3721 tentavit,
502 3649 563 3712 sed
587 3649 765 3712 immotum
787 3649 1001 3730 perspiciens
1034 3655 1068 3710 et
1096 3666 1134 3709 se
1159 3645 1346 3728 quidquam
1376 3640 1488 3726 perfe-

151 3775 285 3829 cturum
307 3761 522 3848 des*perans,
541 3784 657 3828 coram
680 3784 717 3829 se
732 3765 858 3828 hastile
872 3765 997 3827 adduci
1012 3772 1045 3826 et
1064 3763 1191 3825 vibrari
1207 3761 1313 3825 iussit.
1327 3759 1394 3823 Illo
1410 3779 1489 3822 con·

151 3894 284 3964 specto,
308 3883 482 3946 robustior
505 3879 648 3946 effeetus
670 3880 738 3944 Dei
761 3882 870 3953 miles,
899 3880 1119 3952 exclamavit,
1155 3898 1236 3942 suae
1266 3876 1345 3940 fidei
1376 3886 1411 3940 et
1437 3894 1488 3938 ar·

151 3998 226 4061 dori
250 4017 315 4081 pro
329 3996 467 4062 Christo
482 4000 591 4063 vitam
606 3996 837 4081 profundendi
852 4017 957 4061 unum
973 3997 1098 4060 hastile
1114 4016 1182 4059 non
1198 3992 1367 4066 sufficere;
1390 3992 1490 4074 plura

150 4114 208 4178 vel
243 4115 430 4178 candentes
460 4115 564 4177 etiam
595 4134 752 4178 vomeres
781 4113 1058 4195 comportandos,
1089 4112 1213 4193 quibus
1242 4118 1351 4172 totum
1382 4106 1490 4189 ipsius

151 4250 277 4313 corpus
308 4240 524 4295 cremaretur.
556 4229 618 4293 Ad
648 4231 796 4312 primum
826 4230 963 4293 hastilis
994 4229 1099 4291 ictum
1130 4244 1244 4308 genua
1273 4222 1489 4295 submittens,

150 4345 272 4411 Crucis
294 4357 467 4412 armatura
489 4368 527 4412 se
550 4348 672 4411 muniit
695 4357 730 4410 et
753 4347 956 4410 emicantem
984 4345 1161 4407 evulnere
1184 4341 1385 4425 sanguinem
1408 4357 1490 4401 con·

150 4464 312 4547 spiciens,
336 4465 496 4547 poposcit
518 4473 555 4527 ut
577 4463 644 4526 sibi
660 4463 704 4526 ad
726 4463 894 4525 orandum
917 4460 1089 4525 tantillum
1106 4477 1220 4522 morae
1236 4458 1490 4519 concederetur·

150 4580 280 4645 Erecta
310 4591 391 4645 tunc
423 4599 510 4643 voce
539 4580 648 4643 dixit:
680 4576 817 4642 Gratias
846 4579 909 4641 tibi
940 4595 1090 4640 summas
1121 4592 1200 4657 ago,
1234 4573 1381 4635 Domine
1412 4570 1490 4633 Iesu

149 4697 300 4771 Christe,
323 4698 415 4779 quod
440 4694 608 4760 infinitum
632 4696 810 4777 sanguinis
833 4694 883 4758 tui
905 4692 1053 4777 pretium
1077 4689 1111 4753 in
1136 4689 1204 4752 mei
1223 4686 1490 4769 redemptionem

150 4812 308 4903 effudisti
331 4823 367 4877 et
389 4813 557 4878 hactenus
579 4810 761 4886 indulsisti,
786 4821 823 4875 ut
846 4812 908 4874 illo
932 4811 965 4872 in
990 4808 1115 4871 missae
1141 4805 1307 4871 sacrificio
1333 4821 1492 4887 pascerer

150 4941 188 4996 et
211 4908 436 5004 reficiscerer3
461 4948 551 4993 nunc
575 4948 658 4992 vero
674 4937 744 4992 ate
768 4936 863 4990 tanto
885 4926 1013 4989 honore
1028 4924 1163 5008 dignor,
1181 4932 1218 4985 ut
1230 4941 1358 4985 annuas
1375 4938 1489 4983 meum

150 5067 231 5115 cum
254 5055 317 5115 uso
340 5044 554 5126 commisceri
577 5053 611 5109 et
634 5042 809 5108 confundi.
833 5041 918 5106 Cum
935 5042 1022 5104 ictus
1038 5040 1337 5110 increbrescerent,
1354 5035 1490 5118 saepius

150 5165 260 5231 verua
284 5162 347 5229 ille
369 5172 540 5245 repetens,
563 5160 689 5244 quibus
712 5158 874 5224 catholici
897 5177 991 5221 suam
1016 5156 1059 5219 de
1090 5155 1222 5219 duabus
1251 5152 1381 5217 naturis
1410 5171 1491 5215 con·
