4166 6182
525 622 544 678 4
858 615 1131 666 EXPEDITIONIS
1155 617 1417 667 AETHIOPICAE
1441 618 1521 668 ETC.

526 788 718 835 romanam
758 765 869 836 {idem
899 780 937 837 et
968 766 1177 839 Ecclesiam
1216 766 1387 850 excitata,
1430 791 1534 840 meos
1566 780 1736 850 conatus
1770 767 1858 837 dum

523 897 648 971 adhuc
669 897 822 982 ordirer,
843 898 1012 983 succidit,
1034 901 1219 973 calamum
1248 901 1409 996 graphio
1433 916 1682 983 commutans,
1703 914 1740 972 et
1762 924 1859 971 men·

524 1043 599 1102 tem
628 1056 651 1103 a
679 1031 852 1104 cubiculo
885 1032 921 1104 in
952 1034 1086 1117 forum,
1116 1049 1203 1106 eta
1232 1033 1328 1106 liciis
1355 1035 1403 1106 ad
1434 1034 1553 1105 litium
1583 1032 1860 1128 implicationes

524 1180 758 1238 convertens.
789 1164 894 1255 Quae
926 1166 1026 1239 enim
1062 1167 1180 1263 virg0,
1211 1182 1554 1262 quantumcumque
1591 1166 1798 1262 pudicitiae
1826 1180 1861 1237 et

524 1298 650 1371 arcani
681 1299 825 1383 cultrix,
846 1299 876 1371 si
899 1315 1091 1395 paternam
1113 1303 1265 1372 domum
1297 1300 1457 1373 flammis
1485 1315 1697 1396 correptam
1724 1299 1857 1381 videat,

523 1457 563 1504 se
583 1433 685 1505 foras
705 1458 772 1527 per
794 1434 995 1507 fenestram
1018 1461 1091 1506 non
1112 1452 1264 1529 proruat
1283 1452 1320 1507 et
1338 1435 1452 1508 morti
1472 1434 1635 1508 obiectet
1654 1435 1703 1506 ad
1724 1458 1858 1528 aquam

523 1590 543 1637 e
568 1582 681 1661 puteo
700 1566 943 1638 hauriendam
969 1582 1006 1640 et
1034 1568 1248 1641 incendium
1287 1567 1622 1663 restinguendum?
1644 1583 1685 1641 ut
1713 1565 1860 1639 Valenti

524 1698 752 1794 imperatori,
774 1704 825 1795 (1)
850 1700 922 1773 Dei
943 1701 1151 1774 Ecclesiam
1172 1702 1340 1775 funditus
1359 1702 1488 1775 ariano
1519 1702 1607 1797 igne
1627 1699 1860 1774 consumenti

524 1850 561 1905 et
589 1859 695 1905 suum
725 1859 772 1906 ex
799 1834 914 1907 eremi
935 1837 1030 1908 cella
1050 1836 1260 1931 digressum
1281 1850 1318 1909 et
1336 1837 1579 1909 Antiochiam
1600 1859 1794 1908 accessum
1815 1833 1861 1905 ad

524 1969 627 2040 illum
650 1966 938 2062 opprimendum
960 1969 1158 2055 incusanti,
1189 1969 1382 2065 respondit
1404 1970 1673 2042 monachorum
1696 1969 1753 2041 sui
1775 1982 1862 2040 tem·

525 2102 627 2198 poris
646 2104 910 2175 celeberrimus
924 2120 960 2175 et
975 2102 1188 2176 solitudinis
1216 2104 1519 2176 servantissimus
1537 2104 1740 2198 Aphrates.
1773 2102 1861 2198 Ept-

522 2249 665 2331 scopum
680 2262 781 2319 veru,
798 2253 834 2309 et
853 2237 883 2310 si
899 2263 944 2311 ex
959 2239 1075 2310 Paulo
1087 2238 1139 2333 (2)
1153 2238 1311 2309 dedeceat
1328 2263 1396 2308 esre
1410 2240 1623 2331 litigiosum,
1642 2262 1716 2308 non
1736 2251 1857 2308 tamen

523 2370 794 2464 vitiligatorum
825 2371 1108 2455 insectatorem;
1139 2397 1222 2444 cum
1253 2371 1370 2466 ipsius
1391 2396 1525 2442 munus
1554 2370 1614 2458 sit,
1636 2370 1770 2443 eodem
1801 2394 1861 2464 ap·

525 2506 720 2599 probante,
736 2516 913 2601 polentem
933 2533 1001 2576 esse
1020 2509 1059 2577 in
1078 2505 1363 2587 doctrinarum,
1385 2516 1417 2576 cl
1444 2508 1581 2600 eosqui
1598 2505 1860 2585 contradicunt,

523 2653 598 2710 tam
630 2639 666 2711 in
688 2640 774 2711 fidei
796 2663 907 2734 quam
937 2638 975 2711 in
1002 2664 1150 2712 morum
1170 2656 1207 2712 et
1226 2639 1390 2712 iustitiae
1420 2638 1595 2733 negotiis,
1617 2665 1773 2731 urguere
1792 2638 1861 2731 (3);

522 2798 607 2846 cum
628 2788 666 2845 et
685 2773 854 2846 Christus
882 2772 1070 2845 Dominus
1098 2773 1327 2868 pharisaeos,
1357 2798 1442 2845 cum
1471 2771 1543 2844 sibi
1573 2770 1768 2843 intricatas
1796 2770 1857 2841 ali·

523 2932 617 3002 quas
656 2905 894 3001 quaestiones
931 2906 980 2978 ad
1016 2906 1138 3001 ipsum
1178 2904 1461 3001 impediendum
1500 2905 1734 2987 obiicierent‚
1777 2902 1859 2975 aliis

522 3038 802 3113 obscurioribus
830 3065 876 3111 ex
904 3042 1039 3112 eodem
1066 3066 1206 3134 genere
1234 3038 1438 3112 distineret.

611 3172 717 3264 Quae
736 3175 982 3251 turbamenta.
1004 3174 1040 3245 in
1062 3188 1220 3267 quatuor
1252 3197 1371 3245 annos
1399 3187 1615 3269 prorogata,
1637 3172 1675 3244 in
1704 3170 1860 3266 pacatis-

522 3306 629 3379 simis
649 3321 685 3378 et
704 3306 949 3400 optatissimis
964 3306 1118 3378 Vestrae
1138 3304 1374 3378 Paternitatis
1393 3304 1557 3378 comitiis
1577 3306 1689 3376 finem
1710 3328 1860 3399 aspexe-

523 3454 618 3513 runt.
648 3441 753 3512 Tunc
781 3440 881 3512 enim
919 3439 1200 3512 sere*nissimus
1234 3464 1298 3510 rex
1326 3455 1454 3511 noster
1481 3440 1643 3511 loannes
1672 3439 1733 3522 lV,
1766 3435 1860 3509 tertii
1885 3456 1973 3519 nav.

522 3587 564 3644 ut
591 3574 723 3645 haeres
751 3572 806 3645 sic
844 3573 1062 3655 aemulator,
1100 3597 1196 3666 quae
1225 3570 1287 3643 ille
1323 3571 1480 3667 largitus
1518 3572 1638 3643 fuerat
1672 3567 1861 3643 roboravit

522 3721 561 3778 et
588 3705 760 3778 uberiora
789 3704 937 3777 adiecit.
968 3704 1086 3799 Regis
1115 3704 1228 3800 igitur
1257 3704 1511 3777 munificentia
1539 3717 1576 3776 et
1605 3718 1670 3776 tua
1688 3702 1858 3784 felicitas

524 3854 653 3911 mutuo
692 3864 788 3911 nexu
817 3838 1043 3934 implicatae,
1069 3838 1189 3935 nobis,
1220 3862 1293 3910 non
1324 3837 1502 3910 iustitiam
1531 3837 1602 3929 (est
1630 3836 1732 3908 enim
1762 3834 1861 3907 illius

526 3997 663 4045 nomen
684 3972 922 4069 ominosum),
943 3972 1010 4045 sed
1029 3971 1230 4067 halcyonia
1244 3987 1425 4066 perpetua
1440 3995 1462 4042 a
1477 3971 1560 4043 foro
1576 3970 1799 4042 invexerunt
1813 3984 1859 4052 et,

524 4107 625 4201 stylo
653 4105 835 4178 acerbiori
865 4106 912 4177 de
942 4130 1054 4177 manu
1082 4120 1240 4191 extorto,
1271 4130 1394 4176 meum
1424 4103 1516 4176 mihi
1545 4103 1733 4177 calamum
1765 4102 1862 4198 paci·

525 4241 637 4313 {icum
666 4239 915 4322 restituerunt,
937 4264 1011 4333 quo
1039 4264 1134 4333 opus
1162 4239 1407 4332 interruptum
1437 4236 1650 4309 redorditus
1670 4250 1708 4308 et
1733 4237 1862 4308 redau-

523 4373 704 4467 spicatuS,
733 4374 803 4444 sub
830 4373 903 4444 tuis
931 4371 1122 4466 auspiciis
1152 4372 1255 4456 illud,
1286 4373 1370 4443 Deo
1399 4371 1601 4465 aspirante,
1632 4368 1731 4442 inter
1759 4393 1861 4441 sene·

524 4507 635 4581 ctutis
664 4522 700 4578 et
738 4505 839 4578 exilii
872 4505 1112 4580 incommoda
1144 4506 1192 4576 ad
1225 4507 1335 4576 finem
1366 4503 1532 4599 provexi.
1568 4504 1650 4576 Nec
1688 4517 1769 4576 erat
1798 4527 1863 4574 cur

524 4640 639 4711 alium
670 4637 741 4734 ipsi
771 4653 968 4733 patronum
998 4663 1226 4732 quaererem,
1248 4662 1359 4732 quam
1390 4637 1494 4709 illum
1525 4662 1636 4733 quem
1667 4639 1775 4710 Deus
1798 4636 1861 4707 So·

525 4772 662 4856 cietati,
684 4771 790 4844 cuius
811 4771 892 4866 ipse
922 4771 1098 4844 minimus
1117 4796 1197 4843 sum
1228 4771 1424 4866 condylus,
1445 4785 1641 4866 parentem
1660 4785 1698 4842 et
1727 4793 1862 4865 propu-

522 4920 722 5000 gnatorem
766 4903 964 4998 praevidit,
1003 4903 1189 4999 praedixit
1225 4920 1263 4976 et
1300 4903 1347 4975 ad
1390 4902 1558 4975 omnium
1597 4901 1861 4998 religiosorum

615 5070 659 5151 (1)
680 5071 707 5127 Τ
720 5071 739 5128 h
751 5089 769 5129 e
781 5090 800 5129 o
812 5071 833 5128 d
845 5090 863 5129 ο
875 5090 889 5127 r
900 5089 917 5127 e
928 5079 948 5129 t.
972 5072 1003 5127 in
1018 5071 1131 5128 Ht'stor.
1147 5070 1262 5139 Ecclcs,
1278 5071 1328 5128 lib.
1345 5087 1372 5142 4,
1395 5089 1421 5128 c.
1439 5085 1485 5142 23,
1503 5060 1549 5142 24',
1567 5082 1613 5141 25.
1625 5102 1666 5111 -
1687 5069 1732 5147 (2)
1747 5069 1761 5126 I
1780 5069 1808 5125 T
1805 5070 1861 5137 an,

529 5187 554 5239 r,
575 5189 606 5228 n.
628 5185 657 5241 3.
679 5202 717 5210 -
742 5166 787 5244 (3)
812 5169 880 5235 Tit,
906 5183 929 5238 1,
951 5186 981 5225 n.
1003 5184 1030 5239 o.
