4166 6182
778 552 1043 602 INTRODUCTIO
1503 552 1576 602 XIX

242 700 394 797 quidem
425 702 541 776 Sacra
568 700 824 798 Congregatio
853 700 963 775 dictis
990 701 1151 775 credidit
1178 726 1222 774 ac
1243 701 1435 796 negotium
1457 727 1577 776 novae

243 833 433 908 missionis
461 833 711 908 instituendae
740 834 883 931 agitare
912 834 1067 930 coepit(
1094 840 1118 930 ).

324 988 386 1063 14.
417 966 528 1058 Quod
556 967 620 1041 ubi
649 981 736 1063 post
763 967 917 1063 aliquod
946 984 1094 1063 tempus
1122 968 1170 1040 ad
1200 968 1437 1043 Patriarchae
1469 994 1577 1043 aures

241 1099 422 1196 pervenit,
452 1101 692 1175 vehementer
720 1098 841 1174 doluit
868 1116 905 1173 et
934 1102 970 1173 in
991 1100 1217 1195 gravissima
1235 1102 1405 1196 epistola,
1426 1128 1500 1198 qua
1519 1128 1577 1177 ca·

241 1233 405 1307 lumniae
433 1249 563 1307 contra
591 1234 818 1308 Societatem
847 1235 1114 1319 refutabantur,
1144 1233 1180 1306 in
1220 1235 1311 1307 haec
1348 1237 1461 1309 verba
1494 1261 1576 1332 pro-

241 1367 358 1463 rupit:
395 1367 474 1440 «si
503 1392 591 1441 vero
620 1393 734 1441 causa
762 1366 904 1441 indicta
931 1392 1029 1440 nunc
1059 1361 1247 1470 [Iesuitae]
1276 1369 1499 1442 damnentur
1525 1384 1574 1454 et,

241 1498 331 1595 ipsis
360 1500 550 1585 inauditis,
576 1501 639 1574 alii
660 1499 852 1575 mittantur
873 1499 1151 1596 praedicatores
1171 1501 1233 1597 qui
1258 1500 1405 1575 dicant:
1437 1503 1575 1576 ‘Haec

240 1648 367 1707 nostra
395 1650 501 1708 sunt:
531 1649 678 1708 veteres
707 1634 867 1730 migrate
895 1634 1020 1709 coloni
1042 1636 1064 1721 ',
1095 1660 1135 1709 se
1164 1634 1294 1709 relicto
1318 1636 1576 1732 aparentibus

239 1782 276 1840 et
302 1767 385 1842 avis
413 1783 450 1841 et
477 1767 630 1865 egregie
658 1770 706 1842 ab
739 1766 832 1864 ipsis
868 1769 1016 1842 exculto
1055 1767 1281 1863 patrimonio
1317 1769 1509 1865 spoliatos,
1539 1783 1576 1843 et

239 1995 397 2071 religionis
418 1997 530 2055 affectu
551 1996 654 2054 emisit
675 1997 708 2053 in
729 1996 925 2054 solemnitate
946 1994 982 2053 Ss
1014 1995 1233 2070 Apostolorum
1248 1995 1328 2053 Petri
1343 2006 1374 2053 et
1390 1995 1475 2055 Pauli
1489 2014 1575 2072 prae·

238 2094 332 2151 sentis
353 2093 429 2152 anni
455 2090 528 2166 1632
549 2113 654 2153 coram
676 2094 848 2152 iratribus...
872 2093 1031 2151 Praefatus
1052 2093 1196 2151 sacerdos
1217 2094 1376 2169 abyssinus
1397 2112 1455 2153 nos
1473 2095 1576 2152 visita·

239 2190 290 2260 vit,
312 2208 405 2265 quem
427 2191 680 2267 interrogavimus
702 2209 743 2249 an
764 2191 899 2266 aliquam
922 2191 1048 2249 haberet
1076 2200 1191 2248 certam
1221 2191 1350 2265 praefati
1375 2190 1492 2248 iuvenis
1519 2209 1575 2249 no·

238 2288 352 2357 titiam;
374 2288 534 2365 respondit
554 2291 638 2365 quod
660 2291 699 2347 ab
721 2290 773 2348 illo
795 2289 872 2347 ratleil
890 2289 976 2347 aliud
995 2289 1108 2346 audebit
1128 2290 1189 2346 urii
1206 2289 1280 2364 quod
1298 2289 1450 2347 devotionis
1473 2289 1574 2364 gratia

238 2384 435 2445 lerosolimanr
456 2390 551 2453 aenr't,·
571 2388 626 2445 sed
647 2388 725 2445 bene
746 2407 765 2445 a
785 2389 875 2445 servis
896 2389 956 2445 eries
977 2387 1097 2445 curiose
1119 2387 1284 2462 separatim
1299 2387 1493 2461 interrogatis
1508 2387 1575 2444 uni·

237 2483 376 2542 formiter
396 2485 514 2543 audivit
534 2505 595 2542 eum
616 2484 701 2543 talem
722 2505 778 2544 esse
802 2486 912 2560 qualem
941 2505 992 2543 nor
1018 2504 1212 2543 asseveramus
1238 2485 1380 2542 iuvenem
1411 2484 1523 2543 dixisse
1544 2495 1574 2543 et

238 2583 322 2657 quod
344 2583 536 2641 fratricidam
557 2584 652 2642 modo
673 2592 852 2659 regnantem
881 2583 1036 2658 coguovit.
1065 2581 1206 2640 Tandem
1235 2600 1323 2639 suum
1351 2582 1507 2640 humiliter
1536 2581 1575 2638 si·

237 2680 396 2755 gnificavit
417 2681 604 2740 desiderium
616 2680 747 2740 Romam
762 2681 907 2749 adeundi,
923 2698 1049 2756 sperans
1064 2680 1223 2738 Summum
1241 2679 1421 2738 Pontificem
1435 2680 1494 2737 sibi
1508 2680 1574 2737 fore

238 2778 406 2854 propitium
427 2789 518 2855 prout
539 2780 579 2837 ad
601 2780 749 2838 maiorem
771 2779 830 2837 Dei
852 2779 982 2854 gloriam
1004 2788 1035 2837 et
1056 2780 1211 2854 propriam
1234 2779 1299 2836 eius
1320 2779 1449 2836 salutem
1477 2768 1596 2852 magis

237 2876 265 2933 ei
286 2875 441 2934 videbitur
462 2878 616 2953 expedire.
638 2875 757 2949 Quibus
779 2877 921 2936 omnibus
943 2877 1071 2952 provide
1086 2878 1240 2934 attentis...
1259 2876 1493 2933 deliberavimus
1508 2875 1574 2933 eius

238 2972 323 3032 iustis
344 2992 480 3032 annuere
502 2975 581 3034 votis
602 2975 691 3050 eique
713 2975 886 3033 necessaria
906 2975 946 3032 ad
968 2973 1025 3031 iter
1046 2973 1268 3049 perficiendum
1290 2971 1468 3048 providere..
1491 2971 1574 3030 Con·

238 3070 305 3145 tigit
326 3089 443 3146 paucos
463 3081 533 3148 post
553 3073 620 3131 dies
641 3083 673 3130 ut
694 3091 749 3148 per
766 3082 905 3130 sanctam
920 3072 1077 3130 civitatem
1093 3071 1276 3129 Nazareth...
1292 3071 1433 3128 transiret
1447 3070 1573 3145 quidam

237 3168 350 3226 nobilis
371 3167 507 3227 Venetus
528 3171 655 3229 nomine
670 3169 793 3228 Marcus
809 3168 1009 3235 Lombardus,
1025 3169 1087 3244 qui,
1102 3168 1205 3226 statim
1221 3186 1258 3226 ac
1273 3186 1342 3225 eum
1358 3167 1390 3224 in
1404 3177 1573 3242 conspectu

238 3265 377 3323 omnium
390 3265 517 3324 fratrum
530 3267 660 3342 aspexit,
676 3267 762 3324 illum
778 3268 957 3342 recognovit
972 3284 1037 3324 esse
1053 3266 1149 3323 filium
1163 3266 1331 3341 supradicti
1347 3265 1426 3339 regis
1441 3263 1572 3334 Claudii,

238 3361 355 3421 viderat
376 3362 460 3421 enim
482 3365 581 3439 ipsum
604 3363 717 3439 Fungis
738 3373 876 3439 tempore
898 3363 1065 3422 occisionis
1087 3364 1180 3438 patris
1201 3364 1277 3421 eius.
1301 3361 1340 3420 Et
1360 3361 1419 3420 hoc
1448 3371 1481 3419 ut
1508 3379 1574 3420 om·

238 3459 327 3518 nibus
348 3470 467 3537 pateret
488 3463 638 3537 quasdam
661 3463 883 3520 testimoniales
898 3479 991 3519 manu
1006 3479 1060 3519 sua
1073 3462 1243 3536 subcriptas
1264 3462 1303 3518 ad
1326 3477 1383 3517 nos
1405 3460 1574 3517 transmisit

238 3559 352 3617 tenoris
374 3568 464 3635 prout
485 3560 516 3616 iu
538 3560 582 3618 eis
589 3576 596 3630 3
619 3561 730 3635 quibus
751 3578 769 3617 a
791 3560 881 3617 nobis
913 3560 1057 3634 acceptis,
1080 3577 1192 3634 operae
1213 3557 1344 3633 pretium
1365 3558 1508 3615 duximus
1532 3558 1572 3615 ad

237 3672 306 3712 eum
327 3655 460 3732 dirigere
482 3658 598 3715 litteras
619 3676 689 3716 cum
712 3659 829 3716 eisdem
852 3657 1118 3727 testimonialibus,
1140 3665 1174 3713 ut
1201 3665 1292 3731 capta
1320 3655 1432 3729 navigii
1462 3673 1573 3730 oppor-

237 3753 367 3812 tunitate
388 3755 429 3811 ad
451 3755 573 3812 Almam
595 3754 710 3813 Urbem
732 3773 764 3812 se
786 3755 954 3813 conferat..
977 3753 1173 3830 Quapropter
1193 3754 1322 3830 praelati
1348 3762 1472 3811 nostrae
1492 3770 1573 3810 sera·

237 3850 347 3925 phicae
368 3852 526 3926 religionis
547 3854 587 3911 ad
610 3870 687 3927 quos
709 3853 818 3911 merito
839 3870 954 3910 novum
976 3864 1114 3910 nostrum
1136 3852 1218 3909 hunc
1239 3851 1452 3925 dignissimum
1480 3851 1573 3908 alum·

237 3964 309 4004 num
332 3948 492 4022 dirigimus
513 3950 603 4019 ulnis,
630 3968 822 4025 quaesumus,
849 3960 996 4026 paternae
1018 3949 1176 4007 charitatis
1198 3949 1395 4024 suscipiant...
1417 3956 1509 4023 atque
1530 3948 1574 4005 ita

236 4044 276 4101 ad
297 4043 409 4102 SS.mum
439 4045 621 4105 Pontificem
643 4056 673 4105 et
695 4048 735 4105 ad
757 4047 908 4106 Emin.¹¹¹⁰·
937 4046 1041 4105 Patres
1069 4048 1108 4104 de
1137 4046 1341 4123 Propagauda
1369 4044 1453 4113 Fide,
1483 4053 1573 4120 prout

237 4142 440 4217 opportunius
455 4143 614 4213 videbitur,
628 4155 855 4220 praesentent...
871 4145 908 4202 In
922 4162 1052 4220 quorum
1069 4144 1191 4202 fidem...
1208 4143 1322 4202 Datum
1334 4142 1528 4217 lerosolymis
1539 4142 1572 4198 in

237 4248 393 4298 conventu
414 4251 518 4300 nostro
539 4240 569 4300 S.
591 4241 756 4301 Salvatoris
771 4242 822 4300 die
837 4253 945 4317 quarta
959 4241 1139 4317 septembris
1158 4239 1242 4313 1632.
1257 4275 1294 4283 —-
1310 4239 1487 4299 Concordat
1501 4257 1571 4297 cum

237 4336 410 4412 originali...
443 4337 622 4398 Franciscus
653 4338 778 4415 Ingolus
810 4341 1032 4399 secretarius».
1064 4338 1162 4412 (APF,
1186 4337 1209 4394 I
1220 4340 1342 4414 Aegypt.
1374 4347 1400 4395 et
1430 4337 1572 4412 rlctlriop„

237 4434 294 4493 vol.
319 4449 388 4505 211,
411 4435 432 4492 f.
457 4439 535 4513 107).

315 4536 361 4608 (1)
383 4532 431 4591 lta
451 4533 562 4592 Sacrae
588 4533 846 4613 Congregationis
867 4535 1047 4593 secretarius
1070 4533 1169 4608 lugoli
1191 4535 1231 4591 ad
1252 4534 1440 4591 cardinalem
1461 4533 1573 4590 Barbe-

237 4630 337 4688 rinum
359 4631 524 4691 referebat:
551 4633 731 4693 «Vedendo
753 4635 810 4692 che
833 4636 851 4692 ’l
873 4633 999 4707 negotio
1022 4632 1207 4707 dell'Etiope
1229 4650 1332 4707 presso
1353 4633 1384 4690 di
1400 4631 1437 4689 V.
1452 4631 1487 4689 E.
1509 4626 1574 4687 ddi

236 4730 368 4804 qualche
389 4730 647 4802 consideratione,
669 4733 710 4791 ho
731 4733 856 4791 stimato
877 4733 984 4791 debito
1005 4732 1087 4788 della
1109 4732 1170 4788 mia
1191 4727 1303 4788 servitii
1328 4731 1360 4787 di
1389 4729 1574 4804 signiticarle

234 4828 337 4885 alcuni
360 4828 547 4903 particolari,
569 4829 626 4888 che
648 4831 825 4889 facilmente
848 4833 875 4890 le
897 4831 1078 4890 serviranno
1099 4846 1153 4904 per
1168 4829 1296 4904 pigliare
1311 4829 1435 4887 intorno
1451 4827 1490 4884 ad
1505 4842 1574 4884 esso

235 4924 265 4982 la
284 4925 467 4983 risolutione
489 4926 548 4985 che
569 4927 727 4988 conviene.

315 5019 414 5097 Sapra
434 5023 558 5098 dunque
579 5024 635 5081 che
656 5035 765 5099 questo
786 5025 917 5099 giovane
940 5043 1001 5082 con
1023 5023 1119 5079 molta
1140 5023 1323 5080 ‹tonfidenza
1344 5018 1361 5078 e
1386 5022 1486 5078 uscito
1514 5036 1575 5075 con

237 5138 283 5177 mc
305 5139 322 5177 e
345 5120 428 5177 colla
450 5121 616 5178 medesima
638 5122 676 5178 lia
699 5132 825 5182 trattato
848 5142 937 5180 rucco
963 5121 1011 5177 ‹le'
1040 5120 1106 5175 suoi
1135 5120 1281 5177 alliui...
1304 5130 1390 5176 stara
1418 5117 1576 5174 trattaudo
1671 5160 1675 5167 .
