4066 6174
593 629 710 679 LIBER
734 629 771 689 11,
797 628 922 679 CAPUT
948 629 1048 680 XXX.
1425 636 1488 697 359

151 774 368 854 panderetur,
394 776 438 838 ad
462 777 564 858 ipsos,
592 775 805 859 Imperatore
836 777 982 849 deserto,
1013 778 1245 841 transiturum.
1272 777 1381 858 Apud
1412 796 1487 840 eum

35 896 125 959 tmen.
150 890 272 953 vicena
295 891 503 955 bellatorum
527 892 635 955 millia
658 894 924 975 reperiebantur,
940 902 975 955 et
991 892 1026 956 in
1050 893 1091 955 iis
1107 893 1239 956 milleni
1255 891 1388 965 Gallae,
1411 891 1487 975 *qui

150 1008 246 1088 equis
270 1008 501 1071 merebantur.
525 1017 559 1072 et
581 1010 724 1071 totidem
748 1009 952 1072 illustriores
981 1008 1157 1081 Abassini,
1182 1017 1216 1072 et
1239 1009 1328 1072 inter
1350 1028 1410 1072 eos
1433 1028 1488 1072 ca·

148 1121 268 1183 tholici
284 1123 520 1204 probatissimi
532 1124 576 1186 ad
587 1135 767 1198 trecentos,
781 1125 825 1187 ad
837 1126 1056 1208 pugnandum
1074 1125 1354 1206 moriendumque
1368 1126 1486 1207 parati,

146 1237 205 1318 qui
230 1239 387 1301 maxima
409 1259 490 1320 pars
512 1241 678 1303 victoriae
702 1238 849 1305 fuerunt.
883 1239 1035 1304 Caeteris
1058 1241 1229 1324 peditibus
1252 1251 1287 1304 et
1314 1242 1487 1322 equitibus

146 1369 266 1432 parum
292 1342 478 1427 fidendum,
495 1374 573 1417 nam
588 1356 644 1417 vel
661 1357 841 1419 rusticanis
856 1355 946 1418 ultro
962 1356 1155 1428 adiiciendi,
1172 1356 1238 1427 vel,
1256 1357 1285 1419 si
1302 1357 1368 1437 ipsi
1389 1357 1486 1437 quid·

145 1486 248 1548 quam
273 1470 491 1542 obsisterent,
514 1471 549 1532 in
575 1490 654 1533 suos
676 1472 781 1553 pedes
803 1480 902 1534 erant
924 1472 1137 1534 coniiciendi.

236 1586 267 1646 6.
295 1583 495 1666 Imperator,
519 1586 578 1648 ubi
600 1587 749 1668 septima
771 1585 855 1648 iunii
878 1584 961 1659 dies,
984 1605 1071 1666 quae
1088 1587 1188 1648 lunae
1210 1594 1291 1657 erat,
1309 1586 1389 1649 anni
1410 1586 1485 1648 mil·
1549 1591 1666 1676 ιζίειιιίι
1689 1595 1831 1657 specimen

146 1698 257 1761 lesimi
284 1700 527 1763 sexcentesimi
559 1702 727 1784 trigesimi
750 1703 890 1765 secundi
914 1702 1040 1773 illuxit,
1065 1711 1309 1773 antecursores,
1333 1676 1482 1765 hostium
1513 1674 1541 1713 ’ἲ
1559 1674 1724 1715 'mm'
1751 1698 1753 1705 ’

145 1834 225 1877 ase
249 1816 471 1878 intervallum
495 1825 529 1880 et
552 1815 655 1880 situm
686 1819 913 1899 exploratum,
938 1818 1077 1880 dimisit.
1112 1815 1198 1879 Mox
1229 1836 1327 1880 sacro
1348 1826 1382 1879 et
1406 1836 1484 1880 con·

144 1929 236 1991 cioni
261 1929 428 2004 interfuit,
454 1931 489 1994 in
511 1952 580 2015 qua
595 1953 628 2015 p.
645 1931 797 1996 Didacus
813 1954 939 2018 magna
962 1935 1101 2017 spiritus
1116 1932 1318 1996 efficacitate
1342 1943 1485 1997 cunctos

144 2048 188 2110 ad
211 2048 447 2130 pugnandum,
478 2057 513 2111 et
536 2059 593 2112 aut
616 2048 766 2132 gloriose
791 2051 1004 2124 vincendum,
1029 2060 1088 2113 aut
1112 2048 1246 2114 fortiter
1269 2050 1483 2114 moriendum

143 2182 207 2245 pro
232 2164 368 2245 imperii
392 2173 427 2227 et
449 2162 529 2228 fidei
545 2166 780 2229 incolumitate
796 2154 960 2230 incitavit.
977 2166 1227 2249 Exploratores
1249 2168 1484 2230 renuntiarunt

143 2278 265 2342 hostes
281 2298 349 2342 non
365 2281 483 2361 procul
499 2282 629 2353 abesse,
646 2289 680 2344 et
695 2282 819 2363 pedem
835 2301 953 2345 versus
968 2282 1213 2364 Imperatorem
1230 2280 1396 2347 conferre.
1412 2281 1483 2344 Ex·

143 2397 278 2477 templo
301 2394 472 2476 dispansis
494 2396 644 2468 vexillis,
676 2406 711 2460 et
733 2398 894 2479 praeliari
918 2398 1036 2460 ordine
1068 2396 1257 2480 imperialis
1284 2397 1376 2461 acies
1406 2416 1482 2479 pro-

142 2513 267 2575 cedere
291 2512 414 2593 coepit‚
439 2520 472 2573 et
496 2512 569 2594 ipse
593 2512 736 2575 meridie
752 2514 786 2575 in
810 2513 900 2576 colle
923 2515 966 2576 ad
982 2514 1153 2576 sinistram
1177 2514 1352 2595 paululum
1373 2532 1483 2577 assur·

141 2638 248 2709 gente
283 2627 512 2708 interquievit.
543 2625 678 2691 Moram
712 2628 830 2691 hostes
853 2628 981 2691 nullam
1014 2630 1254 2711 interposuere,
1289 2630 1350 2692 sed
1385 2630 1482 2692 brevi

141 2762 223 2807 suas
246 2742 405 2805 cohortes
428 2761 534 2824 prope
549 2744 705 2806 eumdem
722 2753 872 2807 montem
888 2744 1075 2807 intulerunt
1092 2753 1126 2807 et
1141 2754 1309 2827 tympana
1324 2765 1365 2808 ac
1380 2746 1482 2808 tubae

141 2858 308 2921 bellicum
331 2859 490 2940 utrinque
513 2859 716 2922 cecinerunt.
741 2858 902 2922 Proxime
926 2868 1109 2942 antequam
1136 2860 1304 2942 proelium
1328 2859 1479 2930 iniretur,

142 2973 347 3056 Imperator,
371 2975 530 3055 princeps
553 2984 587 3037 et
611 2975 671 3037 alii
687 2993 733 3037 ex
749 2974 968 3059 magnatibus
990 2995 1142 3038 summae
1158 2977 1296 3058 pietatis
1311 2973 1480 3059 significa·

95 3076 100 3084 ’
140 3091 237 3153 tione
261 3089 504 3153 conscientiam
528 3091 765 3174 exomologesi
789 3111 865 3154 cum
890 3112 923 3173 p.
941 3090 1074 3153 Didaco
1098 3102 1334 3174 repurgarunt,
1360 3092 1481 3154 iureiu-

141 3207 251 3269 rando
275 3204 377 3268 fidem
400 3225 497 3268 suam
512 3207 776 3289 obstringentes,
800 3227 848 3279 se,
865 3207 895 3269 si
918 3208 1067 3270 victores
1083 3207 1277 3279 evaderent,
1298 3205 1372 3271 fore
1388 3208 1481 3270 inde·

141 3318 254 3384 fessos
284 3321 474 3384 catholicae
501 3320 582 3385 fidei
615 3320 773 3395 fautores,
806 3333 840 3386 ct
874 3324 907 3385 in
939 3321 1025 3386 fines
1054 3323 1191 3404 imperii
1222 3333 1478 3408 propagatores.

142 3434 287 3500 Utinam
310 3433 456 3500 fuissent
479 3439 702 3501 executores!

233 3570 263 3630 7.
288 3550 480 3633 EquitibuS,
505 3555 539 3615 in
563 3555 688 3635 quibus
711 3564 781 3617 tota
806 3564 879 3618 erat
907 3552 1041 3627 fiducia,
1070 3556 1272 3637 imperatum
1300 3555 1403 3637 (quod
1429 3556 1479 3617 vi·
1541 3561 1684 3625 Equlntul
1703 3564 1770 3613 naec
1785 3562 1829 3614 vl-

140 3669 270 3731 ctoriae
294 3677 396 3750 caput
419 3666 504 3750 fuit),
525 3681 562 3732 ut
593 3689 713 3733 omnes
736 3671 874 3733 ordines
901 3672 1089 3753 praeirent}
1121 3672 1150 3733 si
1173 3672 1263 3733 enim
1286 3672 1421 3753 pedites
1444 3672 1478 3733 in
1506 3633 1595 3683 mm
1613 3633 1775 3684 detersum.

140 3783 322 3866 principiis
345 3784 547 3858 locarentur,
575 3794 610 3848 et
633 3787 743 3849 hostis
772 3758 993 3857 obniteretur,
1024 3797 1081 3850 aut
1105 3798 1206 3870 terga
1228 3787 1340 3849 daturi
1370 3796 1478 3860 erant,
1512 3848 1518 3859 ,

140 3907 199 3961 aut
223 3899 276 3961 illi
299 3918 336 3962 se
360 3907 395 3962 et
418 3918 512 3963 arma
535 3901 694 3965 dedituri.
718 3900 788 3964 Ubi
812 3903 983 3983 equitatus
1007 3903 1050 3965 ad
1073 3903 1133 3965 teli
1149 3903 1276 3965 iactum
1299 3903 1478 3984 processit,

139 4016 300 4096 utrinque
323 4015 471 4077 incursio
495 4035 660 4097 suspenso
683 4018 792 4098 gradu
816 4017 970 4091 inhibita,
994 4017 1218 4080 Lastensibus
1241 4019 1478 4100 trepidationis

140 4128 269 4192 indicia
291 4129 545 4210 praebentibus,
570 4140 605 4193 et
628 4131 862 4213 imperialibus
886 4133 1111 4216 aggrediendi
1132 4133 1268 4214 signum
1290 4141 1475 4214 expectan-

138 4247 243 4308 tibus.
268 4244 386 4308 Duces
402 4245 509 4327 aliqui
525 4246 770 4329 generosiores,
787 4246 1032 4329 Imperatorem
1053 4250 1225 4320 adeuntes,
1250 4266 1410 4310 monuere
1434 4268 1478 4309 ne

136 4370 300 4444 punctum
324 4371 548 4434 cunctaretur,
573 4361 684 4424 Deum
700 4364 791 4425 enim
809 4361 976 4426 fautorem
1000 4364 1204 4427 habiturum.
1231 4364 1367 4426 Primus
1392 4362 1477 4445 ipse,

138 4478 240 4560 signo
264 4495 400 4561 pugnae
423 4477 515 4550 dato,
548 4496 673 4558 equum
697 4478 730 4540 in
755 4476 1024 4541 confertissimos
1048 4479 1172 4562 globos
1195 4478 1383 4561 instigavit.
1408 4476 1478 4542 Sed

139 4592 290 4655 medium
314 4611 352 4655 se
375 4592 501 4655 obiecit
524 4594 637 4655 senior
661 4593 766 4674 ipsius
790 4591 895 4656 frater
918 4593 993 4656 Ras
1016 4592 1148 4655 Emana
1171 4591 1327 4656 Christos
1351 4601 1388 4656 ut
1403 4602 1476 4656 tan·

138 4709 255 4790 tisper‚
279 4708 376 4789 quasi
400 4708 444 4769 ad
459 4707 647 4790 perieulum
665 4706 888 4772 differendum
906 4720 1107 4782 moraretur;
1132 4707 1191 4770 ille
1215 4718 1329 4772 tamen
1347 4708 1474 4790 insigni

137 4824 324 4887 turbatoris
347 4823 569 4905 despicientia
592 4844 715 4906 equum
739 4825 852 4886 acrius
875 4825 1114 4898 instimulavit;
1138 4834 1172 4887 et
1189 4844 1271 4887 mox
1294 4826 1476 4907 equitatus,

138 4959 205 5001 non
238 4935 401 5001 Sanctum
434 4938 595 5002 Iacobum
627 4949 744 5002 nostro
775 4958 877 5011 more,
902 4941 963 5001 sed
990 4938 1067 5002 Iesu
1098 4959 1233 5012 nomen,
1265 4960 1310 5003 ex
1342 4949 1474 5022 patrum

136 5056 294 5119 doctrina
317 5053 527 5128 inclamavit,
551 5065 585 5118 et
601 5055 768 5118 auxilium
786 5055 984 5137 imploravit
992 5075 1000 5129 ;
1025 5056 1180 5138 idemque
1197 5054 1262 5121 fuit
1285 5057 1473 5138 irrumpere

20 5184 109 5246 t.170,
137 5171 231 5253 quod
256 5165 423 5242 *vincere
449 5172 597 5234 clamare
621 5172 712 5251 quod
728 5189 899 5252 superare.
920 5171 1005 5234 Cum
1022 5174 1111 5234 onim
1129 5174 1308 5235 vulnerare
1334 5172 1475 5245 vellent,
1512 5230 1514 5235 .
