4066 6184
535 591 597 667 264
868 601 1143 652 exvenirrorus
1167 601 1430 652 accaronitae
1452 601 1533 653 are.

1993 768 1994 801 l

1993 810 1994 859 l

532 759 670 833 gentem
694 758 827 813 curaret
850 769 991 812 romana
1015 748 1151 833 Synaxi
1173 751 1380 832 participari.
1404 747 1505 830 Quod
1528 768 1605 811 curn
1630 747 1704 830 ipse
1722 749 1870 811 molliter

532 864 667 929 efficere
691 867 842 939 deberet,
866 864 946 928 fidei
971 865 1170 929 doctoribus
1199 865 1371 938 immissis,
1395 867 1454 949 qui
1479 864 1607 930 ferinas
1630 872 1865 930 montanorum

532 1002 631 1045 aures
653 1002 694 1045 ac
718 992 848 1045 mentes
871 982 1009 1044 blandis
1032 981 1247 1045 sermonibus
1270 981 1426 1054 lenirent,
1454 983 1582 1046 milites
1605 981 1774 1047 ferociam
1804 981 1869 1062 spi·

532 1108 646 1162 rantes
669 1113 702 1161 et
725 1108 926 1181 arroganter
956 1099 1231 1162 communionem
1262 1100 1469 1182 imperantes
1496 1100 1539 1162 ad
1566 1119 1625 1162 eos
1656 1097 1867 1161 *destinavit
1891 1105 1967 1166 trip.

532 1213 608 1278 Illis
631 1235 713 1277 vero
736 1216 916 1297 plusquam
948 1215 1097 1277 civiliter
1121 1215 1418 1296 respondentibus,
1449 1235 1487 1277 se
1509 1224 1648 1298 paratos
1678 1234 1757 1278 esse
1784 1215 1870 1276 iussa

532 1332 669 1414 exequi,
693 1331 722 1393 si
739 1333 833 1413 prius
849 1351 936 1412 quae
960 1340 1075 1394 essent
1099 1332 1291 1395 necessaria
1314 1331 1547 1403 edocerentur,
1569 1331 1698 1412 pietate
1722 1331 1758 1392 in
1773 1349 1869 1411 quae·

532 1456 621 1509 stum
645 1465 821 1518 conversa,
846 1466 866 1509 a
897 1447 1053 1529 protegis
1085 1447 1272 1510 emissariis
1296 1445 1392 1509 mille
1424 1465 1614 1528 pannorum
1642 1447 1772 1509 mulcta
1797 1454 1870 1507 sunt

532 1561 674 1635 onerati,
688 1583 765 1625 cum
777 1563 888 1644 patria
904 1565 1116 1626 consuetudo
1132 1564 1287 1646 exigeret
1304 1571 1340 1625 ut
1363 1563 1397 1625 in
1413 1561 1574 1626 iudicium
1588 1564 1745 1627 accersiti
1761 1581 1870 1625 noxae

533 1680 824 1751 convincerentur,
849 1689 891 1751 et,
917 1680 1114 1742 laxamento
1138 1680 1255 1760 aliquo
1279 1698 1454 1751 concesso,
1477 1679 1591 1761 siquid
1621 1678 1733 1742 adhuc
1758 1686 1870 1741 contu·

533 1795 663 1857 maciae
687 1804 886 1876 superesset,
911 1796 1150 1877 plecterentur.
1175 1794 1244 1857 Sed
1261 1796 1408 1878 protegi,
1426 1803 1462 1858 ut
1478 1795 1521 1857 ad
1544 1795 1799 1877 expectandum
1815 1812 1870 1874 pa·

533 1913 653 1974 tientia
676 1912 869 1973 desiderata
888 1922 950 1985 est,
967 1913 1026 1985 sic,
1044 1931 1120 1974 cum
1138 1931 1233 1975 arma
1249 1912 1514 1994 praecipitanter
1530 1921 1698 1994 correpta,
1714 1908 1871 1973 militaris

533 2027 715 2109 prudentia
739 2036 772 2089 et
796 2024 972 2091 fortitudo,
997 2025 1174 2091 Confusim
1200 2030 1318 2091 ineos
1350 2027 1446 2091 irruit
1477 2037 1511 2091 et
1540 2029 1728 2099 socordius,
1764 2026 1871 2089 caesis

534 2143 665 2224 aliquot
688 2164 734 2205 ex
757 2145 828 2206 suis
851 2144 996 2208 ducibus
1011 2165 1051 2207 ac
1067 2145 1244 2217 militibus,
1257 2163 1295 2207 se
1311 2145 1448 2227 recepit.
1466 2141 1626 2208 Graviter
1641 2143 1727 2206 baec
1745 2144 1871 2206 iactura

534 2259 780 2342 Imperatorem
804 2260 913 2331 anxit,
938 2270 1093 2324 nontam
1111 2263 1156 2323 ob
1179 2280 1341 2342 praesens
1364 2262 1549 2333 dammum,
1572 2278 1674 2341 quam
1691 2261 1870 2342 praesagio

534 2374 733 2447 futurorum,
759 2396 822 2439 nec
845 2386 959 2439 tamen
982 2376 1031 2459 (ut
1055 2376 1257 2458 plerumque
1273 2376 1507 2439 ministrorum
1523 2376 1625 2456 culpa
1641 2374 1676 2437 in
1700 2374 1870 2456 principes

534 2493 713 2564 redundat,
739 2494 795 2573 qui
819 2512 880 2555 sua
908 2493 1127 2555 conniventia
1155 2493 1251 2555 illam
1278 2493 1344 2554 sibi
1367 2490 1586 2573 adscribunt),
1611 2509 1795 2574 protegam
1817 2499 1871 2553 aut

533 2609 711 2671 venaticos
735 2609 842 2689 ipsius
865 2629 975 2681 canes,
1007 2618 1045 2672 ut
1067 2627 1129 2691 par
1152 2617 1235 2681 erat,
1256 2627 1369 2689 poena
1392 2606 1518 2679 affecit,
1542 2616 1601 2670 aut
1624 2608 1869 2669 restitutionem

533 2723 724 2806 imperavit,
749 2743 816 2803 quo
840 2722 1011 2794 effectum,
1028 2735 1064 2786 ut
1080 2722 1243 2786 Romana
1258 2721 1344 2785 fides
1360 2723 1487 2786 nullius
1503 2742 1615 2785 noxae
1631 2722 1818 2803 particeps,
1829 2740 1869 2784 ex

534 2842 689 2923 proregis
712 2850 746 2902 et
764 2841 870 2922 ipsius
886 2842 1162 2903 administrorum
1179 2841 1366 2921 cupiditate
1382 2841 1600 2902 immerenter
1622 2839 1829 2920 culparetur.

187 2992 201 3037 .·
221 2967 349 3050 nioman
360 2967 431 3030 regii
441 2983 506 3018 san·
624 2976 654 3034 3.
679 2955 835 3019 Montani
859 2958 969 3038 primo
1000 2959 1115 3018 statim
1146 2958 1236 3019 iactu
1268 2957 1472 3019 intellexere
1502 2954 1870 3036 omneslmperatoris

186 3052 305 3099 guinis
325 3048 505 3100 tyrannum

186 3110 316 3158 invitant.
534 3073 650 3159 copias
666 3074 751 3135 inse
775 3073 1034 3144 convertendas,
1051 3072 1184 3153 sibique
1201 3081 1310 3135 totum
1327 3069 1475 3134 futurum
1493 3073 1527 3133 in
1544 3090 1682 3134 suorum
1708 3069 1869 3133 montium

533 3188 729 3251 acclivitate
765 3200 798 3251 et
828 3188 1011 3251 obfirmata
1046 3190 1224 3271 pugnandi
1255 3208 1360 3270 usque
1391 3188 1435 3250 ad
1466 3198 1658 3250 extremum
1685 3186 1870 3250 anhelitum

534 3304 763 3367 obstinatione
786 3306 1004 3387 praesidium.
1029 3304 1069 3366 In
1094 3306 1189 3367 cuius
1205 3303 1338 3367 consilii
1355 3305 1613 3387 perennitatem,
1629 3303 1814 3385 quemdam
1829 3323 1870 3365 ex

534 3420 750 3500 antiquorum
777 3420 1027 3502 imperatorum
1058 3439 1195 3501 genere,
1219 3423 1274 3483 cui
1301 3440 1424 3483 nomen
1455 3417 1570 3482 Melcai
1592 3417 1761 3507 Christos,
1785 3420 1870 3500 apud

533 3534 653 3598 Gallas
676 3538 710 3598 in
734 3536 898 3620 Angotae
929 3538 1205 3619 tempestivitatis
1233 3546 1491 3619 exspectantem
1522 3545 1701 3607 vocarunt,
1728 3535 1870 3617 polliciti

533 3653 630 3713 illum
655 3673 674 3714 a
698 3673 734 3714 se
758 3655 932 3715 inductum
956 3657 997 3716 iri
1022 3656 1055 3716 in
1080 3657 1193 3717 avitae
1216 3654 1395 3736 dignitatis
1425 3651 1690 3734 possessionem.
1721 3650 1802 3713 Non
1824 3652 1871 3713 in·

532 3779 629 3851 grate
654 3768 713 3830 ille
738 3770 885 3841 admisit,
910 3771 1001 3850 quod
1024 3771 1184 3832 omnibus
1208 3771 1297 3832 votis
1324 3770 1522 3850 expetebat,
1550 3768 1870 3849 sciensque·multis

532 3886 686 3946 odiosam
711 3905 785 3946 esse
809 3885 1005 3948 Romanam
1029 3884 1141 3958 fidem,
1167 3897 1202 3948 ut
1227 3905 1287 3947 eos
1311 3885 1540 3947 demereretur
1560 3903 1597 3945 se
1620 3880 1800 3967 professus
1823 3891 1870 3945 est

533 4000 792 4063 Alexandrinae
817 4012 850 4063 et
873 4021 1023 4064 errorum
1047 4002 1205 4064 Dioscori
1229 4011 1331 4081 atque
1351 3999 1557 4081 Eutychetis
1572 4008 1867 4083 propugnatorem.

531 4115 592 4177 Ad
616 4116 704 4178 hanc
728 4136 848 4179 vocem
871 4118 987 4198 plures
1010 4118 1168 4180 monachi
1192 4118 1369 4180 literarum
1394 4115 1517 4198 ignari,
1538 4123 1573 4201 et
1589 4110 1785 4196 praefracta
1799 4130 1869 4194 per·

532 4232 659 4292 tinacia
675 4232 797 4301 durati,
815 4243 986 4315 tamquam
1003 4234 1265 4317 vespertiliones
1280 4241 1314 4295 et
1332 4240 1476 4294 noctuae
1492 4251 1538 4293 ex
1556 4230 1672 4293 lustris
1693 4240 1728 4291 et
1747 4229 1869 4311 ignotis

533 4347 627 4417 locis,
652 4348 686 4408 in
710 4350 833 4428 quibus
857 4347 1017 4420 latebant,
1041 4351 1196 4430 prodiere
1219 4357 1254 4410 et
1281 4366 1441 4430 magnam
1458 4346 1653 4409 inconditae
1672 4344 1868 4426 plebeculae

533 4463 783 4523 multitudinem
807 4474 951 4544 tyranno
975 4464 1213 4528 adiunxerunt.
1245 4464 1344 4525 Haec
1371 4463 1462 4524 enim
1486 4480 1546 4524 eos
1577 4461 1719 4544 pellitos
1751 4467 1788 4522 et
1817 4478 1868 4521 cu·

533 4577 688 4649 cullatos‚
714 4588 886 4659 tamquam
910 4600 928 4641 e
952 4580 1049 4641 coelo
1065 4579 1182 4660 lapsos
1198 4580 1394 4651 admiratur,
1411 4579 1568 4640 nesciens
1590 4578 1634 4639 iis
1650 4578 1869 4658 operimentis

533 4693 641 4754 solam
665 4693 859 4773 superbiam
884 4704 916 4755 et
940 4713 1051 4755 rerum
1081 4697 1243 4767 omnium,
1267 4705 1413 4776 excepta
1442 4695 1604 4775 nequitia,
1628 4713 1718 4779 quae
1749 4694 1868 4775 ubique

533 4828 569 4870 sc
593 4810 702 4888 ipsam
726 4810 849 4889 prodit,
873 4810 1102 4891 ignorantiam
1125 4813 1331 4874 obumbrari.

222 4930 375 4989 imperator
400 4929 506 5012 Ιῑιιιιιοο
622 4944 651 5000 4.
676 4922 737 4984 Ad
759 4924 843 4984 haec
867 4924 992 4993 audita,
1016 4925 1207 5007 Imperator
1238 4925 1411 4989 februario
1436 4928 1516 4989 anni
1545 4930 1642 5004 1629,
1666 4926 1774 5007 paulo
1796 4932 1869 5007 post

186 4999 291 5047 benum
310 5002 504 5062 p¹⁰⁶⁶¹⁸⁰¹⁸m⁹
532 5037 638 5099 Tecla
662 5036 852 5121 Gueorguis
875 5043 1106 5122 suspendium,
1131 5043 1304 5105 Dancazio
1334 5063 1453 5106 versus
1476 5043 1749 5127 Bagamedirum
1772 5040 1869 5105 lentis

534 5154 711 5215 itineribus
734 5156 909 5236 processit,
927 5166 963 5218 ut
975 5157 1147 5241 digressus
1160 5159 1211 5219 sui
1224 5155 1316 5220 fama
1332 5156 1498 5222 Goiamae
1518 5176 1703 5243 proregcm
1719 5168 1754 5221 et
1769 5159 1868 5221 duces
