4066 6184
606 551 723 599 LIBER
746 551 785 609 11,
810 550 937 600 CAPUT
963 551 1048 600 XIII.
1433 559 1496 618 249

155 710 193 763 ut
216 700 311 762 idem
335 708 495 763 testatur:
519 698 565 762 In
587 696 698 783 capite
718 697 802 762 latei
820 698 988 783 cereptum
1010 703 1061 762 est
1080 696 1120 763 de
1142 719 1194 763 me
1208 698 1262 783 (1).
1286 699 1381 762 Libri
1406 701 1501 763 enim

156 827 263 899 caput
287 836 386 878 meus
409 824 460 879 est
483 823 518 878 et
541 814 683 878 intentio
699 810 906 898 Scripturae,
931 833 1018 896 quae
1041 835 1062 878 a
1085 814 1194 897 prima
1210 835 1316 898 usque
1332 816 1376 878 ad
1392 817 1495 879 imam

157 950 274 995 ceram
300 933 335 995 in
359 930 522 995 Messiam
547 930 745 994 collineavit
767 932 871 994 etiam
898 950 975 995 cum
1006 931 1075 994 alia
1105 952 1151 995 ex
1181 931 1337 995 instituto
1367 941 1497 1014 pertra-

158 1057 272 1111 ctasse
296 1048 478 1111 videretur.
503 1045 549 1110 Et
572 1067 615 1110 ne
638 1048 683 1111 ab
705 1048 826 1111 eodem
850 1047 942 1111 Isaia
965 1047 1191 1120 discedamus,
1209 1066 1281 1130 cap.
1303 1063 1352 1126 15,
1377 1048 1422 1111 ab
1438 1067 1500 1110 ex·

157 1164 252 1227 cidio
276 1162 384 1226 Moab
406 1164 450 1226 ad
473 1162 572 1227 Ruth
595 1162 821 1228 Moabitidem
843 1172 876 1228 et
892 1163 1058 1228 Messiam
1074 1164 1227 1227 eiusdem
1243 1173 1405 1245 nepotem
1421 1183 1501 1226 cum

158 1279 309 1362 suspirio
333 1280 523 1342 exclamat:
550 1278 680 1343 Emitte
701 1279 842 1366 Agnum
868 1279 1027 1355 Domine,
1054 1277 1297 1343 domabatorem
1324 1283 1437 1343 terrae
1459 1279 1501 1344 cte

155 1398 259 1478 petra
286 1392 414 1459 deserti
432 1395 481 1458 ad
503 1399 649 1458 mentem
663 1394 770 1478 filiae
792 1394 881 1459 Sion
896 1392 953 1479 (2).
987 1394 1075 1458 Mox
1099 1415 1140 1458 eo
1167 1395 1256 1458 uude
1279 1413 1418 1477 egressa
1446 1403 1501 1459 est

159 1510 355 1592 Prophetae
379 1511 489 1574 oratio
515 1513 695 1575 revertitur
718 1531 792 1593 cap.
817 1530 857 1592 45
884 1532 904 1575 a
926 1510 1009 1595 Cyri
1032 1512 1188 1575 victoriis
1211 1521 1245 1574 et
1269 1512 1427 1575 libertate
1444 1511 1500 1574 Iu·

161 1627 259 1690 daeis
282 1627 327 1690 ab
350 1647 391 1690 eo
415 1627 639 1709 impertienda
662 1627 706 1691 ad
729 1647 945 1692 communem
976 1630 1069 1692 orbis
1099 1629 1270 1691 vindicem
1300 1631 1501 1693 transcurrit

160 1744 232 1807 illis
256 1743 387 1806 verbis:
413 1742 542 1807 Rorate
562 1743 647 1809 coeli
664 1745 816 1830 desuper,
840 1748 874 1809 et
888 1744 990 1808 nubes
1003 1746 1135 1830 pluant
1149 1744 1300 1808 eiectum:
1323 1743 1503 1829 aperaetur

160 1864 258 1923 terra
281 1863 316 1923 et
336 1859 508 1946 germinet
531 1858 744 1925 Salvatorem
761 1859 815 1945 (3).
844 1857 903 1924 Sic
931 1860 1045 1932 Iacob,
1074 1880 1150 1923 cum
1178 1860 1431 1924 Antichristum
1454 1879 1501 1923 ex

158 1975 251 2039 tribu
276 1974 355 2037 Dan
378 1973 561 2039 *oriturum
585 1978 801 2059 praevideret
824 1979 867 2040 ad
890 1977 984 2040 illius
1000 1978 1222 2040 contritorem
1238 1975 1421 2059 suspirans,
1434 1979 1500 2039 ait:

158 2091 329 2156 Salutate
351 2095 448 2155 tuum
471 2092 655 2177 expectabo,
679 2092 827 2157 Domine
843 2091 896 2178 (4).
922 2089 1089 2156 Similiter
1118 2094 1183 2156 hoc
1207 2092 1284 2155 loco
1319 2092 1427 2155 Isaias
1458 2093 1502 2154 ab

160 2208 271 2291 iniqui
295 2207 409 2291 Regis
432 2206 585 2290 perfidia,
609 2211 734 2272 summi
764 2207 920 2273 beneficii
948 2219 983 2273 et
1011 2210 1166 2273 miraculi
1193 2229 1214 2271 a
1240 2209 1317 2272 Deo
1343 2207 1503 2291 patrandi

160 2326 381 2388 occasionem
404 2326 548 2407 abrupte
571 2335 769 2407 aucupatur,

254 2460 285 2519 9.
311 2439 378 2523 Qui
402 2439 467 2503 hoc
491 2438 563 2504 fieri
586 2442 727 2524 posset?
750 2443 798 2506 ait
820 2439 995 2515 Salomon,
1009 2441 1044 2505 id
1061 2442 1152 2504 enim
1169 2450 1261 2505 esset
1278 2439 1392 2505 futura
1406 2460 1504 2523 prae·
1566 2452 1775 2503 Promissiones
1811 2453 1850 2501 ue

161 2558 318 2621 sentibus
340 2556 527 2629 involvere,
545 2567 580 2620 et
595 2576 744 2620 massam
762 2577 875 2621 massa
890 2560 1102 2621 conturbare.
1120 2556 1206 2629 Imo,
1226 2558 1275 2620 ait
1290 2555 1502 2630 Patriarcha,
1530 2521 1850 2658 ffigmffiisf‘ssffess}

161 2673 228 2737 hoc
252 2682 387 2737 tantum
411 2673 514 2737 modo
537 2674 572 2735 in
595 2673 701 2737 sacris
725 2673 821 2738 libris
844 2674 943 2756 plura
966 2674 1121 2757 implexa
1143 2672 1376 2737 dissolvuntur
1394 2683 1428 2736 et
1443 2692 1503 2757 ag·
1532 2669 1693 2733 implentur.

161 2791 356 2873 glomerata
378 2791 599 2853 extricantur.
631 2788 677 2854 Et
708 2800 744 2853 ut
775 2791 810 2853 in
841 2790 988 2854 Davidis
1018 2792 1121 2853 domo
1151 2809 1229 2852 cum
1260 2789 1381 2852 eodem
1413 2788 1503 2852 Isaia

162 2925 374 2978 maneamus,
398 2908 430 2968 ei
454 2906 551 2970 Deus
573 2906 674 2980 dixit,
698 2926 776 2969 cum
800 2908 842 2971 de
865 2904 1051 2970 Salomone
1075 2924 1187 2969 sermo
1210 2906 1401 2969 incidisset:
1430 2903 1504 2990 Ego

162 3042 219 3085 ero
243 3022 282 3086 in
300 3027 446 3108 patrem,
470 3027 505 3088 et
526 3023 596 3108 ipse
617 3022 688 3086 erit
708 3021 799 3086 mz'tn'
818 3022 857 3086 in
872 3021 1006 3106 filium,
1022 3022 1234 3107 firmaboque
1255 3021 1379 3086 solium
1406 3021 1509 3107 regni

160 3138 236 3201 eius
258 3143 363 3223 super
382 3139 502 3203 Israel
522 3138 562 3202 in
585 3143 760 3204 aeternum
777 3138 831 3221 (5).
855 3137 984 3201 Verum
1017 3158 1126 3221 neque
1156 3140 1267 3221 prima
1296 3138 1396 3202 huius
1426 3157 1503 3220 pro·

163 3255 338 3318 missionis
360 3274 441 3337 pars
462 3256 506 3318 de
530 3250 792 3327 Dei‘filiatione
814 3274 923 3338 neque
946 3255 1096 3318 secunda
1120 3256 1162 3318 de
1182 3254 1279 3339 regni
1294 3251 1454 3317 firmitate
1470 3264 1504 3318 et

162 3372 366 3434 aeternitate
388 3372 556 3454 quadrare
579 3380 693 3454 potest
717 3373 751 3434 in
775 3368 1007 3434 Salomonem.
1031 3369 1120 3453 Quia
1143 3367 1307 3434 Salomon
1339 3370 1504 3433 naturalis

164 3487 230 3550 Dei
256 3485 347 3549 filius
371 3483 536 3559 nonfuit,
560 3487 621 3549 sed
646 3486 1096 3551 DavidisetBersabaeae.
1123 3483 1160 3549 Si
1194 3498 1309 3549 autem
1341 3487 1438 3548 locus
1461 3487 1506 3548 sit

163 3602 411 3685 intelligendus
434 3602 478 3665 de
500 3602 669 3685 spirituali
693 3600 859 3667 filiatione
881 3622 943 3684 per
965 3604 1122 3687 gratiam,
1146 3602 1208 3666 illa
1229 3602 1368 3683 quidem
1391 3603 1427 3664 in
1442 3598 1505 3664 Sa·

165 3721 304 3782 lomone
328 3719 513 3799 aliquando
536 3719 656 3802 viguit,
680 3720 828 3807 sednec
854 3728 1002 3792 aeterna,
1030 3739 1094 3782 nec
1124 3720 1292 3791 diuturna,
1323 3720 1404 3801 quia
1434 3737 1506 3781 ces-

163 3835 256 3899 savit
279 3835 324 3897 ab
347 3854 389 3898 eo
418 3844 597 3919 tempore,
616 3853 684 3917 quo
715 3855 752 3898 se
783 3835 951 3899 idolorum
984 3836 1090 3898 cultui
1121 3836 1340 3916 mancipavit,
1373 3833 1407 3896 in
1438 3854 1506 3916 quo

163 3959 306 4033 putatur
329 3951 525 4014 decessisse.
549 3946 716 4014 Similiter
738 3951 832 4014 illius
855 3968 999 4035 regnum
1023 3949 1169 4024 firmum,
1193 3960 1227 4013 et
1245 3960 1420 4014 aeternum
1438 3971 1505 4014 uon

164 4065 246 4140 fuit;
271 4086 339 4129 non
362 4064 498 4129 firmum
520 4066 600 4149 quia
623 4077 777 4150 tempore
799 4065 863 4130 filii
887 4068 994 4150 ipsius
1010 4068 1185 4130 Roboami
1201 4068 1320 4130 decem
1336 4069 1445 4131 tribus
1461 4068 1506 4130 ab

164 4204 206 4247 eo
231 4184 388 4246 divulsae
412 4183 456 4245 ad
480 4181 730 4256 Ieroboamum,
753 4194 788 4246 et
811 4181 988 4247 Samariae
1004 4182 1124 4267 Reges
1139 4184 1346 4247 transierunt
1361 4182 1415 4269 (6),
1437 4204 1505 4246 non

164 4308 352 4371 aeternum,
376 4299 456 4380 quia
480 4298 578 4362 iuxta
600 4298 718 4361 Iacobi
742 4300 919 4363 morientis
942 4298 1223 4382 praedictionem,
1247 4299 1398 4362 Herodis
1420 4307 1506 4362 tem-

164 4433 250 4497 pore
277 4410 414 4488 defecit,
445 4433 521 4477 cum
553 4424 652 4478 natus
682 4425 734 4478 est
764 4412 918 4479 Christus
948 4415 1127 4489 Dominus,
1158 4433 1259 4478 verus
1289 4415 1446 4487 Messias,
1471 4417 1504 4478 in

165 4532 263 4594 cuius
286 4530 458 4613 spirituali
488 4532 665 4595 dominatu
700 4550 843 4614 regnum
877 4532 1085 4595 Davidicum
1117 4541 1254 4596 nactum
1277 4541 1332 4595 est
1361 4535 1505 4596 aeterni·

164 4656 284 4710 tatem.
308 4645 363 4709 De
385 4665 453 4729 quo
487 4646 603 4711 David
633 4647 707 4729 ipse
737 4649 773 4710 in
799 4647 939 4711 Psalmo
963 4665 1016 4727 71,
1048 4650 1082 4711 in
1114 4651 1190 4731 ipso
1220 4649 1408 4731 primordio
1439 4649 1505 4711 ait:

165 4763 275 4835 Deus,
308 4761 472 4826 aedictum
502 4767 599 4827 tuum
630 4761 724 4849 Regi
749 4761 803 4839 da,
833 4770 867 4828 et
894 4764 1066 4830 iuste'ttizm
1096 4768 1191 4830 tatum
1212 4764 1298 4850 filie
1326 4762 1432 4851 Regis
1452 4766 1506 4847 (7).

258 4953 296 5013 (1)
315 4951 415 5004 Pselm,
435 4960 478 5013 39,
497 4967 521 5003 n.
542 4950 567 5003 8.
588 4979 619 4988 -
639 4952 676 5014 (2)
696 4952 769 5011 Isar‘„
792 4963 832 5018 15,
851 4970 876 5005 n.
898 4965 921 5007 1.
941 4980 974 4990 -
993 4954 1033 5021 (3)
1052 4955 1126 5014 lsai„
1145 4963 1187 5018 45,
1206 4969 1233 5005 n.
1252 4965 1278 5015 9.
1304 4980 1328 4989 ·
1351 4951 1391 5019 (4)
1405 4952 1507 5008 Gener„

167 5051 212 5102 49,
232 5056 258 5091 n.
281 5052 321 5101 14.
340 5067 376 5077 -
394 5040 433 5104 (5)
454 5052 468 5087 2
488 5042 564 5106 Reg„
585 5047 608 5099 7,
628 5055 652 5088 n.
676 5051 708 5101 14
727 5052 753 5091 et
775 5054 784 5089 1
808 5045 939 5106 paralip„
960 5055 1002 5099 22,
1022 5059 1047 5095 n,
1070 5056 1109 5092 10.
1128 5071 1152 5079 -
1180 5039 1221 5109 (6)
1242 5044 1342 5100 Gener,
1363 5053 1405 5107 49,
1423 5055 1448 5091 n.
1467 5052 1507 5091 10.

171 5158 203 5167 -
224 5128 267 5195 (7)
288 5131 385 5180 Psalm.
408 5139 449 5188 71,
468 5145 493 5180 n.
516 5142 526 5176 1

248 5252 276 5295 C.
290 5251 399 5293 urcem.
415 5252 470 5292 Rer.
490 5252 558 5294 Astu.
571 5253 664 5305 διῆγέ.
678 5265 725 5294 occ.
740 5254 806 5296 r'ned.
830 5277 844 5283 -
860 5253 928 5297 VIII.
1403 5264 1428 5305 32
