4058 6178
530 598 588 658 182
864 604 1136 655 EXPEDITIONIS
1159 603 1420 655 AETHIOPICAE
1443 604 1525 655 ETC.

526 754 590 818 cha
617 755 892 825 concionabatur,
923 754 1081 836 quamvis
1110 752 1296 833 aliquando
1321 763 1356 815 et
1385 763 1503 834 patres
1532 752 1858 815 intermiscerentur.

524 869 749 934 Gratissimae
771 881 850 933 sunt
874 869 1058 933 curialibus
1080 870 1218 932 divinae
1248 870 1396 951 paginae
1426 869 1660 951 allegationes,
1685 879 1719 931 et
1743 869 1859 950 plures

522 996 769 1069 'congerentem
785 997 819 1048 et
835 986 1046 1048 admirantur
1059 996 1094 1048 et
1110 985 1253 1048 credunt
1269 985 1468 1048 doctiorem.
1483 983 1658 1066 Poplitum
1672 984 1706 1046 in
1729 984 1859 1046 orando

525 1101 710 1165 flexionem
734 1104 769 1163 in
792 1101 965 1164 Lusitanis
989 1102 1204 1183 nescioquis
1227 1101 1413 1181 aliquando
1435 1102 1587 1172 taxavit;
1611 1109 1646 1162 et
1669 1101 1756 1162 alius
1782 1119 1859 1161 aras

527 1220 707 1300 portatiles
729 1236 805 1280 esse
828 1218 952 1280 debere
975 1217 1111 1298 ligneas
1134 1215 1269 1289 effutiit,
1291 1236 1367 1279 cum
1384 1217 1609 1289 talesessent‚
1626 1216 1764 1298 quaein
1779 1234 1859 1277 arca

525 1334 723 1398 testamenti
746 1333 1001 1396 claudebantur.
1025 1331 1215 1413 Utramque
1238 1350 1310 1395 rem
1333 1329 1454 1394 salsam
1478 1350 1553 1394 esse
1575 1342 1610 1394 et
1627 1332 1776 1412 ineptam
1793 1329 1858 1392 Pa·

526 1450 675 1513 triarcha
697 1449 814 1512 multis
836 1468 1010 1512 sacrarum
1035 1449 1225 1511 litterarum
1248 1448 1454 1510 testimoniis
1484 1448 1654 1529 probavit.
1686 1446 1781 1529 Quae
1803 1466 1859 1509 res

527 1577 564 1629 ut
599 1567 699 1629 nobis
728 1566 894 1637 triuiales,
928 1567 977 1627 sic
1012 1566 1082 1627 illis
1113 1566 1209 1627 visae
1240 1564 1414 1626 mirabiles
1445 1575 1479 1625 et
1502 1565 1546 1626 ad
1573 1564 1769 1646 prodigium
1799 1564 1859 1624 ab·

527 1692 668 1745 Stl'llsae.

216 1807 405 1888 Romanarum
414 1818 501 1866 syno-
616 1800 647 1861 d.
671 1796 819 1859 Multum
841 1806 976 1879 tempus
999 1798 1034 1857 in
1057 1797 1179 1858 castris
1202 1796 1423 1858 salutantium
1447 1793 1569 1867 officia,
1600 1795 1799 1856 clericorum
1823 1804 1859 1854 et

179 1876 280 1998 effi
297 1876 500 1998 {iffifflsp
527 1915 819 1977 matrimoniorum
851 1914 931 1976 lites
960 1911 1193 1983 conterebant,
1225 1911 1369 1974 multum
1401 1931 1536 1993 quoque
1566 1910 1768 1991 Imperatori
1798 1911 1857 1972 tri·

526 2030 715 2099 buendum;
740 2031 870 2112 gratior
892 2030 936 2092 ad
959 2028 1101 2110 Depsan
1124 2030 1230 2112 quies,
1254 2030 1334 2091 licet
1357 2038 1522 2110 perpetua
1537 2027 1585 2088 ibi
1601 2036 1693 2090 esset
1707 2026 1857 2088 omnium

525 2145 682 2207 ordinum
706 2147 749 2208 ad
772 2165 833 2208 sua
856 2147 996 2227 negotia
1019 2144 1237 2226 expedienda
1260 2145 1488 2206 conversatio
1508 2141 1608 2224 Quod
1625 2142 1787 2223 temporis
1802 2161 1858 2204 su·

525 2272 670 2341 parerat,
693 2262 871 2343 scriptioni
894 2261 1081 2324 dicabatur.
1107 2259 1147 2322 Id
1171 2262 1262 2323 enim
1284 2279 1428 2342 pensum
1457 2269 1572 2342 patres
1598 2269 1632 2321 et
1660 2257 1858 2320 Patriarcha

525 2378 613 2443 inter
636 2397 673 2440 se
696 2378 812 2459 partiti
847 2374 991 2449 fuerant,
1015 2387 1052 2440 ut
1076 2378 1144 2439 alia
1167 2395 1273 2458 opera
1295 2377 1360 2457 ipsi
1392 2372 1561 2458 fingerent
1592 2384 1627 2437 et
1657 2374 1856 2442 lamberent,

525 2491 724 2557 Patriarcha
754 2493 965 2574 synodorum
988 2493 1111 2555 silvam
1146 2501 1355 2573 expurgaret
1388 2502 1422 2552 et
1453 2489 1698 2553 catechismum
1730 2488 1856 2549 aethio-

525 2609 648 2687 picum,
672 2626 744 2670 rem
768 2609 920 2670 omnium
945 2610 1095 2670 maxime
1115 2609 1353 2680 necessariam,
1370 2608 1598 2669 concinnaret.
1615 2603 1775 2686 Synodos
1789 2604 1856 2684 pri·

526 2742 617 2785 mum
641 2742 824 2806 aggressus
847 2736 909 2796 est,
934 2744 1059 2806 easque
1082 2743 1158 2786 cum
1183 2724 1273 2786 notis
1289 2724 1332 2785 ad
1348 2734 1483 2786 sextam
1506 2721 1703 2805 generalem
1726 2730 1856 2782 tantum

525 2840 696 2920 provexit,
719 2840 799 2921 quia
821 2842 995 2921 praecipui
1022 2840 1275 2903 Abassinorum
1303 2858 1435 2902 errores
1465 2840 1556 2901 circa
1586 2837 1726 2900 Domini
1749 2837 1856 2897 incar·

526 2953 697 3017 nationem
721 2967 929 3038 grassantur,
952 2976 1095 3038 quorum
1121 2954 1192 3019 fere
1216 2956 1301 3018 nihil
1324 2952 1551 3037 pos*teriores
1574 2954 1709 3036 synodi,
1729 2971 1766 3016 re
1788 2954 1856 3013 iarn
1885 2961 1907 3012 t.
1931 2959 1970 3008 aa

525 3070 708 3141 debellata,
733 3073 926 3134 meminere.
951 3071 1022 3134 Eas
1044 3090 1128 3134 vero
1151 3092 1184 3153 p.
1209 3071 1385 3134 Antonius
1408 3070 1629 3141 Femandius,
1653 3070 1777 3131 comite
1803 3088 1856 3129 as·

526 3196 663 3267 sumpto
685 3184 881 3268 Epiphanio
904 3188 1116 3269 presbytero,
1142 3187 1409 3269 aethiopicorum
1433 3187 1596 3248 librorum
1624 3186 1709 3247 satis
1735 3184 1856 3265 perito,

525 3302 559 3362 in
584 3302 712 3363 idioma
735 3303 1005 3365 ecclesiasticum
1030 3304 1209 3373 convertit,
1232 3322 1340 3385 usque
1367 3305 1410 3365 ad
1446 3302 1628 3364 concilium
1656 3299 1855 3369 Nicaenum

526 3436 604 3478 nam
628 3417 822 3480 ulteriorem
845 3420 1036 3480 versionem
1060 3420 1239 3481 imminens
1262 3418 1455 3499 persecutio
1477 3418 1623 3498 abrupit.

215 3541 500 3591 etueehismune·
616 3550 645 3610 7.
670 3529 904 3596 Catechismus
927 3535 962 3595 in
986 3534 1166 3596 duodecim
1188 3534 1296 3597 libros
1319 3535 1483 3616 digestus,
1508 3552 1571 3595 nec
1594 3542 1727 3595 tantum
1743 3530 1857 3593 Abas·

179 3611 330 3676 ‘mmm‘
526 3648 687 3719 sinotum,
711 3650 772 3711 sed
795 3651 946 3711 omnium
969 3650 1219 3712 haereticorum
1244 3649 1470 3729 orientalium,
1494 3649 1554 3729 qui
1577 3649 1687 3711 instar
1706 3648 1856 3728 vulpium

526 3762 702 3826 Samsonis
726 3763 896 3845 implexas
918 3765 1045 3828 habent
1068 3784 1204 3827 suorum
1221 3784 1371 3828 errorum
1387 3765 1513 3827 caudas
1540 3765 1583 3827 ad
1611 3765 1775 3844 quintum,
1798 3762 1856 3824 ubi

525 3899 643 3942 omnes
667 3880 709 3941 de
732 3878 857 3949 Christi
881 3882 1114 3944 incarnatione
1137 3882 1353 3962 quaestiones
1376 3880 1466 3961 apud
1490 3898 1550 3942 eos
1574 3879 1696 3941 maiori
1719 3890 1856 3941 conten·

524 3998 628 4069 tione,
652 4015 754 4076 quam
777 3997 920 4058 scientia
950 3997 1100 4079 agitatae
1131 3998 1375 4069 dissolvuntur,
1407 3998 1451 4059 ab
1482 3996 1556 4077 ipso
1587 3994 1798 4065 Patriarcha‚
1822 4006 1855 4057 et

524 4132 556 4193 p.
581 4111 737 4174 Antonio
759 4112 954 4184 translatae,
978 4111 1112 4175 Theseo
1142 4114 1186 4175 ad
1217 4114 1347 4175 nodosa
1377 4113 1517 4194 linguae
1544 4098 1775 4193 Aethiopicae
1797 4109 1856 4174 fila

524 4227 730 4308 explicanda
764 4228 819 4288 vel
850 4226 965 4290 Iethro
994 4229 1039 4289 ad
1074 4227 1230 4291 difficiles
1260 4229 1337 4290 viae
1368 4225 1543 4291 anfractus
1572 4228 1856 4289 demonstrandos

524 4343 634 4404 electo
657 4343 754 4424 regio
781 4354 938 4405 senatore
969 4341 1059 4406 Olda
1083 4340 1237 4406 Christds
1260 4363 1307 4406 ex
1329 4340 1462 4405 familia
1485 4342 1561 4405 Ras
1584 4340 1668 4405 Selia
1693 4340 1854 4409 Chn'stds,

523 4459 581 4539 qui
605 4459 671 4519 iam
696 4459 731 4519 in
755 4458 851 4520 libris
874 4457 952 4520 aliis
974 4460 1150 4521 vertendis
1174 4477 1250 4520 cum
1273 4479 1305 4540 p.
1331 4458 1514 4521 Francisco
1536 4458 1694 4520 Antonio
1716 4459 1760 4519 ab
1781 4456 1856 4519 An·

524 4574 612 4655 gelis
635 4575 810 4655 egregiam
833 4590 972 4654 operam
996 4586 1191 4637 navaverat.
1215 4573 1320 4637 Cuius
1345 4584 1443 4637 tanta
1473 4583 1546 4637 erat
1572 4575 1710 4655 capacis
1731 4574 1856 4634 mentis

525 4689 676 4758 vastitas,
700 4698 737 4751 ut
761 4707 1011 4770 quamcumque
1026 4690 1258 4773 theologicam
1276 4691 1521 4772 quaestionem,
1546 4690 1627 4752 licet
1655 4686 1855 4752 difficillima

524 4814 625 4875 esset,
649 4805 715 4866 sibi
739 4806 781 4866 de
804 4806 992 4885 improviso
1016 4807 1236 4887 explicatam,
1261 4826 1328 4869 non
1352 4826 1460 4879 secus,
1484 4824 1586 4887 quam
1602 4805 1750 4867 eximius
1765 4805 1854 4885 apud

524 4938 586 4980 nos
601 4918 799 5001 theologiae
815 4921 1017 4983 candidatus
1032 4921 1184 5002 aquilina
1198 4924 1460 5003 perspicacitate
1475 4930 1681 5004 penetraret,
1704 4930 1738 4983 et
1753 4937 1854 4981 aurea

525 5036 607 5116 styli
630 5037 874 5116 perspicuitate
897 5023 1112 5117 explanaret.
1136 5036 1236 5117 Quod
1260 5056 1345 5119 opus
1368 5057 1445 5100 cum
1468 5036 1528 5100 ille
1556 5037 1641 5100 hero
1670 5055 1733 5100 suo
1761 5035 1853 5097 domi

526 5149 745 5213 Patriarchae
768 5151 988 5214 delibandum
1012 5153 1203 5224 obtulisset,
1227 5172 1304 5216 cum
1329 5153 1411 5215 illac
1441 5154 1477 5215 in
1508 5150 1690 5217 Goiamam
1719 5153 1781 5214 iter
1802 5150 1853 5212 di-
