4124 6182
742 2210 928 2285 CAPUT
960 2212 1008 2284 X.

347 2506 568 2579 Romanae
593 2503 689 2578 fidei
715 2505 788 2579 sub
815 2504 960 2581 Seltan
986 2505 1175 2601 Seguedo
1203 2504 1399 2599 auspicia.

298 2899 326 2941 1.
351 2874 532 2940 Celebrata
554 2896 616 2959 per
638 2877 787 2939 triduum
811 2876 845 2939 in
869 2876 1065 2940 certaminis
1088 2877 1165 2939 loco
1188 2875 1343 2948 victoria,
1367 2885 1403 2939 et
1424 2877 1545 2958 spoliis
1606 2884 1893 2948 1mpemondoam-

203 2996 239 3058 in
262 2994 394 3057 laboris
417 3003 452 3057 et
473 2994 702 3075 periculorum
725 2992 838 3056 socios
861 2991 1062 3074 dispertitis
1088 2993 1204 3074 ibique
1238 3012 1339 3054 caeso
1361 2991 1544 3055 Mahardin
1571 2957 1654 3091 ffi‘
1672 2964 1763 3006 “⁸²³⁸
1783 2969 1814 3005 ⁸⁸
1832 2957 1892 3006 ⁰⁰¹⁸

203 3110 465 3173 mahometanae
488 3109 699 3192 propaginis,
722 3109 781 3190 qui
803 3108 936 3171 hastam
961 3109 996 3170 in
1015 3107 1146 3190 praelio
1160 3108 1328 3190 patruelis
1344 3107 1397 3170 sui
1417 3108 1545 3171 Zaden·

203 3228 311 3310 guilis
333 3226 500 3308 sanguine
523 3232 771 3297 cruentaverat,
795 3226 831 3287 in
853 3225 979 3287 stativa
1001 3223 1117 3288 Malae
1140 3221 1293 3308 Seguedi
1315 3225 1351 3287 in
1367 3224 1544 3288 Dambaea

203 3344 249 3405 ad
272 3340 406 3424 Cogam
429 3350 542 3403 castra
564 3340 709 3424 gradum
732 3337 815 3403 fecit
837 3340 1046 3422 Imperator;
1071 3342 1130 3404 ubi
1153 3360 1221 3404 non
1245 3341 1355 3403 multo
1378 3350 1457 3424 post
1483 3362 1544 3405 ex·

203 3459 333 3520 tinctae
357 3455 504 3519 Mariam
528 3453 613 3519 Sinai
635 3455 788 3519 eiusdem
811 3455 924 3530 uxori,
947 3477 1049 3538 quarn
1072 3457 1224 3539 parentis
1247 3455 1370 3520 affectu
1398 3457 1544 3529 colebat,

204 3573 293 3636 miro
315 3591 418 3636 sensu
441 3573 645 3654 parentavit.
672 3571 831 3634 Aberant
853 3573 954 3636 unius
977 3573 1047 3635 diei
1073 3574 1195 3636 itinere
1225 3583 1340 3655 patres
1369 3572 1544 3637 Antonius
1607 3579 1671 3629 ouo
1694 3589 1788 3642 pane·
1814 3577 1892 3629 beni·

204 3687 420 3751 Fernandius
442 3697 477 3750 et
499 3686 704 3750 Laurentius
726 3686 918 3760 Romanus,
933 3687 992 3771 qui
1008 3708 1046 3751 se
1062 3690 1106 3752 ad
1121 3708 1198 3752 eum
1214 3688 1442 3761 salutandum,
1463 3690 1544 3752 data
1571 3663 1627 3770 {2⁰
1645 3651 1680 3700 “b
1701 3665 1735 3700 ⁸⁰
1748 3648 1890 3713 excipiun-

204 3803 398 3875 occasione,
421 3803 649 3867 coniecerunt.
673 3801 762 3884 Ipsis
786 3821 868 3865 vero
891 3804 961 3877 ille,
984 3823 1087 3886 quam
1107 3804 1257 3887 benigne
1272 3815 1308 3868 et
1331 3803 1544 3868 familialiter

205 3920 367 4000 acceptis,
390 3918 541 4001 quinque
564 3919 671 3981 boves
694 3919 848 4001 adipales
870 3920 915 3982 ad
939 3920 1120 4001 prandium
1136 3921 1234 3984 iussit
1257 3920 1416 3983 exhiberi
1431 3930 1466 3984 et
1488 3942 1543 3984 ae·

206 4054 389 4098 conomum
412 4055 473 4098 sua
496 4036 586 4097 inter
607 4033 738 4097 fercula
761 4036 897 4118 rogavit
920 4055 1000 4098 num
1031 4036 1114 4098 vino
1144 4036 1283 4099 eosdem
1315 4037 1543 4107 instruxisset,

205 4158 241 4212 et
264 4170 343 4213 cum
367 4151 397 4213 is
420 4159 591 4231 negasset,
615 4169 704 4222 eum,
729 4150 944 4233 inquit,'illis
974 4151 1169 4233 prolaturus
1199 4171 1284 4225 eras,
1315 4152 1422 4215 satius
1452 4152 1542 4214 enim

93 4312 100 4326 .
156 4318 163 4330 .
206 4277 257 4329 est
279 4285 370 4346 aqua
393 4285 448 4328 me
470 4266 563 4328 sitim
595 4266 807 4349 restinguere
839 4285 941 4346 quam
964 4276 1078 4330 tantos
1101 4268 1195 4329 viros
1223 4264 1336 4330 *domi
1362 4287 1459 4330 meae
1483 4270 1542 4330 ab·

205 4383 347 4445 stemios
370 4379 573 4465 frigescere:
598 4381 679 4444 illos
701 4401 785 4465 ergo
817 4382 903 4445 meis
934 4384 1109 4465 amphoris
1139 4383 1358 4466 participato.
1389 4383 1544 4447 Eosdem

205 4507 324 4578 postea
339 4498 561 4568 commonuit,
584 4506 621 4559 ut
636 4498 881 4578 perspicerent,
897 4496 974 4578 quis
991 4499 1087 4561 locus
1102 4518 1217 4562 eorum
1233 4498 1438 4563 habitationi
1450 4518 1542 4561 com·

206 4613 328 4676 modus
362 4612 547 4684 videretur,
581 4621 615 4674 et
649 4631 726 4674 cum
750 4610 944 4696 Gorgorrae
977 4615 1065 4677 situs
1095 4616 1146 4676 ab·
1169 4602 1299 4677 eisdem
1331 4617 1542 4697 probaretur,

207 4728 363 4790 eamdem
394 4728 481 4809 ipsis
512 4727 616 4809 paulo
646 4737 725 4809 post
758 4728 792 4792 in
823 4729 1016 4801 stationem,
1041 4730 1272 4792 castrensibus
1295 4731 1476 4801 iudicibus,
1501 4730 1544 4793 de

207 4862 299 4905 more
326 4842 453 4926 gentis,
477 4840 602 4906 fundos
624 4844 848 4908 lustrantibus
877 4855 912 4908 et
937 4846 1031 4908 tubis
1061 4846 1336 4926 pertrepentibus
1367 4846 1544 4927 caesisque

206 4958 318 5042 capris
341 4969 377 5022 et
400 4977 518 5027 earum
549 4958 729 5040 capitibus,
754 4960 852 5041 quasi
876 4960 1053 5033 limitibus,
1077 4962 1142 5023 sub
1164 4970 1257 5023 terra
1278 4960 1465 5033 tumulatis,
1489 4981 1542 5023 as-

206 5074 369 5158 signavit.
