4124 6182
666 546 784 595 Lines
807 547 831 605 1,
855 545 980 595 cneus
1004 546 1059 595 1x.
1485 537 1526 609 89
1742 572 1756 600 ι

194 711 264 754 rum
295 694 569 776 supplementum
601 692 823 756 mitterentur.
859 692 1038 756 Dictorum
1071 694 1252 756 veritatem
1287 695 1403 758 exitus
1434 715 1526 757 com·

193 810 359 890 probavit.
395 808 485 873 Nam
520 829 610 872 anno
649 806 729 889 1507
763 818 860 890 pater
883 808 1054 872 Melchior
1080 807 1211 873 Silvius
1242 830 1287 873 ex
1318 810 1411 874 claro
1442 811 1526 874 Bra·

98 971 104 982 .
151 970 157 982 .
193 924 371 989 chmanum
403 925 594 989 indicorum
624 923 770 1008 gene*re
802 926 846 989 ab
877 924 1009 988 Alexio
1037 924 1193 988 Menesio
1220 925 1340 988 Indiae
1369 926 1526 1008 primate,

193 1041 224 1102 in
247 1041 471 1124 Aethiopiam
502 1043 673 1113 dimissus,
706 1041 839 1123 integre
869 1042 1052 1104 ecclesiam
1083 1041 1179 1105 illam
1207 1042 1458 1106 administravit
1481 1044 1526 1106 ad

191 1176 313 1220 annum
341 1160 437 1231 1602,
459 1178 528 1241 quo
552 1158 634 1220 illuc
664 1167 717 1221 est
744 1157 878 1221 delatus
909 1168 1006 1239 pater
1028 1156 1149 1222 Petrus
1180 1157 1324 1221 Paezius
1355 1160 1526 1222 toletanus
1587 1161 1667 1212 Varii
1679 1173 1773 1226 patres
1781 1177 1815 1212 0¹
1826 1164 1874 1214 tn-

191 1295 211 1336 a
230 1274 419 1338 Turcarurn
442 1275 607 1339 servitute
629 1275 841 1347 vendicetur,
869 1294 932 1338 nec
955 1285 1070 1338 tamen
1097 1295 1119 1338 a
1148 1274 1253 1357 priori
1276 1275 1445 1338 sententia
1468 1277 1525 1338 de·
1552 1231 1787 1355 fflobffmum‘
1822 1236 1874 1284 sub

191 1391 294 1455 iectus
320 1400 357 1454 et
391 1399 469 1473 post
499 1391 585 1454 duos
619 1410 728 1454 annos
762 1400 861 1472 pater
894 1390 1091 1454 Ludovicus
1125 1390 1324 1453 Azebedius
1348 1390 1525 1464 lusitanus,

190 1504 454 1588 aquillaviensis,
488 1517 522 1570 et
556 1504 760 1570 Franciscus
795 1506 971 1570 Antonius
1006 1507 1051 1569 ab
1089 1507 1239 1590 Angelis
1278 1507 1525 1589 neapolitanus,

191 1632 223 1684 et
244 1622 403 1705 sequenti
426 1631 523 1705 pater
552 1619 726 1685 Antonius
749 1621 963 1685 Fernaudius
992 1622 1300 1704 ulyssipponensis,
1323 1630 1358 1685 et
1377 1622 1525 1686 Lauren·

189 1737 253 1800 tius
274 1747 350 1801 tam
372 1739 578 1822 cognomine
599 1757 702 1821 quam
726 1738 847 1820 patria,
872 1732 908 1802 ¹et
930 1737 1035 1801 animi
1060 1738 1215 1802 celsitate
1235 1758 1404 1802 romanus.
1421 1735 1526 1819 Quies

189 1852 265 1917 inde
287 1852 357 1918 fuit
379 1854 648 1938 delegandorum
679 1863 813 1937 patrum
839 1856 885 1918 ad
915 1874 1039 1917 annum
1069 1854 1288 1918 millesimum
1319 1856 1527 1918 sexcentesi-

188 1988 274 2033 mum
295 1971 471 2035 decimum
486 1979 656 2041 octavum,
672 1990 741 2052 quo
756 1971 946 2034 missisunt
962 1980 1060 2052 pater
1078 1970 1231 2034 Didacus
1245 1991 1265 2033 a
1282 1969 1397 2034 Matos
1412 1973 1525 2053 (quem

187 2085 340 2150 dicemus
354 2084 559 2171 Matensem)
575 2086 857 2150 conimbricensis
880 2096 914 2149 et
936 2085 1111 2149 Antonius
1137 2086 1243 2149 Bruni
1266 2086 1403 2150 siculus.
1419 2085 1525 2149 Anno
1588 2088 1659 2139 Alii
1685 2089 1802 2138 subinde
1821 2092 1873 2139 sub

191 2205 268 2265 1622
297 2212 396 2284 pater
417 2201 623 2265 Emmanuel
642 2201 801 2265 Lameira
819 2202 986 2265 lusitanus
1002 2204 1046 2265 ab
1062 2199 1259 2274 Stremoti0,
1275 2201 1426 2265 Thomas
1443 2202 1524 2264 Bar·
1552 2161 1648 2211 &lm
1660 2161 1800 2222 seguedo.

187 2328 275 2381 retus
312 2318 498 2391 eborensis,
531 2326 565 2380 et
596 2317 815 2400 Hyacinthus
846 2317 1021 2381 Francisci
1050 2316 1260 2384 florentinus.
1296 2317 1402 2380 Anno
1440 2321 1522 2396 1623

185 2444 280 2515 pater
306 2432 509 2496 Emmanuel
533 2434 697 2496 Almeida
726 2434 874 2497 visensis
904 2435 947 2497 ad
978 2435 1218 2515 imperatorem
1246 2433 1366 2498 Seltan
1396 2431 1524 2515 Segne·

186 2551 264 2612 dum
303 2551 484 2613 reverendi
514 2550 623 2632 patris
654 2548 756 2612 Mutii
786 2548 993 2614 Vitelleschi
1019 2547 1204 2613 Societatis
1230 2549 1308 2613 Iesu
1338 2549 1523 2633 praepositi

185 2665 358 2747 generalis
396 2665 533 2747 legatus
563 2675 597 2728 et
628 2663 808 2729 Sociorum
837 2666 1007 2739 visitator,
1045 2664 1249 2729 Emmanuel
1280 2664 1465 2728 Barradius
1504 2686 1524 2727 a

184 2780 307 2845 Monte
331 2778 423 2853 forti,
448 2779 644 2844 Ludovicus
667 2779 831 2844 Carderia
852 2783 1020 2864 pacensis,
1045 2792 1079 2845 et
1101 2780 1235 2863 Gaspar
1259 2782 1400 2845 Paesius
1423 2800 1445 2842 a
1462 2778 1523 2842 Co·

184 2897 340 2959 villanio

278 3031 328 3091 15.
353 3011 469 3075 Malae
492 3009 643 3096 Seguedi
666 3033 755 3076 anno
783 3016 865 3093 1596
889 3014 1033 3076 extincti
1050 3033 1191 3096 regnum
1209 3014 1314 3076 notho
1330 3012 1436 3095 ipsius
1451 3011 1523 3075 filio
1587 3019 1744 3080 Regnum
1781 3033 1872 3070 sum·

184 3126 313 3191 Iacobo
337 3129 382 3191 ab
405 3128 448 3191 iis
470 3129 632 3201 delatum,
657 3130 716 3210 qui
739 3138 848 3192 totam
870 3126 942 3192 fere
965 3129 1202 3192 auctoritatem
1233 3141 1267 3192 et
1294 3129 1523 3191 emolumenta
1550 3091 1872 3224 ffsfffdleoeffieffiffi

183 3244 251 3306 sibi
275 3254 486 3327 arrogantes,
511 3245 623 3308 eidem
647 3246 773 3307 nudum
801 3246 936 3327 imperii
968 3264 1091 3308 nomen
1121 3245 1347 3326 reliquerunt;
1379 3264 1523 3326 cumque
1550 3232 1719 3282 “⁸²⁰¹‘mnh

183 3360 308 3442 ipsum,
332 3361 520 3442 crepundia
550 3362 782 3443 negligentem
812 3370 848 3424 et
870 3381 975 3424 nuces
1002 3362 1227 3433 omittentem,
1252 3362 1322 3424 suis
1345 3362 1524 3423 conatibus

182 3477 312 3539 sensim
337 3477 506 3539 obsistere
530 3478 776 3558 conspicerent,
800 3496 907 3560 regno
934 3486 1074 3540 exutum
1098 3478 1132 3539 in
1165 3476 1332 3540 Naraeam
1363 3477 1523 3539 amanda·

182 3600 273 3664 runt,
298 3591 412 3655 eidem
433 3593 617 3656 substituto
640 3592 839 3677 Zadenguil,
864 3604 943 3657 nato
959 3614 1004 3657 ex
1021 3592 1170 3657 Lessena
1189 3591 1351 3665 Christos,
1368 3592 1525 3656 Adamas
1587 3596 1744 3660 assentur
1778 3612 1871 3648 roma-

182 3704 336 3790 Seguedi
351 3726 528 3790 germano,
544 3709 667 3771 maturi
683 3709 818 3771 consilii
839 3719 874 3772 et
890 3710 1052 3771 immotae
1068 3710 1279 3772 constantiae
1294 3708 1522 3780 adolescente,
1551 3669 1687 3791 {wei
1705 3684 1815 3719 summe
1827 3668 1872 3718 ’ᾗ

181 3823 240 3905 qui
265 3833 398 3905 patrem
422 3822 560 3886 Petrum
584 3824 769 3897 Paessium,
794 3844 912 3887 recens
942 3845 988 3887 ex
1018 3824 1118 3887 India
1148 3825 1339 3896 devectum,
1364 3824 1522 3906 benigne.

181 3950 215 4001 et
238 3935 428 4001 honorifice
451 3939 599 4020 excepit,
623 3940 680 4001 vel
705 3940 789 4021 ipsa,
814 3959 882 4021 qua
897 3940 1048 4010 sedebat,
1065 3939 1227 4002 cathedra
1245 3939 1313 4021 ipsi
1328 3940 1363 4001 in
1379 3956 1524 4022 sugges-

180 4064 257 4117 tum
280 4054 325 4117 ad
348 4055 550 4116 concionem
569 4054 700 4127 oblata3
723 4074 831 4135 eoque
854 4055 1080 4136 praeducente
1103 4052 1266 4116 Romano
1286 4052 1446 4117 Pontifici
1461 4073 1523 4135 per

181 4171 317 4234 litteras
339 4169 536 4251 praestandi
559 4171 716 4252 obsequii
739 4167 841 4233 fidem
871 4168 1122 4253 oppigneravit.
1155 4169 1212 4232 Illi
1244 4181 1367 4243 tamen,
1399 4170 1524 4251 quibus
1585 4177 1671 4227 mum
1698 4177 1784 4227 iidem
1812 4187 1870 4227 tur-

182 4287 248 4349 sub
271 4284 390 4348 Iacobi
414 4281 559 4348 infantia
582 4286 683 4348 dulce
706 4284 819 4349 fuerat
842 4286 946 4349 alieni
969 4286 1103 4369 imperii
1118 4305 1297 4358 venenum,
1314 4287 1445 4368 regiam
1462 4285 1522 4348 Za·
1549 4248 1871 4370 ξῖωῇῗώέῗῗξζξὲξ

183 4401 358 4485 danguilis
381 4401 533 4463 indolem
556 4410 592 4463 et
614 4402 728 4463 virilia
752 4402 903 4484 cogitata
925 4401 1070 4484 experti,
1095 4402 1269 4464 subitariis
1285 4402 1397 4482 ipsum
1413 4401 1522 4483 copiis
1549 4404 1615 4452 Μ
1633 4399 1798 4441 'mum‘-

184 4516 219 4579 in
241 4516 368 4598 hyeme
392 4526 644 4598 oppresserunt,
668 4492 874 4579 nontamen
898 4519 967 4580 oris
990 4517 1095 4579 decus
1118 4526 1151 4580 et
1175 4515 1300 4579 coloris
1329 4514 1447 4578 florem
1462 4517 1523 4579 ab·

184 4633 364 4695 stulerunt.
385 4630 476 4695 Nam
492 4650 553 4713 per
568 4633 692 4695 multos
709 4634 784 4696 dies
799 4633 893 4696 illius
906 4652 1030 4715 corpus
1046 4634 1081 4695 in
1100 4652 1184 4715 agro
1200 4632 1366 4703 vernanti,
1384 4629 1473 4694 facie
1488 4642 1522 4695 et

67 4789 73 4800 ·
126 4791 133 4810 ‚
151 4793 158 4806 .
186 4747 337 4811 caesarie
351 4743 563 4829 ¹‘composita
576 4747 774 4829 permansit,
791 4749 1015 4831 eamdemque
1038 4768 1179 4811 servans
1195 4749 1351 4830 gratiam,
1368 4747 1402 4810 in
1419 4749 1522 4810 maris

185 4861 385 4927 Dambaeae
407 4864 555 4926 insulam
579 4874 631 4927 est
654 4864 787 4927 illatum
811 4874 848 4927 ut
871 4866 933 4927 illa
947 4862 1043 4935 fides,
1059 4883 1161 4944 quam
1178 4866 1292 4927 animo
1308 4874 1521 4945 conceperat,

186 4979 319 5062 corpori
343 4978 469 5042 vitales
490 4998 612 5043 succos
634 4978 788 5043 sufficere
811 4988 995 5062 putaretur.
1020 4979 1184 5042 Iacobum
1208 4979 1302 5042 illico
1328 4978 1522 5061 perduelles
1585 4985 1718 5038 Sociale·
1729 4988 1817 5037 iidem
1827 5002 1870 5037 re-

186 5115 231 5158 ex
253 5095 391 5160 Naraea
414 5107 617 5169 evocarunt;
640 5098 702 5160 sed
726 5117 803 5160 cum
825 5097 925 5160 tarda
947 5096 1058 5180 ipsum
1083 5098 1260 5159 molimina
1282 5106 1316 5160 et
1338 5097 1416 5159 viae
1434 5094 1522 5159 diffi-
1549 5071 1637 5120 gnum
1656 5058 1826 5109 ‘'buum‘'

263 5236 290 5279 C.
306 5236 416 5278 Baccm.
432 5235 489 5276 Rer.
502 5236 570 5277 Actu.
585 5236 677 5288 serapt.
692 5249 737 5278 occ.
753 5237 820 5279 r'ned.
834 5259 861 5269 -
874 5234 941 5277 VllI.
1416 5247 1440 5276 ra
