4058 6178
602 596 719 646 LIBER
743 599 780 654 11,
804 598 929 647 CAPUT
953 600 1006 647 IX.
1407 604 1466 663 217

137 759 305 804 summam
330 743 471 805 maioris
493 744 711 807 aeconomiae
734 742 995 825 praefecturam,
1021 764 1108 826 quae
1130 747 1290 827 proxima
1313 759 1364 810 est
1382 747 1469 820 Ras,

137 858 208 917 sive
232 858 370 938 capitis,
393 857 564 940 dignitati,
588 878 693 939 proco
716 861 889 932 detulisse,
912 861 1150 943 desperatione
1173 863 1335 943 (cuinihil
1353 874 1404 925 est
1420 866 1470 925 in·

137 972 240 1054 vium)
265 974 440 1054 abreptus,
463 975 507 1036 ad
530 975 764 1038 rebellandum
788 996 825 1038 se
848 977 1000 1057 proiecit.

223 1110 255 1165 4.
280 1087 427 1171 Proregi
450 1090 592 1153 aderant
622 1091 710 1153 duae
740 1089 834 1154 faces
863 1093 1062 1156 rebellionis
1085 1094 1325 1175 instigatriees,
1353 1093 1469 1158 Gabra
1532 1104 1814 1188 netellamqulnqua

137 1202 283 1267 Mariam
307 1205 450 1268 sirensis
472 1217 505 1268 et
521 1205 667 1270 Ioannes
688 1207 791 1290 Acay
813 1208 1046 1281 debaroensis,
1070 1211 1170 1272 ambo
1196 1223 1315 1274 natura
1331 1208 1467 1299 factiosi
1495 1185 1586 1238 patre·
1613 1178 1739 1227 ΜΝ
1765 1192 1813 1228 ω’

136 1330 169 1382 et
191 1320 372 1385 clientium
396 1341 435 1384 ac
452 1323 718 1405 propinquorum
735 1343 875 1387 numero
891 1323 1115 1406 praeferoces.
1138 1323 1195 1387 Illi
1219 1326 1366 1388 cumbis
1388 1346 1467 1388 con-

136 1447 288 1507 venerat,
314 1447 351 1500 ut
374 1439 523 1501 secessio
545 1458 606 1520 per
627 1439 774 1502 hiemem
797 1451 983 1513 ornaretur,
1007 1452 1041 1504 et
1065 1443 1126 1503 illa
1141 1452 1274 1512 exacta,
1298 1461 1366 1521 qua
1388 1443 1469 1504 data

137 1554 329 1624 occasione,
353 1554 629 1636 pervulgaretur;
654 1556 725 1625 sed,
750 1552 865 1617 Gabra
887 1555 1034 1619 Mariam
1057 1559 1092 1619 in
1115 1557 1228 1619 medio
1253 1557 1345 1619 illius
1369 1576 1467 1619 cursu

137 1668 353 1751 aegritudine
368 1670 533 1741 extincto
550 1667 723 1733 funiculus
737 1671 865 1752 triplex
881 1673 1036 1734 redditus
1061 1682 1114 1734 est
1138 1669 1310 1734 infirmior.
1335 1670 1467 1754 Oppor-

137 1794 237 1847 tunus
262 1794 379 1847 tamen
407 1786 545 1868 proregi
572 1786 708 1849 oblatus
734 1797 787 1850 est
812 1788 976 1875 articulus
1002 1809 1082 1850 suae
1112 1787 1329 1851 destinationi
1359 1799 1466 1850 matu-

137 1901 273 1962 randae.
298 1898 358 1962 Ad
383 1920 459 1963 eum
483 1903 620 1982 scripsit
643 1900 834 1983 Imperator
856 1913 893 1964 ut
919 1902 1061 1965 Mazuae
1085 1923 1188 1985 quam
1211 1903 1406 1985 proximum
1430 1924 1467 1966 se

137 2013 277 2088 faceret,
290 2025 325 2078 et
336 2025 481 2097 patrum,
492 2017 552 2098 qui
568 2036 587 2078 a
603 2016 724 2079 Turcis
741 2017 774 2080 in
791 2037 832 2080 ea
847 2020 891 2080 ad
903 2029 1049 2100 quatuor
1066 2039 1200 2082 menses
1216 2020 1467 2089 detinebantur,

136 2133 269 2194 exitum
295 2143 441 2215 urgeret.
458 2130 521 2195 Cui
544 2134 589 2195 ad
604 2152 719 2196 aurem
736 2131 881 2196 loannes
897 2135 1086 2216 inspiravit,
1104 2136 1319 2197 commodum
1344 2136 1379 2197 id
1394 2132 1466 2196 fore

136 2250 177 2309 ad
202 2258 375 2310 conuenta
398 2248 605 2321 inchoanda;
629 2268 730 2329 posse
758 2250 849 2312 enim
865 2261 1000 2330 patrum
1016 2262 1050 2312 et
1069 2250 1310 2313 Lusitanorum
1330 2252 1466 2331 suppel-

1495 1256 1586 1297 natur.

136 2365 300 2435 lectilem‚
324 2365 425 2444 stipis
448 2366 492 2426 ad
521 2384 581 2427 eos
613 2366 809 2428 vestiendos
842 2363 1010 2428 Catholici
1036 2365 1147 2448 Regis
1170 2367 1351 2448 largitione
1375 2384 1466 2427 com-

135 2492 304 2561 paratam,
344 2479 507 2560 expilare,
538 2492 572 2542 et
602 2500 697 2542 suam
729 2481 949 2543 rebellionem
981 2482 1117 2543 illorum
1155 2481 1303 2562 quinque
1333 2491 1466 2562 patrum

135 2597 306 2677 sanguiue
330 2596 499 2658 dedicare.
523 2595 684 2677 Prompte
707 2597 811 2678 igitur
826 2598 958 2658 leonem
976 2598 1021 2659 ab
1044 2596 1253 2677 Imperatore
1276 2597 1417 2659 missum
1434 2608 1467 2658 ot

135 2712 204 2773 alia
228 2730 422 2781 vaccarum,
439 2709 610 2783 frumenti,
626 2712 742 2794 butyri
766 2732 805 2774 ac
829 2712 942 2774 mellis
964 2715 1054 2774 dona
1070 2714 1113 2774 ad
1129 2712 1257 2774 Tureas
1280 2711 1465 2794 expedivit,

134 2828 262 2907 quibus
285 2827 463 2889 obtentum
487 2836 523 2887 ut
546 2835 659 2908 patres
682 2827 820 2889 citerius
843 2828 1086 2888 emitterentur.

227 2961 257 3019 5.
295 2941 434 3004 Ioannis
463 2951 576 3004 tamen
608 2944 788 3005 consilium
820 2961 981 3024 perquam
1012 2939 1113 3004 facile
1144 2942 1238 3006 Deus
1276 2944 1465 3024 dissipauit,
1508 2951 1814 3035 'anamilliuenio-

134 3059 251 3120 missis
274 3058 319 3119 ab
342 3057 551 3138 Imperatore
581 3058 706 3120 litteris
729 3057 865 3120 Amdae
889 3057 1051 3120 Michaeli
1082 3076 1209 3141 genero
1236 3078 1307 3130 suc,
1339 3058 1465 3120 Barna·
1493 3023 1622 3158 ffiss‘m
1653 3025 1730 3073 Dm
1759 3038 1812 3074 'm'

134 3174 246 3254 gaaio,
272 3183 309 3234 ut
340 3183 456 3253 patres
486 3173 530 3234 ad
560 3171 716 3237 Mazuam
751 3175 937 3254 exciperet,
969 3193 1009 3236 ac
1039 3184 1114 3236 tuto
1145 3174 1335 3235 deduceret.
1367 3170 1466 3253 Quod

134 3290 337 3351 mandatum
362 3288 430 3359 ille,
463 3298 500 3349 ut
530 3300 705 3368 spectatus
734 3300 806 3351 erat
837 3290 1034 3361 catholicus,
1066 3288 1223 3351 alacriter
1253 3289 1402 3359 admisit,
1433 3300 1467 3352 et

132 3415 252 3467 tantas
275 3405 393 3484 copias
416 3405 459 3466 ad
476 3401 575 3465 *illos
597 3406 818 3467 associandos
833 3403 1003 3467 conflavit.
1032 3413 1068 3467 ut
1083 3423 1145 3486 par
1169 3404 1254 3466 illud
1277 3405 1467 3467 coniurato-

132 3538 211 3583 rum
236 3539 257 3581 a
280 3521 457 3600 proposito
480 3532 561 3582 tunc
584 3521 788 3599 exequendo
819 3521 1010 3582 abduxerit.
1043 3520 1118 3582 Imo
1141 3540 1266 3601 prorex
1298 3521 1466 3605 insignem

132 3636 168 3697 in
193 3646 312 3715 patres
334 3654 485 3698 amorem
501 3636 674 3706 simulans,
690 3636 834 3716 opiparo
850 3636 930 3698 illos
953 3636 1111 3698 convivio
1127 3637 1274 3717 excepit,
1291 3647 1325 3698 et
1347 3656 1468 3699 vaccas

133 3751 319 3813 duodecim
342 3750 377 3812 in
400 3750 607 3812 asseclarum
638 3752 765 3813 victum
793 3762 826 3813 et
857 3751 1003 3833 singulis
1034 3750 1078 3812 ad
1109 3752 1172 3813 iter
1195 3753 1465 3832 prosequendum

133 3866 250 3927 mulas
264 3864 418 3949 singulas
433 3867 599 3947 erogavit.
624 3863 682 3928 Sic
699 3865 791 3928 Deus
808 3868 934 3947 primas
950 3866 1029 3928 illas
1044 3865 1168 3928 Teclae
1188 3863 1382 3949 Gueorguis
1397 3885 1467 3927 mo·
1561 3912 1565 3921 .

134 3983 278 4044 litiones
301 3981 435 4044 disiecit
465 3993 498 4044 et
533 3981 655 4044 Patres
678 3980 894 4052 Fremonam,
918 3983 1061 4044 cadente
1093 3992 1249 4064 august0,
1282 3983 1468 4043 incolumes

132 4097 313 4179 perduxit.

228 4217 258 4275 ό.
284 4214 434 4275 Primam
446 4213 534 4275 hanc
548 4215 764 4276 occasionem
777 4215 945 4294 dilapsam
963 4214 1022 4275 ille
1042 4214 1172 4285 dolens,
1187 4232 1263 4275 cum
1279 4232 1395 4275 sorore
1408 4234 1469 4275 sua
1531 4220 1687 4271 mundam
1711 4218 1814 4269 similt-

135 4330 271 4397 Adaro,
288 4328 454 4409 pertinaci
469 4328 641 4391 haeretica
657 4348 733 4391 cum
758 4328 884 4391 Zaolda
901 4328 1056 4395 Mariam.
1081 4331 1172 4409 regis
1188 4327 1301 4390 Malae
1318 4325 1466 4410 Seguedi
1496 4302 1546 4342 Μ’

134 4456 274 4526 nepote.
298 4436 333 4506 et
356 4463 519 4527 germana
546 4445 652 4525 ipsius
679 4443 900 4515 Christosavi,
918 4445 1070 4525 aliisque,
1088 4445 1211 4525 quibus
1232 4445 1381 4507 maxime
1397 4463 1468 4507 cre-

135 4561 253 4631 debat,
278 4559 362 4639 quid
385 4558 521 4621 consilii
544 4561 610 4623 sibi
635 4561 838 4641 capiendum
862 4572 951 4622 esset
968 4560 1156 4630 consultat;
1180 4562 1469 4641 constitutumque

135 4677 227 4738 inter
251 4695 311 4737 eos
327 4684 364 4737 ut
379 4674 583 4737 Fremonam
600 4678 740 4756 propius
762 4677 950 4747 accederet,
975 4675 1032 4737 ubi
1056 4675 1248 4738 indubitato
1271 4698 1291 4738 a
1314 4677 1469 4757 patribus

135 4791 302 4853 visendus
335 4802 426 4853 esset
457 4802 490 4853 et
514 4791 588 4853 sine
612 4793 809 4872 cuiusquam
834 4793 971 4854 obiectu
994 4789 1158 4872 perficere
1179 4802 1297 4873 posset
1322 4793 1470 4872 suscepti

134 4907 276 4971 concilii
288 4907 539 4970 executionem.
556 4904 628 4969 Sex
644 4916 758 4988 patres
772 4906 802 4968 F
803 4927 977 4970 remonam
989 4918 1070 4970 tunc
1086 4909 1298 4971 incolebant:
1323 4907 1472 4990 quinque

134 5024 291 5105 hospites
313 5033 347 5084 et
371 5042 402 5103 p.
428 5019 561 5103 Gaspar
591 5021 732 5084 Paesius
766 5024 925 5103 antiquus
960 5023 1052 5086 illius
1086 5024 1266 5086 habitator.
1304 5022 1473 5087 Omnibus

135 5149 208 5201 erat
232 5137 349 5200 animo
372 5156 553 5219 protegam
584 5136 735 5200 officiose
759 5139 932 5211 visitandi,
964 5158 1042 5201 cum
1066 5142 1161 5203 nulla
1183 5159 1242 5200 eos
1265 5149 1472 5200 structarum

216 5277 242 5319 C,
260 5276 368 5318 necem.
384 5276 440 5317 Rer.
457 5276 524 5318 Aera.
539 5277 628 5328 Scrr‘pt.
646 5290 690 5317 occ.
707 5278 774 5317 r'md.
790 5300 812 5310 -·
822 5275 895 5317 ·v111.
1367 5278 1392 5315 28
