4066 6174
542 593 604 670 386
874 604 1146 655 EXPEDITIONIS
1173 604 1438 655 AETHIOPICAE
1462 606 1541 656 ETC.

539 752 665 818 scirent
699 771 736 816 se
770 750 932 835 deinceps
966 750 1000 816 in
1038 752 1220 818 haereticis
1254 773 1317 817 nec
1357 751 1534 817 minimam
1567 755 1778 836 placentam,
1813 774 1875 834 qua

540 864 667 931 famem
690 867 859 941 sedarent,
883 869 1090 932 inventuros.
1123 866 1220 950 Quae
1242 888 1298 934 res
1321 869 1447 933 multos
1482 888 1598 933 eorum
1622 888 1699 932 cum
1724 871 1874 952 patribus

542 981 710 1048 Ganetam
732 986 902 1066 provexit,
918 993 1116 1067 reputantes
1138 985 1251 1059 abiis,
1268 985 1298 1049 si
1314 1005 1439 1068 panem
1454 987 1590 1050 unicum
1606 985 1786 1058 haberent,
1802 1006 1873 1050 cum

542 1100 672 1164 eisdem
695 1098 932 1184 frangendum.
957 1100 1055 1165 Duos
1076 1101 1199 1175 socios,
1223 1122 1257 1184 p.
1281 1101 1478 1165 Ludovicus
1492 1101 1692 1166 Azebedius
1712 1103 1786 1166 illis
1801 1103 1874 1165 cha·

542 1214 664 1289 ritatis,
689 1218 834 1298 quaein
857 1236 900 1280 eo
930 1236 1064 1301 semper
1094 1217 1214 1291 eluxit,
1244 1219 1433 1282 visceribus
1462 1221 1611 1301 excepit.
1642 1216 1741 1300 Quae
1771 1219 1875 1281 virtus

543 1332 593 1396 slc
616 1333 651 1394 in
675 1352 716 1395 eo
738 1351 874 1417 semper
896 1334 1046 1406 emicuit,
1069 1342 1106 1396 ut
1128 1341 1269 1421 propter
1292 1335 1388 1397 illam
1412 1335 1497 1416 ipsis
1519 1335 1624 1398 etiam
1647 1333 1830 1398 haereticis
1844 1345 1875 1398 et

544 1448 652 1512 amori
675 1445 779 1511 fuerit
801 1458 836 1513 et
858 1448 1079 1513 venerationi.
1110 1445 1182 1512 Sed
1205 1448 1364 1513 diuturna
1387 1469 1455 1513 non
1481 1447 1548 1516 fuit
1570 1451 1655 1516 haec
1684 1453 1876 1534 permansio

544 1572 581 1627 ut
603 1562 777 1646 sequentis
800 1562 880 1626 libri
904 1562 1002 1627 initio
1025 1565 1222 1629 videndum.

233 1694 258 1740 n
276 1687 451 1747 nemoribus,
479 1691 518 1738 Α·
636 1698 664 1759 7.
689 1677 747 1743 Ex
770 1676 1033 1763 Gojamensibus
1056 1680 1249 1745 residentiis
1271 1681 1426 1747 Collelae
1439 1684 1562 1748 domus
1577 1685 1697 1757 electa,
1719 1685 1754 1747 in
1779 1704 1875 1766 quam

198 1759 259 1823 ⁸⁸¹⁸
277 1769 305 1809 ⁶²
321 1757 499 1811 mmm
544 1796 613 1860 iam
628 1816 666 1860 se
681 1815 727 1860 ex
743 1794 998 1880 Bagamedrino
1020 1814 1128 1881 regno
1143 1816 1178 1879 p.
1193 1796 1411 1880 Hyacinthus
1427 1798 1601 1864 Francisoi
1617 1810 1652 1864 et
1667 1820 1714 1863 ex
1728 1799 1877 1864 Adaxae

545 1911 666 1976 castris
696 1931 730 1994 p.
762 1911 937 1975 Antonius
967 1911 1104 1977 Brunus
1126 1913 1350 1997 collegerant.
1378 1915 1523 1997 Reliqui
1553 1926 1649 1980 erant
1671 1927 1800 1999 patres,
1823 1917 1877 1999 qui

544 2024 709 2092 Nefasam
732 2027 766 2092 in
790 2027 970 2112 Agaorum
986 2029 1072 2101 solo,
1096 2028 1292 2114 Ligenegus
1314 2030 1406 2093 inter
1420 2028 1647 2095 Damotenses
1664 2042 1699 2097 et
1714 2030 1877 2115 Serquam

545 2145 719 2208 curabant.
743 2143 783 2208 In
807 2143 965 2209 haecum
988 2144 1065 2209 Ras
1087 2143 1169 2208 Sela
1184 2142 1339 2210 Christos
1354 2147 1399 2210 ad
1418 2147 1527 2229 ipsius
1541 2149 1878 2231 comprehensionem

544 2261 731 2343 permansit
753 2280 786 2343 p.
811 2259 1008 2325 Ludovieus
1038 2259 1210 2334 Cardeira,
1234 2263 1412 2346 sanguinis
1430 2262 1484 2326 sui
1506 2263 1624 2327 laurea
1645 2275 1769 2347 postea
1795 2265 1877 2329 redi·

545 2379 656 2441 mitus
681 2374 741 2440 Ad
755 2375 906 2459 reliquos
921 2376 979 2439 ubi
995 2375 1215 2459 Imperatoris
1230 2386 1265 2441 et
1280 2377 1333 2441 sui
1348 2379 1536 2461 superioris
1551 2381 1669 2444 nuntia
1683 2398 1877 2462 pervenere,

545 2495 596 2557 sic
611 2491 736 2557 festine
748 2501 783 2556 et
796 2493 961 2557 laetanter
975 2503 1054 2557 sunt
1070 2494 1210 2577 egressi,
1226 2503 1263 2557 ut
1279 2496 1365 2577 ipsis
1380 2496 1485 2559 etiam
1501 2496 1682 2561 haereticis
1695 2516 1763 2559 non
1776 2514 1878 2579 parva

545 2609 781 2672 admirationis
815 2618 850 2672 et
882 2609 1022 2692 propria
1056 2607 1268 2674 fortunarum
1302 2621 1517 2695 contemptus
1546 2612 1708 2695 exempla
1738 2613 1878 2694 relique·

545 2724 622 2789 rint.
647 2725 736 2788 Nam
756 2734 871 2809 patres
886 2725 1033 2790 Ioannes
1049 2728 1195 2799 Pereira,
1212 2728 1318 2791 simili
1333 2728 1553 2810 postmodum
1577 2748 1704 2792 corona
1727 2727 1878 2797 illustris,

546 2853 581 2905 et
602 2862 635 2924 p.
659 2841 806 2905 Ioannes
828 2838 939 2906 Sousa
962 2843 1070 2926 ipsius
1092 2863 1221 2941 comes,
1250 2863 1327 2906 cum
1350 2844 1394 2907 ad
1418 2862 1594 2927 egressum
1617 2843 1739 2907 moniti
1768 2853 1878 2907 essent

546 2956 667 3021 ultima
688 2956 757 3021 diei
781 2957 874 3031 hora,
897 2958 1031 3022 mediae
1054 2958 1165 3023 noctis
1187 2958 1333 3023 articulo
1357 2959 1602 3024 Damotensem
1626 2960 1878 3023 residentiama

547 3082 646 3158 tergo
664 3091 819 3156 posuere,
836 3093 903 3137 non
919 3083 1031 3137 tamen
1050 3074 1143 3139 Deus
1160 3076 1313 3158 ipsorum
1328 3076 1479 3158 pecudes
1494 3086 1528 3140 et
1543 3073 1787 3149 *frumentum3
1805 3096 1876 3139 nam
1900 3085 1914 3133 l.
1926 3081 1966 3129 tie

547 3190 785 3261 Damotenses,
809 3209 887 3252 cum
911 3192 1055 3272 spectati
1071 3200 1186 3255 essent
1209 3192 1383 3263 catholici,
1406 3192 1502 3265 nihil,
1525 3194 1617 3274 quod
1641 3193 1686 3254 ad
1708 3212 1791 3256 suos
1814 3212 1877 3255 ma·

547 3307 675 3390 gistros
690 3307 885 3389 pertineret,
902 3306 994 3388 passi
1009 3316 1088 3371 sunt
1104 3329 1124 3371 a
1140 3309 1333 3389 raptoribus
1348 3307 1507 3390 expilari.
1530 3307 1625 3390 Agai
1648 3318 1764 3391 patres
1780 3308 1877 3372 Fran·

547 3422 658 3486 ciscos
669 3420 866 3488 Carvallum
882 3430 918 3486 et
932 3420 1127 3504 Marquium
1142 3423 1187 3485 ad
1203 3422 1320 3486 Nilum
1336 3442 1442 3506 usque
1457 3425 1548 3487 ultra
1562 3433 1707 3507 quatuor
1723 3424 1878 3487 milliaria

548 3537 731 3620 prosecuti,
761 3538 806 3601 ab
836 3535 879 3601 iis
909 3557 978 3601 non
1007 3547 1166 3621 poterant
1195 3559 1277 3622 prae
1300 3540 1529 3623 lacrymarum
1559 3538 1738 3622 profluviis
1767 3540 1876 3604 avelli.

548 3654 589 3717 In
613 3653 772 3736 longiora
801 3653 912 3737 spatia
942 3664 1039 3717 extra
1068 3674 1150 3719 suos
1179 3653 1266 3719 fines
1295 3676 1328 3738 p.
1354 3654 1508 3719 Brunum
1530 3654 1647 3729 Bruni,
1677 3658 1731 3720 sui
1763 3665 1876 3739 postea

549 3768 727 3854 sanguinis
748 3770 871 3833 rubore
894 3772 1109 3853 picturatum,
1134 3770 1377 3844 Nebessenses,
1401 3790 1479 3835 cum
1502 3781 1616 3836 essent
1639 3772 1827 3835 nobiliores
1847 3781 1875 3834 et

549 3886 693 3950 scientia
715 3884 887 3960 clariores,
912 3886 1137 3951 deduxerunt.

239 4007 272 4056 In
301 4016 392 4089 eastra
421 4002 524 4065 ingens
639 4006 670 4065 8.
694 4000 735 4065 In
758 4003 881 4066 castris
902 4003 1134 4085 imperatoriis
1157 4002 1191 4066 in
1215 4004 1289 4067 dies
1310 4003 1473 4068 haeretici
1495 4004 1751 4087 praevalebant,
1773 4005 1877 4087 quoti·

203 4080 407 4201 {musenim
444 4088 524 4125 Μ’
551 4119 654 4181 diano
677 4120 711 4181 in
734 4117 833 4192 illud,
850 4128 1024 4201 tamquam
1047 4120 1083 4183 in
1099 4121 1241 4183 lustrum
1264 4121 1462 4193 bestiarum,
1478 4121 1623 4203 appulsu
1646 4120 1797 4203 plurium
1813 4140 1876 4183 mo

553 4234 736 4298 nachorum
748 4244 783 4299 et
794 4236 1021 4308 eremitarum,
1033 4236 1102 4318 qui,
1119 4255 1162 4300 ne
1177 4254 1328 4300 errorum
1344 4254 1483 4300 suorum
1495 4255 1664 4300 venenum
1677 4237 1876 4307 amitterent,

552 4350 638 4413 illud
661 4352 697 4414 in
720 4351 866 4414 diversis
889 4350 1051 4423 latibulis,
1075 4372 1143 4414 non
1166 4361 1279 4417 tamen
1303 4374 1324 4415 a
1347 4351 1512 4416 divitibus
1535 4352 1570 4415 h
1594 4352 1638 4415 iis
1660 4352 1877 4417 inclementer

551 4466 672 4540 habiti,
695 4467 887 4531 servabant.
918 4465 1014 4531 Inter
1035 4478 1189 4532 coeteros
1210 4468 1384 4551 impietate
1407 4478 1441 4532 et
1465 4469 1667 4532 auctoritate
1690 4469 1878 4532 excellebat

553 4581 659 4646 Abba
680 4579 801 4647 Ferale
822 4580 970 4656 Selasse,
995 4583 1031 4646 id
1054 4592 1107 4646 est
1129 4582 1221 4647 lilius
1240 4583 1427 4657 Trinitatis
1451 4587 1510 4665 qui
1525 4583 1673 4647 Abunae
1696 4583 1831 4657 Comes,
1845 4584 1877 4645 id

553 4708 606 4763 est
628 4699 799 4783 generalis
821 4698 980 4772 vicarius,
995 4700 1090 4782 prius
1112 4698 1232 4773 fuerat,
1249 4720 1352 4784 quam
1375 4720 1464 4764 nunc
1480 4700 1685 4783 dignitatem
1707 4721 1728 4764 a
1750 4702 1877 4782 seipso

553 4814 760 4879 vendicavit.
783 4814 853 4877 Hic
877 4814 1042 4879 Dancazii
1064 4834 1198 4879 summo
1220 4818 1342 4899 plausu
1368 4826 1420 4881 est
1451 4825 1616 4899 exceptus
1639 4826 1673 4880 et
1695 4837 1717 4880 a
1738 4818 1876 4899 quodam

553 4931 775 5015 Imperatoris
801 4930 873 4995 filio
889 4952 967 4995 cum
982 4933 1154 5015 peditatus
1170 4943 1204 4998 et
1218 4933 1389 5016 equitatus
1411 4932 1576 4997 satellitio
1599 4934 1756 5015 stipatus.
1783 4932 1877 4996 Multi

554 5066 600 5111 ex
615 5050 809 5130 praecipuis
824 5068 861 5112 se
876 5048 1046 5133 sacrilega
1061 5047 1297 5112 Alexandriae
1313 5050 1551 5113 communione
1566 5048 1773 5131 polluerunt,
1788 5067 1876 5131 prae

554 5165 712 5228 euntibus
735 5162 874 5247 Regina
897 5184 973 5228 cum
996 5163 1142 5239 filiabus,
1165 5164 1217 5229 Ite
1240 5164 1370 5229 Amata
1393 5163 1557 5237 Christds,
1581 5166 1735 5248 principe
1753 5164 1876 5228 Facile·

554 5280 627 5353 das,
650 5278 794 5346 Claudio
818 5290 852 5344 et
875 5280 963 5353 aliis,
985 5301 1071 5365 quos
1094 5278 1302 5365 superfluum
1325 5291 1377 5346 est
1400 5300 1607 5346 enumerare.
