4166 6182
295 1835 883 1965 EXPEDITIONIS
931 1835 1512 1965 AETHIOPICAE

635 2142 858 2248 LIBER
896 2142 1173 2249 enimus

783 2775 972 2852 CAPUT
999 2776 1028 2849 1.

535 3035 599 3108 De
628 3032 799 3108 nomine
827 3042 869 3107 et
895 3033 975 3107 situ
1002 3032 1269 3127 Aethiopiae.

320 3415 545 3497 Aethiopiae,
559 3416 603 3476 ab
619 3425 775 3477 extremo
788 3414 941 3477 Arabiae
958 3417 1001 3477 ad
1014 3416 1228 3477 occidentem
1242 3416 1349 3477 limbo
1361 3416 1573 3477 exordientis
1637 3429 1804 3551 aeltihiopiae
1813 3444 1922 3552 &siim

1601 3516 1671 3566 pecu
1695 3503 1814 3551 ariterA
1889 3516 1922 3550 ae

231 3545 265 3597 et
289 3552 375 3596 mox
400 3533 434 3594 in
459 3533 652 3613 oppositam
676 3529 820 3594 Africae
840 3551 944 3603 oram,
961 3530 1155 3612 Erythraeo
1180 3531 1266 3592 mari
1286 3529 1462 3603 interfuso
1480 3542 1573 3613 post·
1602 3574 1724 3623 affixum.

234 3650 375 3711 modum
400 3648 435 3709 in
451 3647 562 3709 Indici
578 3649 698 3710 oceani
714 3655 749 3708 et
765 3646 989 3728 promontorii
1013 3646 1130 3708 Bonae
1146 3643 1228 3727 Spei
1250 3645 1435 3719 anfractus,
1453 3667 1491 3709 ac
1516 3649 1572 3710 de·

231 3766 352 3847 inceps
377 3764 411 3825 in
439 3762 620 3837 Guineam‚
652 3763 828 3846 Angolam
860 3771 894 3823 et
924 3761 1156 3842 Hesperidum
1188 3764 1317 3826 insulas
1347 3760 1515 3826 flectentis
1539 3773 1573 3825 et

232 3882 302 3943 late
326 3882 362 3941 in
387 3880 636 3942 mediterranea
658 3899 695 3941 se
719 3878 938 3961 porrigentis,
966 3898 1090 3940 nomen
1114 3881 1394 3950 antonomastice,
1411 3880 1572 3941 concordi

233 3997 389 4079 gentium
413 4004 447 4058 et
470 3995 746 4077 geographorum
776 3992 1031 4076 suffragatione,
1063 3995 1114 4056 illi
1151 4014 1256 4076 supra
1288 3994 1490 4078 Aegyptum
1521 4016 1572 4057 re-

232 4112 329 4195 gioni
354 4111 556 4173 attributum
572 4120 636 4183 est,
652 4130 740 4192 quae
752 4130 773 4172 a
784 4110 956 4192 plerisque
972 4109 1134 4183 Abassia,
1147 4131 1167 4172 a
1181 4110 1297 4174 multis
1309 4130 1385 4172 cum
1399 4112 1572 4174 auctuario

231 4227 356 4299 media,
381 4227 425 4289 ab
449 4228 527 4289 aliis
551 4228 620 4289 alta
644 4235 865 4307 nuncupatur.
890 4225 1022 4288 Forsan
1045 4225 1196 4288 Abassia
1215 4228 1259 4288 ab
1275 4224 1394 4297 Abxa,
1410 4229 1573 4307 primaria
1635 4243 1769 4292 Ananiae
1793 4255 1921 4291 nomen

234 4343 334 4425 regni
358 4341 547 4404 Adelensis
570 4343 615 4404 ad
638 4341 804 4403 orientem
819 4339 956 4404 finitimi
973 4342 1122 4412 civitate,
1139 4361 1199 4423 per
1215 4362 1316 4423 quam
1336 4344 1466 4423 primus
1488 4344 1570 4403 olim
1600 4316 1634 4363 ‘b
1653 4315 1718 4362 urbe
1737 4314 1822 4363 Aba

235 4459 270 4520 in
287 4460 400 4539 ipsam
417 4459 461 4519 ab
479 4456 577 4519 India
593 4454 842 4520 confluentibus
857 4459 997 4539 patebat
1013 4458 1196 4539 ingressus,
1221 4467 1267 4528 ut,
1285 4459 1572 4538 quemadmodum

232 4592 378 4656 regnum
402 4573 515 4654 ipsum
539 4572 716 4635 Adelense
741 4575 869 4635 dictum
893 4583 945 4636 est
969 4574 1143 4636 Zeilanum
1167 4594 1187 4635 a
1211 4574 1304 4636 Zeila
1327 4584 1427 4655 portu
1454 4573 1573 4636 Indiae

232 4708 336 4770 quarn
353 4689 507 4750 maxime
524 4689 718 4770 propinquo
734 4700 769 4751 et
785 4689 863 4751 ideo
879 4692 1068 4763 notissimo,
1087 4690 1133 4752 ita
1150 4700 1185 4752 et
1200 4691 1297 4771 regio
1313 4690 1398 4750 haec
1422 4688 1574 4751 Abassia

231 4806 275 4867 ab
299 4806 385 4867 urbe
410 4802 535 4875 vicina,
560 4823 622 4866 nec
646 4823 766 4885 parum
797 4814 877 4867 tunc
908 4806 1070 4888 gloriosa,
1095 4825 1172 4866 cum
1204 4805 1391 4884 aethiopici
1423 4804 1573 4884 Impera-

230 4930 324 4983 tores
347 4939 417 4981 non
442 4920 553 4981 solum
577 4920 737 5000 proximo
761 4921 960 4992 continenti,
984 4939 1101 4982 verum
1119 4918 1283 4990 Arabiae,
1300 4917 1387 4980 freto
1404 4919 1572 4989 divulsae,

233 5036 500 5117 imperitabant;
526 5035 639 5097 media
669 5043 704 5096 et
733 5038 812 5105 alta,
848 5037 941 5117 quod
972 5036 1061 5096 inter
1094 5034 1303 5114 superiorem
1337 5033 1571 5114 Aethiopiam,

231 5150 405 5216 Orientali
440 5151 577 5232 pelago,
602 5160 636 5212 et
667 5148 863 5212 inferiorem
887 5149 1140 5213 Mediterraneo
1164 5147 1347 5219 definitam,
1376 5149 1571 5219 interclusa,
