4066 6184
568 590 684 643 rraan
707 592 746 653 11,
772 589 897 643 canor
920 590 1037 642 xxm.
1408 590 1470 657 3¹7

135 742 197 805 sed
219 762 288 806 non
312 743 387 824 ipse
410 741 461 805 illi
493 740 619 817 defuit,
652 753 686 806 et
710 740 768 805 diu
799 741 977 805 cicatrices
1011 758 1057 803 ex
1088 740 1303 804 vinculorum
1327 736 1472 813 affrictu,

134 859 266 939 optima
289 856 516 921 confessionis
538 858 744 931 testimonia,
770 858 804 920 in
828 857 966 921 lacertis
989 858 1225 939 perdurarunt.

224 972 446 1052 4.Sabbato,
470 976 625 1056 quierat
655 984 799 1038 octavus
829 984 908 1055 post
935 973 1128 1057 gloriosam
1158 973 1301 1035 duorum
1332 972 1475 1036 caedem
1537 977 1670 1031 Proditor
1687 977 1826 1044 οιριιιιη

135 1091 221 1162 dies,
245 1092 402 1173 proditor
425 1088 607 1173 Gojamam
630 1091 792 1162 deseruit,
815 1099 849 1154 et
872 1091 941 1152 alio
957 1090 1114 1171 sequenti
1137 1109 1158 1152 a
1173 1088 1333 1170 Principe
1355 1098 1389 1150 et
1412 1088 1476 1151 im·
1502 1050 1645 1116 mem

136 1207 258 1288 periali
282 1208 438 1271 exercitu
454 1217 488 1271 et
503 1207 670 1290 pluribus,
685 1208 743 1288 qui
759 1225 836 1270 eum
851 1215 930 1269 sunt
946 1206 1143 1278 consectati,
1157 1214 1337 1287 postquam
1353 1221 1475 1287 purum

136 1323 337 1386 rebellionis
367 1325 403 1387 in
432 1334 565 1406 patrem
596 1342 776 1406 agnovere,
809 1321 874 1385 fuit
902 1331 1105 1405 conspectus
1135 1331 1169 1384 et
1197 1322 1308 1384 caesis
1337 1338 1476 1384 suorum

137 1440 312 1511 trecentis,
336 1440 542 1512 debellatus;
566 1437 789 1522 ali0·effugio
812 1459 879 1503 non
904 1439 1055 1513 invento,
1079 1439 1114 1501 in
1137 1438 1333 1520 proximam
1356 1455 1475 1518 rupem

27 1605 34 1617 .
104 1603 110 1616 .
137 1574 175 1617 se
198 1555 353 1619 condidit
376 1565 411 1619 et
426 1555 584 1619 excubiis
601 1556 751 1640 undique
767 1557 909 1628 cinctus,
926 1555 982 1619 die
998 1555 1157 1625 crastina,
1174 1550 1294 1617 Sancti
1309 1550 1477 1635 *Spiritus

138 1668 323 1735 festivitati
338 1672 503 1735 attributa
518 1691 564 1743 se,
581 1691 658 1735 cum
675 1673 778 1735 sociis
793 1672 994 1736 arbitrariae
1009 1669 1180 1752 Principis
1195 1668 1277 1732 fidei
1292 1668 1476 1741 commisit,

138 1794 175 1847 ut
198 1788 257 1868 qui
280 1787 393 1849 sciens
416 1797 450 1849 et
472 1787 595 1851 videns
618 1788 745 1870 insigni
768 1788 943 1870 protervia
966 1788 1001 1850 in
1025 1783 1191 1868 Spiritum
1212 1782 1374 1847 Sanctum
1392 1783 1476 1846 deli·

137 1911 267 1983 querat,
291 1904 326 1965 in
350 1903 458 1985 ipsius
480 1900 569 1987 (cum
593 1923 660 1966 non
691 1902 852 1985 supplicii
875 1904 936 1966 sed
968 1901 1222 1965 misericordiae
1253 1901 1298 1964 sit
1321 1897 1478 1982 largitor)

137 2018 315 2082 solemniis
331 2020 535 2082 vinceretur.
552 2017 611 2082 Sic
626 2018 802 2101 Princeps,
817 2020 876 2100 qui
893 2016 1004 2082 fuerat
1020 2015 1257 2101 praefecturae
1273 2017 1318 2079 ab
1333 2015 1478 2078 emerito

139 2133 174 2197 in
197 2135 407 2198 immeritum
438 2133 697 2199 transferendae
719 2144 929 2218 procurator,
957 2135 1046 2198 iusto
1070 2133 1218 2197 numinis
1240 2131 1378 2204 iudicio,
1402 2131 1478 2194 red·

137 2251 231 2313 ditus
254 2260 307 2314 est
331 2252 522 2314 communis
544 2250 714 2333 supplicii,
739 2252 784 2313 ob
815 2251 909 2314 illius
944 2250 1168 2313 rebellionem
1191 2257 1225 2313 et
1249 2267 1345 2312 suam
1372 2246 1478 2309 advo-

138 2367 322 2438 cationem,
335 2376 509 2430 executor.
529 2367 612 2431 Post
625 2368 711 2430 alios
727 2365 924 2447 quindecim
940 2366 1015 2429 dies
1031 2365 1241 2429 Dancazium
1257 2373 1310 2428 est
1325 2361 1479 2447 perlatus

138 2481 197 2544 ubi
221 2502 299 2545 cum
323 2482 514 2565 Imperator
544 2485 707 2547 audiisset
741 2482 936 2564 Principem
960 2502 1002 2545 eo
1026 2481 1223 2545 incumbere
1254 2490 1292 2543 ut
1319 2480 1478 2543 omnibus

137 2601 313 2680 potentiae
337 2608 371 2662 et
387 2600 575 2664 industriae
591 2601 706 2663 nervis
723 2601 955 2671 contenderet,
971 2608 1106 2661 sontem
1129 2619 1150 2661 a
1165 2596 1351 2681 promerita
1366 2615 1479 2679 poena

138 2715 296 2778 liberare.
311 2717 498 2797 praemissa
509 2716 675 2780 victoriae
686 2715 927 2799 gratulatione,
940 2714 1125 2777 renuntiari
1137 2714 1244 2785 iussit,
1254 2712 1477 2785 meminisset,

138 2850 283 2914 regnum
307 2852 328 2895 a
352 2832 427 2895 Deo
447 2829 545 2896 Sauli
560 2842 715 2915 ereptum
731 2843 766 2895 et
782 2832 816 2895 in
833 2851 935 2894 avum
951 2849 1048 2894 suurn
1064 2830 1236 2894 Davidem
1263 2830 1476 2904 translatum,

138 2948 231 3028 quod
254 2948 316 3011 ille
345 2947 617 3028 Amalecitarum
642 2949 746 3030 Regi,
771 2950 816 3011 ob
839 2949 952 3011 scelus
975 2956 1054 3011 ante
1078 2947 1347 3029 quadringentos
1370 2965 1478 3010 annos

137 3073 312 3144 patratum
336 3065 508 3138 damnato,
527 3067 751 3147 pepercisset:
768 3065 859 3128 idem
883 3065 948 3147 ipsi
964 3082 1064 3146 posse
1080 3061 1245 3135 accidere,
1263 3063 1292 3125 si
1308 3062 1393 3125 velit
1405 3072 1476 3126 tam

137 3180 302 3243 immania
325 3190 360 3244 et
383 3182 535 3244 recentia
557 3179 690 3264 flagitia
713 3181 747 3242 in
772 3180 879 3263 ipsius
901 3181 1048 3264 gratiam
1072 3179 1268 3242 condonari.

230 3315 259 3375 5.
285 3295 382 3359 Duos
404 3296 508 3360 etiam
532 3308 710 3361 senatores
731 3307 907 3380 tamquam
930 3297 1054 3360 rituum
1078 3305 1262 3367 curatores,
1282 3293 1476 3378 Imperator
1539 3303 1602 3366 lpse
1629 3310 1658 3354 et
1683 3302 1829 3355 consulto

138 3412 182 3473 ad
205 3412 394 3475 ornandam
418 3432 581 3495 pompam
596 3413 764 3486 submisit,
780 3415 839 3496 qui
855 3413 1065 3496 proditorem
1081 3422 1115 3476 et
1139 3413 1258 3475 decem
1274 3413 1476 3494 praecipuos
1504 3388 1550 3497 3
1567 3377 1829 3510 mimam-¹

139 3527 247 3608 ipsius
270 3527 487 3591 consiliarios
501 3537 536 3591 et
552 3528 749 3592 rebellionis
777 3529 992 3611 impulsores,
1008 3526 1227 3591 nitidioribus
1242 3527 1398 3590 vestibus
1414 3545 1476 3590 ex·
1504 3526 1579 3568 mm·

138 3652 335 3706 auctoratos
365 3652 399 3707 et
425 3645 606 3707 vilioribus
628 3655 775 3726 opertos,
800 3646 892 3707 nudo
915 3664 935 3706 a
958 3644 1072 3725 capite
1095 3643 1140 3706 ad
1170 3662 1291 3706 zonam
1322 3662 1475 3726 corpore,

13 3757 18 3768 '
106 3837 110 3844 Ι
138 3758 301 3823 humeros
324 3758 462 3834 catillis,
485 3780 546 3823 seu
568 3761 799 3843 superioribus
823 3761 935 3823 molae
964 3759 1133 3823 trusatilis
1155 3760 1262 3831 saxis,
1284 3777 1477 3841 supponere

138 3877 321 3949 iusserunt,
335 3896 463 3958 eosque
478 3896 539 3959 par
556 3887 667 3941 castra
680 3880 713 3941 in
725 3877 916 3941 baiulorum
934 3896 1064 3941 morem
1080 3879 1355 3940 circumvectare.
1374 3873 1476 3957 Quod

139 3994 229 4074 apud
253 3993 450 4057 Abassinos
480 3996 694 4057 tantumdem
719 4003 770 4057 est
800 3994 986 4077 opprobrii,
1016 3995 1135 4075 quanti
1159 3992 1248 4074 apud
1280 4011 1343 4055 nos
1374 3992 1477 4055 militi

140 4108 254 4172 colum
290 4106 472 4192 fusumque
507 4110 712 4193 appendere.
748 4109 796 4173 Ut
831 4111 922 4172 enim
957 4109 1145 4173 nobishoc
1175 4106 1348 4191 significat
1379 4107 1478 4170 illum

140 4221 322 4287 faemineis
355 4233 489 4288 tantum
519 4223 587 4288 filis
610 4235 644 4288 et
669 4224 866 4288 ministeriis
896 4234 1013 4306 aptum
1044 4244 1129 4295 esse,
1153 4224 1204 4286 sic
1226 4222 1367 4286 molaris
1389 4222 1479 4305 lapis

140 4340 254 4419 ipsum
289 4351 483 4423 gestantem
506 4342 632 4405 indolis
656 4360 730 4404 csse
753 4339 993 4403 effoeminatae
1017 4349 1052 4403 et
1075 4338 1258 4412 ancillaris,
1281 4339 1361 4422 quia
1384 4338 1481 4401 solae

139 4453 312 4519 foeminae
337 4466 371 4519 et
394 4457 540 4520 ancillae
563 4458 598 4519 in
622 4456 812 4538 Aethiopia
837 4455 1016 4538 portatiles
1048 4454 1125 4518 illas
1148 4456 1258 4517 molas
1286 4455 1480 4520 convehunt

139 4583 174 4635 et
197 4572 421 4636 convolvunt.
445 4571 503 4636 Ex
523 4573 589 4636 Dei
607 4583 722 4636 tamen
738 4572 966 4655 praescientia
988 4582 1022 4634 et
1046 4571 1262 4653 providentia
1285 4570 1481 4634 coniectare

140 4689 233 4761 licet,
247 4688 415 4751 *consulto
432 4689 518 4751 illud
536 4688 743 4771 supplicium
760 4688 814 4751 his
837 4685 1017 4769 flagitiosis
1040 4687 1247 4769 impositum,
1263 4695 1301 4748 ut
1317 4685 1376 4767 qui
1391 4689 1481 4750 tanti

138 4803 294 4866 scandali
318 4812 476 4868 auctores
498 4802 644 4876 fuerant,
670 4804 763 4867 mola
787 4803 936 4866 asinaria
959 4801 1109 4865 humeris
1133 4802 1276 4873 adiecta,
1300 4802 1329 4864 si
1353 4820 1421 4864 non
1446 4802 1481 4866 in

138 4916 350 5001 profundum
381 4921 494 4992 maris,
526 4920 669 4983 canibus
701 4919 735 4982 in
767 4929 955 4983 castrorum
986 4919 1108 4981 rudeta
1137 4918 1393 5000 proiicerentur.
1422 4914 1483 4982 Sic

137 5034 275 5097 cunctis
298 5034 525 5108 miserandus,
548 5037 610 5099 sed
634 5034 720 5098 nulli
751 5033 965 5108 maierabz'ltlr,
988 5053 1050 5116 per
1077 5042 1188 5097 castra
1220 5034 1393 5117 ingressus
1417 5044 1481 5109 est,

135 5150 196 5235 qui
221 5151 390 5233 superbus
412 5161 446 5215 et
469 5151 694 5215 iactabundus
718 5151 788 5214 illis
819 5153 921 5234 paulo
945 5160 1023 5213 ante
1054 5149 1197 5221 exierat,
1224 5149 1350 5231 pueris,
1377 5168 1482 5232 cupe-
