4066 6184
589 603 706 653 LIBER
730 604 769 663 ΙΙ,
793 603 919 653 CAPUT
942 605 1052 654 XXVI.
1424 610 1487 673 335

154 750 329 834 coniugati
352 752 511 814 maritata
534 752 607 832 ipsa
630 753 792 834 progredi
815 754 964 825 volebat,
992 754 1077 816 nihil
1110 764 1172 825 ast.
1203 756 1295 836 quod
1327 756 1360 817 in
1393 774 1489 836 prae·

154 867 264 929 sentia
287 868 453 941 dicamne,
476 889 554 932 cum
578 888 679 950 supra
695 869 729 931 id
753 871 891 951 saepius
908 869 1008 933 fuerit
1024 870 1211 933 delibatum
1228 870 1282 955 (ι).
1307 869 1421 934 Huius
1437 891 1490 934 re·

154 983 272 1065 pulsae
297 985 417 1047 dolore
442 983 567 1048 furiata
596 987 732 1067 saepius
763 988 970 1049 comminata
1000 984 1075 1058 fuit,
1107 988 1167 1049 ubl
1197 1006 1380 1070 germanus
1410 1007 1490 1052 suus

152 1098 324 1162 Basilides
355 1109 492 1183 sceptro
515 1100 690 1183 potiretur,
714 1099 818 1164 fidem
841 1102 1038 1165 Romanam
1062 1112 1096 1165 et
1119 1122 1239 1166 omnes
1263 1105 1370 1185 ipsius
1393 1123 1489 1186 prae·

152 1235 256 1278 eones
280 1215 471 1297 Aethiopia
497 1217 698 1299 exigendos.
723 1217 837 1298 Ipsius
868 1229 982 1299 partes
1006 1219 1155 1302 agebant
1186 1239 1305 1283 omnes
1333 1221 1488 1292 curiales,

151 1330 387 1395 Patriarcham
418 1342 452 1396 et
483 1341 599 1414 patres
630 1330 796 1396 infractae
824 1334 969 1396 duritiae
1002 1343 1212 1406 accusantes,
1243 1335 1335 1415 quod
1367 1335 1488 1397 maiori

150 1445 376 1528 Imperatoris
399 1446 489 1511 filiae
513 1468 580 1511 non
597 1448 829 1513 conniverent.
846 1448 1019 1523 Claudius,
1036 1449 1187 1513 eiusdem
1204 1469 1387 1532 germanus
1407 1460 1487 1513 natu

150 1562 323 1634 minimus,
347 1582 424 1626 cum
448 1565 492 1626 ad
515 1563 603 1627 hanc
626 1564 784 1627 incudem
799 1565 1007 1629 tundendam
1024 1585 1101 1627 cum
1118 1563 1249 1628 infinita
1265 1567 1487 1629 castrensium

150 1678 391 1741 malleatorum
422 1680 639 1743 multitudine
669 1682 712 1743 ad
742 1680 977 1744 Patriarcham
1012 1682 1171 1752 venisset,
1203 1701 1349 1764 eumque
1379 1682 1488 1746 nihilo

149 1795 344 1857 molliorem
367 1795 574 1876 reliquisset,
598 1798 642 1859 ad
665 1797 745 1860 illos
768 1799 812 1860 ab
835 1816 973 1880 egressu
1002 1798 1109 1861 dixit:
1137 1795 1242 1860 Cuius
1265 1798 1487 1862 emolumenti

149 1919 304 1974 nostrum
330 1910 429 1974 nobis
452 1921 503 1974 est
527 1930 680 1995 regnum,
704 1913 733 1975 si
756 1914 849 1994 quod
872 1914 957 1976 libet
980 1933 1047 1976 non
1070 1933 1186 1976 sumus
1209 1911 1386 1977 effecturi?

239 2029 269 2089 6.
295 2026 367 2090 Ista
390 2028 528 2109 quidem
552 2027 716 2101 libidinis,
740 2030 801 2093 sed
826 2029 966 2113 Regina
988 2032 1163 2112 utriusque
1190 2049 1324 2112 parens,
1356 2032 1484 2093 invete-

149 2153 224 2206 rata
247 2143 380 2206 dierum
406 2145 572 2207 malorum
597 2165 691 2218 anus,
715 2155 750 2208 et
773 2144 826 2208 Ita
848 2146 978 2210 Amata
1001 2144 1166 2219 Christds,
1184 2146 1403 2228 Imperatoris
1419 2144 1487 2209 fra-

149 2259 280 2331 truelis,
310 2261 498 2342 impietatis
528 2262 696 2325 vexillum
726 2260 975 2344 praeferebant,
1007 2280 1142 2344 semper
1170 2261 1309 2324 habitae
1339 2261 1486 2326 haereti-

148 2395 266 2439 corum
299 2374 462 2440 fautrices
492 2387 526 2440 et
556 2378 805 2451 occultatrices‚
829 2379 987 2462 quamvis
1009 2375 1112 2440 fidem
1137 2397 1252 2440 coram
1275 2376 1485 2460 Imperatore

147 2493 247 2555 vultu
272 2502 307 2556 et
330 2493 445 2556 verbis
468 2493 681 2556 simularent.
705 2492 781 2556 Has
804 2494 926 2576 ingens
953 2502 1114 2555 evantum
1131 2492 1255 2554 chorus
1280 2490 1486 2574 sequebatur

148 2607 387 2681 foeminarum,
412 2610 554 2680 scilicet,
578 2610 666 2693 regii
690 2609 866 2692 sanguinis
897 2610 1078 2680 exercitus,
1102 2628 1189 2690 quae
1213 2606 1342 2671 Ozorbs
1369 2607 1486 2670 dicun·

146 2737 213 2797 tur,
238 2736 273 2788 et
296 2745 365 2788 non
381 2725 448 2788 Dei
464 2727 697 2798 tabernaculo,
715 2736 752 2790 ut
767 2726 939 2809 quondam
956 2726 1106 2806 ipsarum
1124 2725 1234 2797 aviae,
1250 2725 1311 2787 sed
1327 2743 1409 2788 suae
1425 2743 1485 2786 vo-

148 2842 273 2925 luptati
297 2843 518 2905 excubabant
532 2840 587 2925 (2),
613 2842 801 2925 ingenitam
820 2842 1010 2904 claritatem
1029 2850 1063 2903 et
1080 2840 1271 2902 libertatem
1288 2840 1323 2901 in
1339 2838 1486 2902 Veneris

147 2958 329 3020 servitium
353 2967 535 3030 vertentes,
560 2967 594 3020 et
609 2978 677 3041 quo
697 2958 811 3041 regiae
828 2957 943 3020 domui
959 2956 1220 3038 propinquiores
1236 2975 1277 3018 eo
1293 2955 1485 3027 solutiores,

148 3084 181 3135 et
205 3092 244 3136 se
269 3092 400 3136 annosa
422 3093 559 3137 suarum
583 3093 811 3157 congerierum
835 3073 1079 3135 consuetudine
1102 3080 1137 3134 et
1161 3089 1341 3153 procorum
1372 3069 1484 3133 multi·

147 3189 266 3250 tudine
291 3189 481 3252 tuebantur.
507 3188 581 3251 Illis
605 3190 746 3251 maritos
769 3200 803 3253 et
826 3190 957 3251 maritis
980 3206 1107 3250 uxores
1141 3196 1272 3250 mutare
1295 3196 1328 3249 et
1352 3206 1432 3248 usus
1452 3196 1486 3249 et

148 3304 249 3366 ludus
272 3311 356 3367 erat
381 3303 458 3376 His,
481 3323 568 3386 quos
590 3304 729 3385 nuptiae
752 3304 988 3387 alligaverant,
1012 3304 1194 3374 moechari,
1219 3311 1254 3364 et
1270 3301 1393 3365 solutis
1408 3321 1485 3382 pas·

147 3421 211 3482 sim
238 3419 423 3491 libidinari,
448 3421 533 3484 nulli
558 3440 670 3483 noxae
694 3422 901 3484 vertebatur.
925 3419 1163 3501 Imperatores,
1191 3428 1325 3500 praeter
1340 3427 1486 3500 quatuor

147 3554 277 3598 uxores
300 3535 490 3617 primarias,
515 3538 557 3599 ad
581 3538 725 3600 totidem
748 3546 865 3620 portas
888 3546 1077 3599 castrorum
1102 3545 1255 3607 metatas,
1286 3545 1369 3616 quot
1400 3535 1486 3598 alias

146 3652 342 3715 collibitum
366 3663 449 3723 erat.
472 3654 700 3725 assumebant,
725 3674 787 3716 nec
811 3673 887 3715 curn
912 3653 1068 3716 ethnicae
1092 3662 1216 3723 essent,
1236 3669 1352 3714 eorum
1381 3652 1484 3714 simu·

145 3767 250 3831 lacris
277 3769 400 3831 altaria
422 3769 564 3851 erigere,
590 3788 653 3831 nec
676 3769 812 3831 illorum
840 3766 1008 3831 suffitores
1039 3786 1115 3831 esse
1146 3768 1307 3849 pudebat,
1339 3776 1377 3829 ut
1408 3765 1485 3829 Ras

146 3882 227 3948 Sela
253 3882 408 3946 Christos
432 3904 452 3946 a
474 3883 601 3956 David,
624 3881 823 3967 sive·Onag
846 3880 994 3967 Segued,
1018 3884 1074 3946 avi
1098 3885 1149 3946 sui
1173 3880 1369 3946 Salomonis
1385 3901 1424 3945 ea
1450 3882 1483 3944 in

33 4044 39 4056 ·
111 4045 117 4059 .
146 4020 182 4064 re
207 4000 381 4063 imitatore
405 3997 533 4063 factum
554 4002 723 4063 narrabat.
741 4000 851 4063 Nobis
867 4019 1003 4083 quoque
1022 4020 1111 4062 nune
1127 3996 1263 4061 re*cens
1279 3999 1323 4061 ab
1339 3997 1484 4060 Aethio-

144 4119 203 4199 pia
225 4116 476 4198 scriptumest,
501 4117 673 4198 praesenti
697 4117 894 4198 imperatori
919 4116 1063 4178 Basilidi
1087 4116 1177 4177 ultra
1204 4124 1373 4178 trecentas
1403 4133 1484 4177 con·

145 4232 291 4295 cubinas
313 4232 494 4315 imperare.

237 4366 267 4426 7.
294 4346 421 4411 Abuna
444 4359 478 4411 et
502 4348 669 4421 monachi,
693 4369 798 4430 penes
821 4368 907 4431 quos
930 4349 1092 4410 scientiae
1108 4359 1142 4408 et
1159 4347 1352 4409 sanctitatiS
1368 4347 1485 4408 claves

144 4474 254 4536 erant,
280 4464 447 4527 ecclesiae
470 4476 503 4527 et
531 4465 620 4526 coeli
652 4463 743 4527 fores
773 4466 838 4527 sibi
870 4465 1038 4527 malorum
1069 4463 1306 4544 exemplorum
1338 4462 1485 4543 pessulis

144 4581 332 4643 obdebant.
357 4579 422 4641 Ille
445 4580 547 4652 enim,
571 4589 707 4662 praeter
740 4581 876 4642 ordines
911 4580 1104 4642 inordinate
1139 4580 1314 4658 impensos
1348 4588 1383 4639 et
1407 4577 1483 4638 illo·

144 4717 218 4759 rum
244 4695 485 4768 emolumenta,
510 4697 545 4759 id
569 4697 678 4757 solum
703 4699 853 4768 curabat,
878 4706 914 4758 ut
939 4706 1064 4757 matres
1086 4692 1222 4756 filiabus
1245 4703 1279 4756 et
1302 4694 1367 4754 viri
1398 4712 1482 4754 uxo-

143 4813 240 4875 ribus
264 4811 308 4874 ad
332 4830 370 4873 se
393 4812 542 4874 ductatis
565 4822 736 4886 carerent;
763 4822 797 4874 et
814 4813 911 4874 multi
927 4810 1066 4893 flagella
1081 4812 1123 4872 de
1140 4811 1239 4872 vinea
1255 4807 1481 4871 Sodomorum

144 4948 184 4990 ac
208 4930 253 4991 de
277 4927 482 4990 suburbanis
508 4925 718 4991 Gomorrhae
749 4927 1010 5008 ablaqueabant.
1043 4924 1099 4989 Ob
1131 4945 1228 5007 quae,
1262 4935 1296 4987 et
1328 4934 1481 5005 stuprum

234 5173 277 5242 (r)
295 5174 381 5240 Supra
399 5190 455 5240 cap.
475 5188 500 5236 9,
519 5191 545 5227 u.
566 5186 589 5237 3,
609 5182 636 5224 et
653 5190 709 5240 cap.
732 5183 772 5233 17,
791 5191 816 5227 n.
838 5186 879 5233 11,
898 5185 923 5224 et
942 5190 998 5239 cap.
1020 5174 1061 5231 18,
1075 5189 1100 5226 n.
1114 5184 1138 5255 3,
1154 5202 1183 5210 -
1199 5172 1240 5239 (a)
1253 5173 1348 5230 Exod„
1363 5172 1404 5233 38,
1418 5187 1443 5220 n.
1457 5172 1481 5224 8.

1549 2036 1684 2099 Reginae,
1712 2037 1833 2087 filiarum

1513 2117 1542 2157 et
1560 2108 1749 2159 foeminarum
1762 2106 1833 2169 regri

1513 2178 1663 2242 sanguini·
1682 2179 1806 2230 licentia.

1548 4356 1711 4406 Abunarurn
1730 4364 1758 4404 et
1774 4369 1832 4404 mo·

1512 4429 1665 4477 anchorum
1684 4425 1801 4477 solutio.
