4124 6182
628 493 744 542 sinan
767 494 791 551 1,
822 492 948 542 cneus
971 492 1038 541 vn.
1457 497 1473 556 7
1480 498 1497 556 3

169 638 348 703 fluentibus
372 662 418 703 ex
435 638 559 704 Africa
574 642 609 703 in
624 639 849 724 Aethiopiam
865 642 1120 724 commigrasse.
1136 639 1333 704 Annuimus
1348 642 1449 712 enim,
1467 651 1503 702 ut

68 766 91 814 r..
107 764 135 825 38
170 765 244 836 post
258 757 384 838 viginti
400 775 509 818 annos
525 777 546 819 a
561 752 707 819 Concilii
730 755 1048 828 Chal*cedonensis,
1076 758 1384 839 quatercentesimo
1407 758 1504 838 quin-

169 873 369 954 quagesimo
399 873 512 954 primo
536 873 621 945 initi,
649 873 852 936 collectione
882 874 917 935 in
948 873 1173 954 Aethiopiam
1201 874 1440 944 concesserint,
1469 874 1504 935 id

168 998 278 1049 tamen
301 987 398 1069 quod
421 989 464 1050 de
487 990 583 1052 zonis
606 999 640 1052 et
664 991 807 1053 manicis
830 991 1037 1072 adiungitur,
1061 991 1096 1052 in
1110 989 1330 1071 Aethiopicis
1345 997 1504 1070 autogra-

167 1103 251 1185 phis,
275 1124 296 1165 a
320 1105 447 1186 quibus
477 1107 609 1168 romani
639 1107 776 1168 codices
799 1108 965 1169 transumi
992 1107 1192 1176 debuerunt,
1222 1125 1291 1168 non
1323 1106 1504 1175 invenitur,

167 1238 226 1281 nec
248 1220 278 1282 si
305 1221 525 1291 inveniretur,
541 1222 726 1302 quidquam
742 1219 932 1303 proficeret,
949 1241 1026 1283 cum
1042 1220 1241 1305 Aegyptios
1258 1220 1444 1283 monachos
1460 1222 1504 1283 si·
1565 1308 1567 1312 ι

167 1335 303 1399 milibus
328 1335 423 1399 zonis
446 1338 604 1399 astrictos
627 1334 812 1400 Cassianus
827 1347 861 1400 et
883 1346 1021 1400 sanctus
1045 1337 1240 1400 Dorotheus
1264 1334 1458 1419 affirment(
1483 1336 1502 1416 i.

167 1448 248 1514 Cum
271 1471 357 1515 vero
381 1449 526 1515 Africae
549 1471 629 1533 pars
651 1453 696 1516 sit
716 1453 915 1534 Aethiopia.
939 1455 1092 1534 ineptum
1116 1453 1275 1534 estquod
1298 1454 1431 1516 dicatur
1446 1475 1505 1517 eos

167 1587 209 1629 ex
232 1565 360 1630 Africa
383 1569 529 1641 venisse,
553 1587 621 1632 non
645 1572 694 1632 ita
716 1589 763 1631 ex
786 1568 931 1633 Graecia
954 1570 1009 1633 vel
1032 1568 1211 1652 Aegypte.

252 1688 282 1747 8.
309 1682 363 1747 At
386 1685 467 1747 dum
490 1703 643 1749 essemus
666 1687 700 1747 in
727 1684 927 1767 Aethiopia,
957 1686 1090 1748 nullum
1122 1705 1187 1748 non
1220 1687 1370 1768 lapidem
1402 1706 1504 1768 saepe
1567 1691 1778 1751 Euromfflfflm
1792 1701 1853 1736 ¹¹¹⁰·

167 1801 337 1862 movimus
360 1810 397 1864 ut
419 1801 601 1883 explorare
624 1821 803 1883 possemus
825 1821 869 1864 an
885 1821 1047 1884 umquam
1063 1803 1098 1864 in
1114 1822 1187 1865 eam
1213 1802 1318 1882 aliqui
1347 1802 1504 1865 monachi
1532 1758 1853 1894 ffifflfflff'

165 1913 347 1997 Europaei,
372 1925 407 1979 et
429 1917 631 2000 singillatim
656 1916 912 2000 Augustiniani,
935 1919 990 1980 vel
1015 1918 1285 1992 PraedicatoreS,
1308 1920 1378 1980 sint
1404 1919 1503 1990 illati,

166 2051 226 2094 nec
248 2033 362 2095 ullum
385 2033 442 2094 vel
465 2033 500 2094 in
515 2033 669 2114 picturis,
686 2034 741 2095 vel
758 2034 916 2108 inlibris,
933 2044 991 2097 aut
1007 2035 1182 2098 hominum
1199 2035 1373 2098 memoriis
1388 2053 1504 2096 eorum

166 2149 349 2230 vestigium
373 2148 670 2230 deprehendimus.
687 2146 799 2229 Quare
815 2150 981 2230 quidquid
1002 2148 1162 2212 Abassini
1179 2151 1398 2214 circulatores
1414 2152 1504 2231 apud

166 2272 301 2327 nostros
326 2265 362 2327 in
376 2266 572 2345 rogantium
587 2266 733 2346 gratiam
750 2265 793 2327 de
810 2263 953 2328 fumosis
976 2265 1110 2328 illarum
1134 2267 1276 2329 duarum
1300 2268 1504 2349 religionum

165 2381 342 2443 caenobiis
366 2391 401 2443 et
423 2382 554 2463 ingenti
578 2399 620 2443 ea
643 2381 829 2443 colentium
852 2401 993 2444 numero
1008 2384 1225 2463 respondent,
1242 2384 1329 2444 inter
1344 2383 1505 2464 pulchras

165 2493 316 2558 fabellas
339 2497 512 2577 deputate,
535 2516 620 2578 quas
639 2497 793 2578 palpatio
812 2506 847 2559 et
861 2508 983 2560 venter
997 2498 1126 2580 ingenii
1143 2517 1183 2561 ac
1199 2499 1337 2581 linguae
1352 2499 1505 2583 largitor,
2050 2544 2052 2625 4

165 2614 361 2675 concinnat.
384 2610 522 2675 Scimus
545 2623 722 2694 praeterea
744 2623 813 2676 tarn
837 2623 1031 2677 sanctarum
1054 2623 1089 2676 et
1104 2616 1281 2677 doctarum
1300 2617 1504 2698 religionum
1568 2618 1633 2667 uon
1654 2624 1759 2698 estem
1771 2629 1853 2664 euro-

165 2727 326 2791 alumnos
348 2729 377 2789 si
401 2728 690 2810 Aethiopicorum
721 2730 965 2792 monachorum
995 2730 1212 2811 imperitiam,
1241 2730 1426 2803 licentiam,
1451 2752 1506 2793 su·
1533 2687 1854 2808 marcepppopfflg

164 2846 321 2925 perbiam
345 2853 380 2907 et
403 2846 601 2907 intestinum
632 2846 667 2907 in
701 2864 878 2908 romanam
900 2844 1002 2909 fidem
1027 2848 1142 2908 odium
1169 2849 1402 2929 agnovissent,
1434 2859 1503 2911 tam
1533 2829 1605 2892 ΡΜ
1623 2830 1773 2879 decertent.

164 2962 283 3040 procul
323 2958 456 3023 futuros
480 2969 518 3022 ut
548 2961 685 3024 illorum
716 2963 988 3023 communionem
1020 2959 1231 3035 affectarent,
1255 2971 1291 3024 ut
1314 2964 1429 3044 potius
1453 2983 1505 3025 ru-

163 3077 246 3139 bore
270 3075 490 3140 afficerentur
512 3086 546 3140 et
570 3078 605 3140 in
628 3078 734 3140 bilem
758 3087 1065 3151 commoverentur,
1088 3080 1116 3140 si
1133 3080 1210 3159 quis
1225 3099 1285 3141 eos
1300 3079 1334 3140 in
1355 3081 1506 3160 ipsorum

164 3191 335 3257 familiam
360 3193 565 3256 obtruderet.

254 3329 285 3389 9.
314 3308 432 3372 Unum
455 3310 561 3391 igitur
583 3309 749 3374 Abassini
772 3311 929 3373 monachi
945 3320 1122 3392 parentem
1146 3329 1307 3393 magnum
1330 3310 1505 3374 Abbatem
1568 3310 1769 3393 amenius,
1793 3326 1856 3361 1¹²⁰·
2003 3380 2006 3385 ,

165 3426 359 3489 Antonium
372 3435 572 3507 agnoscunt,
589 3447 609 3488 a
624 3445 692 3508 quo
704 3428 831 3500 dicunt,
848 3425 1021 3509 perfectae
1032 3428 1124 3489 vitae
1141 3447 1293 3490 normam
1306 3426 1505 3500 Macarium,
1533 3382 1855 3504 ppcppapigipp‘zzpcttog
2051 3406 2052 3475 l

164 3565 184 3606 a
199 3542 359 3607 Macario
375 3540 610 3616 Pachomium,
626 3564 647 3605 a
662 3544 848 3607 Pachomio
864 3544 1039 3607 Abbatem
1057 3542 1214 3625 Arogavi
1230 3553 1265 3606 et
1280 3553 1433 3606 caeteros
1448 3545 1506 3606 de·
1534 3528 1702 3647 fffithm
1716 3534 1855 3589 propaga·

165 3661 285 3741 inceps
308 3668 459 3739 quatuor
481 3659 525 3721 ad
548 3658 724 3723 Abbatem
747 3659 853 3723 Tecla
877 3659 1086 3742 Haymanot‚
1110 3660 1276 3722 eximium
1299 3661 1507 3722 monasticae

164 3777 373 3857 disciplinae
396 3783 669 3858 propagatorem,
687 3786 721 3838 et
740 3776 916 3838 Abbatem
933 3775 1156 3838 Eustatheum
1173 3777 1324 3838 eiusdem
1340 3777 1506 3856 propositi

164 3892 441 3954 commilitonem
464 3893 685 3973 expressisse.
710 3891 759 3953 Hi
783 3892 906 3955 deinde
930 3894 963 3953 in
988 3893 1073 3954 duas
1093 3894 1184 3954 acies
1200 3900 1279 3953 sunt
1294 3892 1408 3960 divisi,
1425 3911 1508 3973 qua·

165 4027 238 4071 rum
262 4009 435 4070 illustrior
457 4016 491 4069 et
514 4005 713 4070 faecundior
736 4009 799 4071 sub
822 4007 947 4070 Teclae
967 4006 1168 4089 Haymanot
1184 4017 1217 4074 et
1233 4006 1392 4089 Ichegue,
1410 4008 1507 4080 idest,

165 4123 319 4188 Abbatis
343 4120 524 4186 Generalis
547 4125 655 4205 ipsius
678 4126 886 4187 successoris
909 4125 1027 4206 signis,
1056 4125 1089 4185 in
1121 4124 1247 4185 celebri
1279 4121 1401 4185 Xaoae
1432 4142 1508 4185 cae·

165 4241 280 4312 nobi0,
306 4240 404 4302 dicto
427 4238 543 4301 Debra
566 4239 726 4312 Libanos,
750 4241 816 4302 hoc
839 4249 891 4302 est
914 4238 1037 4303 Libani
1061 4240 1314 4309 monasterium,
1340 4239 1507 4308 merebat3

163 4366 197 4418 et
221 4354 339 4420 Gallis
363 4356 661 4429 invalescentibus,
686 4355 836 4438 Ichegue
868 4376 944 4418 cum
976 4357 1133 4419 omnibus
1163 4355 1361 4417 domesticis
1384 4355 1418 4415 in
1442 4354 1504 4415 Ba-

163 4472 347 4555 gamedrei
372 4489 515 4554 regnum
539 4481 592 4534 est
616 4472 811 4536 translatus.
835 4473 959 4535 Altera
982 4473 1114 4534 tenuior
1137 4472 1200 4534 sub
1216 4470 1423 4542 Eustatheo;
1448 4470 1509 4532 sed

163 4600 312 4672 utraque
338 4598 454 4652 tantae
478 4590 568 4669 apud
591 4587 785 4651 Abassinos
808 4588 1022 4651 auctoritatis
1046 4595 1082 4649 ut
1105 4588 1189 4649 satis
1215 4587 1261 4649 sit
1291 4587 1441 4666 aliquem
1465 4585 1509 4646 ad
1572 4585 1775 4666 monachorum
1803 4584 1857 4632 ἰΰ-

163 4718 302 4789 tempus
327 4704 467 4767 illarum
483 4706 653 4767 cucullum
669 4706 821 4768 induisse
837 4714 873 4766 ut
889 4723 958 4766 non
973 4704 1084 4766 solum
1100 4701 1268 4766 Ecclesiis
1283 4699 1508 4784 praeficiatur,
1536 4671 1607 4720 μω
1624 4663 1785 4705 mmm

163 4824 225 4885 sed
250 4822 286 4885 in
311 4821 468 4883 omnium
490 4829 707 4892 summatum,
730 4831 765 4883 et
788 4818 1010 4882 illustriorum
1027 4817 1253 4882 faeminarum
1273 4818 1460 4888 conclavia,
1477 4826 1511 4878 et

255 5074 300 5139 (ι)
319 5070 430 5127 Cass..
449 5070 507 5122 Lib.
526 5072 559 5119 de
576 5072 665 5121 instit.
685 5076 804 5127 renunt„
822 5085 897 5134 cap..
909 5107 915 5118 .
927 5084 947 5125 .;
966 5083 987 5120 s.
1006 5067 1116 5119 Doroth.
1136 5069 1217 5118 doctr.

244 5194 275 5236 C.
292 5192 404 5233 Buccm.
418 5190 474 5232 Rer.
489 5192 557 5234 Aetli.
572 5192 664 5244 Scn‘pl.
678 5206 726 5236 occ,
739 5191 807 5233 ae'ned.
822 5213 847 5222 -
864 5187 929 5231 vm.
