4066 6184
580 627 642 687 324
911 620 1183 672 EXPEDITIONIS
1206 619 1467 671 AETHIOPICAE
1490 619 1571 669 Ere.

578 769 626 831 ibi
650 770 777 833 diutius
800 773 999 832 commorati
1016 789 1196 853 proregem
1216 788 1441 840 amarensem,
1457 778 1535 850 post
1551 780 1711 832 enecatos
1727 788 1774 829 ex
1791 768 1899 830 itinere

577 886 712 966 aliquos
735 888 980 948 rusticanorum
1005 886 1144 969 globos;
1176 896 1210 949 et
1240 886 1419 968 tigraeum‚
1444 894 1523 965 post
1546 893 1665 966 captas
1693 884 1778 946 duas
1809 903 1900 964 mpes

578 1002 622 1063 ab
645 1001 773 1063 eisdem
797 999 956 1064 defensas
979 1021 1055 1064 cum
1081 1001 1263 1064 multorum
1288 1002 1393 1064 caede
1409 1009 1626 1081 exceperunt,
1643 1001 1798 1081 duosque
1813 1019 1899 1081 prae-

577 1119 741 1180 stantium
765 1117 910 1180 militum
936 1118 1130 1199 manipulos
1153 1119 1197 1180 ad
1220 1136 1338 1199 rupem
1362 1119 1540 1180 adversam
1561 1116 1795 1198 occupandam
1811 1117 1899 1177 dimi-

578 1242 703 1305 serunt,
728 1235 822 1295 cuius
846 1244 961 1297 custos
984 1235 1080 1297 illam
1104 1234 1167 1296 sub
1190 1235 1347 1315 pactione
1371 1234 1518 1302 dedidit;
1541 1233 1604 1296 sed
1627 1252 1704 1294 cum
1724 1241 1841 1313 postea
1855 1229 1899 1293 fu·

578 1368 657 1432 gam
681 1351 725 1412 ad
748 1358 929 1431 tyrannum
953 1351 1183 1421 meditaretur,
1208 1369 1336 1431 poenas
1359 1350 1579 1411 obtruncatus
1602 1348 1765 1411 exsolvit.

266 1472 308 1521 ob
327 1470 549 1553 fidetdetectum
668 1482 696 1543 7.
722 1464 899 1529 Hactenus
921 1466 1123 1547 Imperatori
1147 1463 1283 1527 fortuna
1305 1465 1427 1536 arrisit,
1452 1466 1513 1527 sed
1536 1485 1611 1526 eurn
1633 1483 1717 1525 mox
1732 1465 1836 1526 irrisit
1849 1463 1899 1525 vel

230 1543 489 1676 mmmmm
508 1553 551 1593 ⁰⁰²
577 1582 651 1663 ipse
674 1582 763 1643 ultro
797 1602 835 1643 se
866 1581 1046 1644 rusticanis
1076 1592 1110 1644 et
1140 1579 1220 1642 fidei
1251 1582 1466 1643 eversoribus
1495 1580 1671 1642 ridendum
1703 1580 1898 1661 propinavit.

577 1695 724 1785 Videtur
747 1706 858 1760 autem
882 1696 993 1760 Deum
1016 1698 1143 1760 mundo
1165 1706 1327 1760 testatum
1351 1694 1464 1759 facere
1488 1696 1637 1760 voluisse
1660 1694 1899 1758 indemutatae

578 1811 829 1894 aequabilitatis
852 1832 928 1875 esse
951 1813 1102 1876 iustitiae
1125 1832 1206 1875 suae
1235 1824 1455 1883 momentum,
1487 1831 1563 1874 cum
1594 1810 1839 1892 Imperatorem
1861 1811 1898 1872 ad

577 1947 769 2009 supremam
795 1947 908 1991 arcem
932 1940 966 1991 et
990 1929 1113 1992 solium
1138 1931 1274 2011 tyranni
1297 1930 1504 2009 provexerit,
1529 1947 1592 1989 nec
1611 1936 1727 1989 tamen
1743 1926 1898 1995 annuerit,

577 2054 613 2105 ut
638 2043 844 2114 caederetur,
869 2055 927 2106 aut
951 2045 984 2107 in
1009 2046 1146 2108 vincula
1169 2046 1369 2113 truderetur,
1394 2045 1485 2124 quod
1509 2044 1582 2125 ipse
1608 2041 1687 2105 fidei
1718 2041 1899 2104 catholicae

578 2160 725 2239 lapidem
749 2162 792 2222 ad
820 2162 966 2223 medium
998 2172 1149 2224 montem
1181 2160 1353 2232 extulerit,
1385 2161 1446 2223 sed
1476 2161 1511 2221 in
1542 2177 1701 2240 supremo
1732 2160 1898 2220 cacumine

576 2268 737 2348 oscitans,
761 2287 795 2338 et
817 2277 910 2339 illius
933 2278 1138 2339 adversariis
1160 2296 1219 2339 ore
1243 2277 1380 2358 quidem
1404 2275 1611 2338 dicentibus:
1639 2271 1807 2336 Do*mine
1835 2272 1899 2334 Do-
1920 2276 1988 2334 utta

577 2391 679 2465 mino,
703 2392 763 2454 sed
794 2393 896 2455 corde
927 2393 1109 2456 admodum
1141 2393 1262 2455 aliems
1292 2402 1326 2455 et
1356 2391 1606 2454 haereticorum
1639 2390 1899 2471 receptatoribus

577 2507 772 2578 convivens,
797 2527 900 2589 supra
923 2506 1100 2590 fastigium
1124 2528 1190 2570 non
1214 2507 1447 2570 collocaverit.
1471 2503 1509 2569 Si
1532 2508 1624 2569 enim
1647 2503 1715 2568 fide
1737 2506 1898 2571 robustus,

576 2631 612 2684 ut
636 2632 803 2703 coeperat,
821 2626 966 2704 sagittas
982 2633 1100 2686 contra
1115 2622 1253 2686 Lastam
1277 2633 1396 2704 quater
1411 2622 1466 2685 vel
1482 2621 1661 2704 quinquies
1688 2623 1897 2701 intorqueret,

576 2737 672 2800 illam
695 2737 814 2819 procul
838 2740 943 2801 dubio
965 2748 1188 2823 expugnaret.
1212 2736 1282 2801 Sed
1306 2740 1341 2799 in
1360 2737 1471 2819 primo
1488 2755 1683 2819 congressu,
1701 2755 1777 2798 cum
1791 2744 1898 2796 tamen

576 2853 687 2915 victor
710 2863 808 2925 esset,
833 2854 1023 2918 lassescens
1046 2866 1080 2917 et
1102 2855 1255 2926 brachia,
1275 2864 1311 2915 ut
1336 2852 1420 2916 Rex
1436 2852 1514 2915 Ioas
1538 2873 1558 2914 a
1577 2850 1680 2933 Syria
1694 2852 1829 2934 sagittis
1843 2851 1899 2911 im-

577 2968 732 3049 petenda,
757 2969 942 3039 remittens,
967 2969 1032 3030 sibi
1055 2970 1205 3032 dedecus
1228 2978 1262 3031 et
1286 2978 1458 3031 aeternam
1493 2968 1663 3030 bellorum
1697 2966 1818 3029 seriem
1845 2986 1898 3047 po·

576 3081 676 3144 steris
699 3085 918 3164 comparavit.
943 3083 1018 3146 Res
1041 3084 1089 3146 ita
1111 3083 1286 3165 processit.

265 3204 370 3255 rnrellx
396 3219 478 3256 mun
496 3220 548 3255 nec
665 3203 694 3261 8.
719 3199 902 3281 Protegem
931 3200 1027 3262 illum
1061 3198 1258 3262 farinarium
1290 3219 1366 3262 cum
1398 3198 1581 3261 Inachibus
1611 3209 1645 3261 et
1676 3198 1848 3261 Lusitanis
1868 3197 1897 3257 in

228 3275 547 3408 ffnuffifflgg'fffl
575 3314 688 3377 locum
713 3315 815 3397 longe
839 3315 1021 3377 distantem
1045 3315 1087 3378 ad
1113 3316 1287 3396 perdenda
1309 3312 1479 3378 frumenta
1502 3315 1596 3377 misit
1618 3313 1817 3396 Imperator.
1848 3312 1898 3374 Re

229 3417 284 3467 ¹¹‘0
302 3418 467 3469 debilium.
575 3450 620 3493 ex
644 3440 726 3492 voto
753 3441 902 3511 peracta,
930 3432 1103 3504 redibant;
1135 3432 1194 3493 sed
1225 3430 1398 3503 rusticani,
1429 3432 1605 3512 occupatis
1628 3430 1767 3492 collium
1790 3448 1894 3510 super·

575 3545 676 3617 ciliis,
700 3547 734 3607 in
758 3565 817 3608 eos
840 3547 1003 3627 impetum
1026 3544 1137 3609 fecere
1153 3558 1187 3609 et
1210 3549 1243 3607 in
1266 3545 1384 3629 fugam
1400 3566 1477 3609 cum
1494 3546 1676 3608 multorum
1693 3546 1798 3607 caede
1814 3563 1897 3607 com·

576 3656 742 3742 pdlerunt.
767 3661 942 3724 Inachium
966 3672 1079 3723 tamen
1102 3661 1217 3743 plures
1239 3671 1274 3724 et
1298 3681 1416 3723 omnes
1431 3659 1596 3734 Lusitani,
1613 3663 1648 3723 in
1664 3681 1766 3724 unum
1782 3679 1897 3741 corpus

575 3779 744 3858 compacti
767 3787 801 3839 et
825 3778 1006 3840 ordinatim
1030 3778 1240 3861 retrogressi,
1265 3787 1377 3840 castra
1399 3787 1591 3841 tenuerunt.
1615 3777 1698 3840 Plus
1721 3797 1831 3858 aequo
1845 3778 1897 3838 do

575 3893 657 3954 loris
679 3914 723 3955 ex
748 3894 813 3955 hac
836 3895 933 3956 clade
957 3895 1047 3975 cepit
1070 3892 1261 3975 Imperator
1283 3904 1317 3956 et
1342 3894 1420 3964 loci,
1444 3893 1601 3956 hostibus
1624 3893 1773 3976 undique
1792 3891 1896 3959 clnctl

574 4007 789 4089 iniquitatem
811 4020 845 4072 et
870 4029 1023 4071 annonae
1058 4009 1259 4091 parcitatem
1286 4011 1463 4091 pensitans
1495 4010 1598 4093 (malo
1628 4010 1719 4072 enim
1751 4008 1895 4075 consilio.

574 4125 664 4202 quod
688 4125 888 4207 plerumque
911 4126 1162 4188 consultoribus
1183 4124 1368 4207 pesSImum
1393 4145 1467 4188 esse
1493 4126 1591 4196 solet
1622 4134 1758 4208 segetes
1788 4142 1897 4187 omnes

574 4240 770 4302 adiacentes
794 4241 875 4302 velli
899 4241 1118 4323 comburique
1142 4240 1374 4321 mandaverat)
1398 4249 1433 4303 et
1456 4240 1646 4304 rusticanos
1680 4261 1722 4303 eo
1748 4258 1896 4303 successu

574 4357 745 4417 excitatos
768 4358 959 4427 convenite,
985 4358 1117 4439 siquue
1141 4367 1176 4419 ut
1199 4357 1270 4418 illis
1294 4358 1433 4439 rupibus
1456 4359 1686 4440 egrederetur,
1711 4377 1799 4439 opus
1829 4374 1896 4419 esse

573 4471 891 4554 angustissimarum
915 4469 1063 4534 faucium
1087 4473 1248 4544 eluctatu,
1273 4473 1465 4535 exeundum
1485 4475 1614 4543 statuit,
1630 4483 1812 4555 antequam
1828 4470 1897 4532 viae

574 4588 618 4649 ab
642 4587 711 4648 illis
734 4588 1045 4651 intercluderentur.
1071 4586 1124 4650 Ita
1147 4585 1285 4651 facturn.
1309 4587 1513 4652 Meticulose
1536 4588 1685 4671 quidem,
1709 4590 1771 4651 sed
1789 4598 1896 4651 tamen

574 4704 712 4765 cordate
735 4704 917 4785 degressus
940 4716 1001 4775 est,
1025 4704 1302 4785 perstupentibus
1325 4725 1345 4765 a
1368 4713 1468 4785 tergo
1491 4704 1682 4776 rusticanis,
1709 4706 1770 4767 sed
1787 4720 1895 4785 parurn

573 4818 791 4881 observatum
815 4820 967 4881 ordinem
991 4819 1215 4882 laedentibus.
1240 4819 1367 4901 Ingens
1389 4830 1505 4882 tamen
1527 4820 1583 4882 hic
1606 4817 1698 4883 facta
1726 4829 1778 4883 est
1794 4817 1896 4882 famae

573 4935 660 4996 tanti
683 4934 780 4996 ducis
803 4936 933 4996 iactura
956 4953 1032 4997 cum
1056 4936 1142 4997 nihil
1166 4937 1277 5018 magis
1303 4936 1453 5016 optimus
1469 4936 1613 5017 quisque
1633 4936 1755 4997 timere
1771 4936 1894 4999 debeat,

574 5068 674 5129 quam
699 5068 742 5111 ne
765 5050 885 5111 timere
908 5050 1065 5112 videatur
1080 5062 1114 5113 et
1130 5051 1302 5124 rusticani,
1320 5051 1486 5113 montium
1503 5070 1641 5113 suorum
1657 5051 1817 5114 claustris
1830 5068 1895 5131 per·

573 5166 690 5247 ruptis,
714 5185 751 5228 se
774 5164 842 5227 late
866 5164 900 5226 in
922 5175 1032 5228 totum
1056 5185 1196 5250 regnum
1220 5167 1509 5251 Bagamedrinum
1532 5168 1750 5230 disiecerunt.
