4124 6182
543 538 581 595 32
874 532 1147 582 EXPEDITIONIS
1170 532 1434 584 AETHlOPICAE
1458 534 1539 585 ETC.

631 702 659 744 2.
676 679 743 763 Qui
756 680 885 745 Gomae
898 682 1055 763 primum.
1070 682 1236 743 uberioris
1252 683 1328 763 ipso
1344 681 1426 743 Nilo
1441 679 1602 754 fluminis,
1615 702 1697 745 mox
1716 682 1825 746 Keltu
1842 694 1878 747 et

539 797 673 861 Bransu
687 798 729 881 (a)
754 807 788 861 et
803 799 951 880 plurium
967 799 1118 860 rivorum
1134 809 1235 861 auctu
1251 798 1417 879 paulatim
1433 800 1663 862 intumescens
1679 810 1712 862 et
1728 819 1875 864 caenoso

539 918 785 998 uliginosorum
809 933 968 997 agrorum
991 933 1133 977 occursu
1150 911 1316 987 faedatus,
1333 914 1542 995 pellucidam
1557 915 1732 987 hactenus,
1750 917 1783 978 in
1807 926 1874 978 tur·

538 1035 654 1096 bidam
671 1034 769 1113 (sicut
785 1031 881 1094 illam
893 1028 1003 1093 Vates
1017 1030 1062 1113 (ι)
1074 1031 1275 1111 nominavit)
1292 1051 1416 1113 aquam
1432 1033 1626 1105 immutans,
1638 1033 1683 1095 ad
1700 1032 1872 1114 Depecan‚

538 1169 625 1230 quae
648 1150 759 1229 prima
782 1148 875 1210 illius
898 1158 951 1210 est
982 1156 1163 1219 cataracta,
1196 1147 1313 1228 ibique
1336 1158 1471 1229 patrum
1493 1145 1677 1211 Societatis
1701 1147 1780 1212 Iesu
1807 1146 1873 1212 fuit

537 1266 732 1335 residentia,
757 1266 792 1328 in
815 1283 938 1326 saxum
962 1264 997 1324 in
1021 1262 1193 1325 umbellae
1216 1265 1365 1344 speciem
1389 1273 1601 1346 praetentum
1625 1265 1812 1336 incurrens,
1838 1267 1871 1328 in

538 1385 642 1443 imam
665 1383 864 1462 voraginem
894 1381 938 1442 ad
968 1379 1147 1441 oculorum
1178 1380 1378 1461 deliquium,
1399 1400 1561 1461 spumeus
1592 1400 1633 1443 ac
1664 1400 1808 1443 sonorus
1838 1390 1874 1444 et

537 1498 728 1559 vicinorum
752 1497 891 1559 auribus
914 1495 1067 1569 infestus,
1091 1497 1260 1567 incitatur,
1285 1506 1319 1559 et
1336 1497 1497 1559 decursus
1521 1516 1541 1558 a
1564 1498 1677 1578 capite
1700 1497 1872 1579 quatridui

188 1607 363 1726 sessaffitze
393 1606 486 1727 95¹1}ss
481 1621 510 1727 a:
538 1615 669 1684 itinere,
692 1614 880 1695 nonaginta
904 1614 1107 1677 milliaribus
1130 1634 1151 1675 a
1174 1613 1292 1676 Nilide
1315 1614 1516 1694 hospitatur.
1541 1610 1599 1676 Sic
1624 1614 1715 1676 enim
1739 1613 1807 1675 dici
1832 1613 1872 1674 li-

189 1748 250 1797 tuu
272 1692 436 1811 hospitirfm.
537 1738 613 1791 ceat
636 1728 807 1810 paludem,
831 1725 973 1790 Coloem
996 1731 1041 1791 ab
1063 1731 1213 1810 antiquis
1240 1730 1448 1812 geographis
1475 1728 1695 1810 appellatam,
1724 1729 1872 1791 Patriar·

537 1845 621 1907 chae
637 1845 753 1907 domui
769 1845 813 1906 ad
828 1846 893 1906 tria
909 1846 1070 1907 milliaria
1086 1846 1324 1928 propinquam,
1345 1843 1521 1917 Goiamae,
1539 1844 1737 1908 Dambaeae
1754 1854 1789 1906 et
1803 1843 1870 1906 Ba·

537 1963 703 2043 gamediri
727 1980 834 2042 regna
857 1962 1053 2031 alluentem,
1070 1981 1156 2042 quae
1172 1963 1217 2023 ob
1234 1962 1493 2043 amplitudinem
1511 1962 1635 2023 dicitur
1650 1959 1749 2023 Mare
1765 1959 1870 2021 Dam-

536 2078 652 2147 baeae,
677 2076 750 2137 sive
773 2077 936 2149 Barsena,
960 2076 1025 2138 hoc
1049 2088 1101 2139 est
1120 2076 1218 2140 Mare
1242 2074 1343 2147 Sena,
1359 2097 1446 2158 quae
1469 2078 1595 2139 nobilis
1618 2086 1670 2139 est
1692 2077 1804 2139 insula
1826 2096 1871 2138 ex

536 2213 603 2274 qua
627 2192 726 2254 Nilus
750 2213 770 2254 a
793 2192 919 2273 palude
935 2193 1116 2274 expeditus
1136 2194 1171 2255 in
1187 2192 1363 2256 Orientem
1380 2194 1457 2255 viae
1477 2212 1513 2254 se
1529 2195 1653 2254 iterum
1669 2193 1869 2264 committit3

537 2320 569 2372 et
593 2310 788 2391 quindecim
818 2309 1023 2370 milliaribus
1053 2311 1246 2382 transactis,
1270 2317 1348 2391 post
1370 2305 1574 2371 secumdum
1598 2316 1802 2371 cataractam
1827 2308 1870 2368 ad
1898 2310 1917 2359 s·
1935 2322 1992 2367 2¹³.

189 2421 509 2544 reghztisestpnfjcetsss
536 2425 643 2488 Alata
667 2426 776 2507 (iuxta
798 2444 912 2507 quam,
935 2434 1073 2507 pontem
1090 2427 1134 2488 ab
1150 2446 1236 2488 aevo
1252 2427 1459 2508 indignatus,
1477 2446 1498 2487 a
1513 2423 1612 2487 fabro
1632 2424 1868 2494 caementario,

535 2561 637 2623 quem
661 2542 839 2604 nobiscum
863 2542 906 2603 ab
929 2540 1028 2603 India
1055 2544 1325 2624 importavimus‚
1348 2543 1412 2605 sub
1435 2544 1640 2623 imperatore
1666 2538 1785 2603 Seltan
1810 2538 1870 2601 Se·

535 2659 659 2741 gued0,
676 2659 769 2719 illius
784 2660 918 2738 patiens
930 2658 984 2740 (2),
1000 2660 1064 2720 sub
1080 2661 1215 2721 unicum
1229 2677 1343 2722 arcum
1361 2660 1483 2720 missus
1500 2657 1587 2740 fuit),
1600 2660 1634 2719 in
1650 2655 1867 2729 Vulturnum,

535 2774 712 2844 Austrum,
736 2771 1027 2854 Occidentemque
1061 2771 1220 2843 reflexus,
1248 2770 1394 2836 Goiama
1416 2794 1437 2835 a
1459 2773 1669 2843 Dambaeae,
1701 2771 1869 2854 Bagame·

535 2891 609 2962 diri,
626 2890 788 2962 Amarae,
806 2889 970 2961 Holecae,
988 2889 1121 2962 Xaoae,
1138 2887 1311 2961 Gafatum
1332 2889 1463 2952 Bizami
1488 2900 1523 2952 et
1539 2887 1738 2971 Gongarum
1754 2887 1869 2972 regnis

535 3007 682 3069 dissecta
705 3016 739 3068 et
763 3007 796 3067 in
820 3005 1032 3087 peninsulam
1057 3007 1205 3078 redacta,
1229 3025 1290 3068 sua
1312 3024 1421 3087 prope
1437 3006 1607 3068 cunabula
1622 3007 1751 3068 revisit.
1768 3003 1867 3068 Unde

534 3123 578 3184 ad
612 3120 898 3203 Septemtrionem
929 3140 1113 3184 conversus
1144 3140 1237 3185 mare
1270 3121 1429 3184 Rubrum
1461 3119 1552 3185 infra
1574 3118 1794 3202 Suaquenum
1825 3121 1867 3184 ad

535 3238 641 3309 illam,
664 3259 766 3320 quam
789 3249 914 3301 vocant
931 3237 1064 3310 Rifam,
1080 3259 1101 3301 a
1115 3240 1400 3321 quinquagesimo
1417 3239 1580 3301 milliario
1596 3239 1732 3310 salutat,
1749 3239 1808 3301 ubi
1823 3259 1867 3300 ex

533 3352 598 3424 his,
621 3374 709 3435 quae
732 3353 865 3416 Tullius
889 3356 922 3415 in
940 3352 1081 3416 Somnio
1098 3351 1272 3435 Scipionis
1286 3356 1457 3434 catadupa
1473 3354 1566 3423 dicit,
1584 3355 1672 3415 inter
1687 3372 1866 3416 occursan-

534 3481 585 3532 tes
608 3472 768 3551 scopulos
792 3472 951 3540 deiectus
975 3470 1097 3532 ultimo
1121 3490 1229 3551 eoque
1252 3472 1393 3532 immani
1417 3472 1515 3552 lapsu
1545 3477 1580 3531 et
1606 3471 1775 3532 immenso
1802 3467 1867 3530 fra-

533 3605 625 3667 gore,
651 3606 718 3648 non
741 3596 811 3648 tam
834 3583 938 3648 fluere
961 3605 1064 3666 quarn
1088 3605 1186 3649 ruere
1209 3587 1354 3657 videtur,
1379 3588 1448 3647 imo
1472 3587 1699 3667 praecipitari.
1725 3585 1810 3650 Inde
1833 3590 1866 3649 in

533 3702 734 3785 Aegyptum
761 3720 958 3784 properans,
991 3704 1122 3784 regioni
1148 3703 1255 3780 illi,a
1286 3703 1383 3765 coelo
1412 3712 1552 3784 propter
1582 3704 1695 3783 ipsum
1728 3704 1866 3765 minime

532 3819 711 3899 pendulae,
732 3819 921 3880 ubertatem
937 3819 1068 3880 invehit
1083 3826 1118 3881 et
1133 3819 1351 3881 hilaritatem.
1368 3817 1453 3881 Eius
1470 3821 1670 3881 incrementi
1685 3820 1751 3882 sub
1766 3821 1864 3882 leone

532 3955 634 3997 causa
657 3944 709 3996 est
731 3934 863 4014 hyems,
888 3935 971 3995 iulio
994 3942 1030 3996 et
1057 3946 1202 4018 augusto
1219 3936 1253 3997 in
1269 3933 1458 4015 Aethiopia
1478 3936 1629 3996 maxime
1653 3935 1865 4005 desaeviens,

530 4070 618 4130 quae
634 4052 668 4111 in
685 4051 840 4131 partibus
856 4050 1014 4112 Rubrum
1032 4070 1126 4113 mare
1142 4052 1362 4134 tangentibus
1380 4051 1413 4112 in
1429 4061 1564 4112 nostros
1576 4069 1712 4113 menses
1725 4052 1866 4133 hyema-

532 4166 581 4228 les
604 4164 771 4229 differtur.
794 4165 986 4228 Crocodilis
1009 4176 1043 4228 et
1066 4167 1333 4248 hyppopotamis
1350 4167 1459 4237 Nilus,
1477 4167 1584 4247 ipsius
1600 4168 1695 4248 ripae
1711 4168 1862 4248 gossipio

531 4292 564 4343 et
594 4284 798 4362 papyraceis
821 4282 1011 4343 arbusculis
1042 4284 1077 4343 in
1104 4282 1280 4344 hastarum
1303 4283 1562 4345 similitudinem
1585 4284 1863 4345 excrescentibus

507 4399 714 4469 abundant,
738 4418 784 4459 ex
806 4399 929 4478 quibus
953 4400 1098 4478 cymbae
1123 4400 1258 4460 nexiles
1280 4407 1313 4459 ot
1330 4400 1427 4478 aquis
1447 4400 1586 4479 perviae
1602 4401 1861 4481 conpinguntur,

529 4531 617 4591 quae
641 4521 677 4573 ut
707 4514 865 4583 vitentur,
895 4523 1052 4576 arcuatus
1076 4515 1229 4576 eiusdem
1259 4515 1361 4576 molis
1391 4533 1605 4595 papyraceae
1636 4511 1741 4577 fascis
1764 4515 1860 4577 alveo

530 4629 722 4708 imponitur,
748 4630 816 4709 qui,
842 4630 930 4691 ultra
945 4630 1135 4692 bicubitum
1150 4650 1251 4710 super
1266 4631 1411 4711 cymbae
1427 4631 1523 4692 labra
1539 4648 1734 4712 assurgens,
1751 4639 1859 4692 vecto-

529 4762 584 4805 res
607 4754 642 4806 et
664 4764 793 4806 merces
824 4766 844 4806 a
866 4746 1010 4826 palustri
1035 4766 1131 4827 aqua,
1157 4748 1307 4809 sednon
1332 4769 1352 4810 a
1374 4748 1503 4829 pluvia,
1528 4766 1634 4809 neca
1661 4749 1782 4818 ventis,
1806 4754 1859 4807 aut

528 4856 692 4921 fluctuum
717 4863 897 4942 aspergine
921 4862 1032 4924 reddit
1055 4864 1234 4925 immunes,

618 5024 653 5083 (a)
672 5021 755 5085 Kelty
774 5032 798 5069 et
818 5023 924 5086 Brauty,

618 5110 658 5176 (1)
678 5111 779 5167 ierem„
800 5124 823 5167 a,
844 5127 868 5161 u.
890 5110 929 5161 18.
950 5139 983 5150 -
1002 5114 1038 5175 (2)
1058 5113 1130 5167 Inir„
1145 5114 1190 5164 lib.
1210 5124 1234 5175 3,
1251 5129 1307 5178 cap.
1329 5122 1352 5173 7,
1370 5130 1396 5166 n.
1415 5132 1440 5182 9.
