4058 6178
526 589 584 648 152
855 582 1127 632 EXPEDITIONIS
1151 581 1412 632 AETHIOPICAE
1436 582 1516 631 ETC.

522 732 616 795 modo
637 731 756 801 ouium,
786 732 899 794 sedet
922 735 1099 815 postorum
1130 735 1168 792 tu
1199 750 1289 793 unus
1307 751 1355 792 'es
1381 734 1508 814 pustor.
1544 729 1642 793 Unde
1663 727 1701 792 id
1715 731 1849 815 probem

522 848 683 932 quoeris?
706 847 764 910 Ex
785 847 881 910 uerbo
903 847 1059 911 Domini.
1084 846 1155 909 Cui
1174 845 1275 917 enim,
1300 866 1368 908 non
1390 847 1463 910 dito
1484 846 1720 931 episcoporum,
1742 844 1800 909 sed
1819 852 1851 909 et

521 964 756 1049 Apostolorum
779 963 826 1026 sic
848 962 992 1025 absolute
1007 973 1040 1025 et
1054 960 1234 1026 indiscrete
1256 966 1345 1025 totae
1366 962 1558 1026 commissae
1579 966 1663 1025 sunt
1676 963 1775 1025 oues?
1790 959 1853 1024 *St
1881 970 1896 1022 t.
1914 979 1946 1030 74.

523 1102 573 1143 me
588 1099 691 1149 omos,
703 1078 815 1152 Petre,
826 1085 926 1163 posce
942 1098 1016 1141 oues
1030 1096 1119 1140 meus
1134 1076 1190 1163 (1).
1210 1074 1331 1160 Quos?
1353 1077 1462 1140 Illius
1475 1077 1531 1140 uel
1543 1077 1642 1141 illius
1651 1077 1793 1163 potiolus
1807 1077 1850 1140 ei·

521 1195 639 1259 vetatis
661 1198 725 1257 out
746 1193 894 1279 regionis
917 1198 980 1256 out
1000 1194 1087 1256 certi
1107 1190 1232 1277 regni?
1256 1191 1340 1255 Ooes
1364 1213 1462 1263 meas,
1487 1192 1609 1277 iuquit.
1636 1193 1784 1256 Cuinou
1801 1199 1852 1256 ost

518 1311 661 1395 planum
684 1308 860 1395 designari
879 1308 1019 1372 omnes?
1041 1309 1150 1372 Nt'ttil
1169 1309 1351 1393 excipitur,
1374 1309 1435 1373 ubi
1448 1309 1679 1394 distinguitur
1691 1308 1784 1372 mitit
1797 1312 1849 1389 (zi.

522 1425 580 1489 Sic
606 1428 676 1489 ille.

780 1678 946 1738 Probatur
967 1675 1134 1752 exemplis
1157 1674 1324 1737 ecclesiae
1347 1675 1593 1738 Antiochenae.

213 1898 354 1948 Primum
383 1898 497 1981 necte·
613 1911 642 1969 q.
666 1889 716 1952 Ut
739 1892 842 1972 igitur
865 1890 1016 1972 probem,
1040 1889 1180 1952 Petrum
1204 1889 1378 1971 ipsiusque
1397 1907 1626 1951 successorem
1654 1887 1848 1952 Romanum

177 1969 496 2091 {ffiffffmm'
524 2005 721 2069 Pontihcem
745 2014 912 2067 rectorem
936 2025 1011 2067 esse
1033 2015 1068 2067 et
1092 2005 1237 2068 iudicem
1261 2022 1428 2087 agnorum
1450 2015 1483 2067 et
1513 2006 1639 2075 ovium,
1664 2005 1751 2067 idest
1780 2024 1848 2068 om·

523 2122 616 2183 nium
639 2118 791 2183 fidelium
822 2121 925 2182 etiam
959 2121 1209 2201 episcoporum,
1237 2129 1271 2182 et
1301 2120 1432 2183 sedium
1464 2119 1751 2202 patriarchalium,
1781 2141 1849 2183 ser·

522 2228 759 2299 vata'interim
784 2236 828 2297 ad
852 2233 954 2298 finem
977 2234 1227 2307 Alexandrina,
1251 2255 1338 2317 quae
1361 2255 1496 2318 semper
1518 2237 1667 2299 secunda
1688 2234 1752 2299 fuit
1774 2248 1850 2318 post

523 2351 729 2421 Romanam,
765 2352 808 2413 ab
839 2349 1058 2413 Antiochena
1086 2370 1175 2434 quae
1205 2353 1307 2413 tertio
1338 2352 1415 2414 loco
1445 2362 1640 2414 numeratur
1662 2374 1683 2415 a
1705 2352 1850 2415 concilio

523 2468 676 2531 Nicaeno
692 2470 736 2549 (3)
752 2476 786 2530 et
803 2468 908 2529 tertia
930 2478 1073 2529 vocatur
1097 2487 1117 2529 a
1141 2467 1222 2529 divo
1245 2466 1419 2530 Anacleto
1436 2466 1491 2551 (4),
1508 2489 1528 2530 a
1551 2478 1669 2531 sancto
1686 2467 1850 2530 Innocen-

522 2586 571 2647 tio
587 2584 640 2665 (5)‚
654 2604 675 2645 a
686 2583 816 2666 Magno
827 2582 942 2645 Leone
954 2582 997 2664 (ὁ)
1014 2592 1048 2646 et
1065 2582 1156 2645 Divo
1168 2581 1308 2647 Gelasio
1325 2583 1369 2666 (7)
1387 2585 1566 2646 ordiamur.
1580 2582 1686 2664 Quae,
1701 2594 1737 2646 ut
1749 2585 1851 2646 tradit

523 2701 622 2762 divus
637 2698 863 2769 Innocentius,
877 2717 1042 2783 germano
1057 2702 1107 2761 est
1120 2698 1296 2761 Romanae
1314 2703 1348 2761 et
1356 2696 1474 2782 prim
1493 2699 1637 2782 apostoli
1649 2698 1751 2762 Petri
1762 2700 1851 2762 sedes

523 2835 591 2878 esse
606 2819 817 2878 monstratur
827 2818 861 2877 et
870 2812 963 2876 urbis
975 2813 1102 2876 Romae
1113 2811 1188 2876 sedi
1196 2834 1263 2876 non
1279 2815 1414 2888 cederet,
1430 2813 1505 2877 niu
1516 2812 1605 2898 qzeod
1617 2814 1683 2877 illu
1702 2814 1740 2876 in
1756 2818 1850 2876 tron-

522 2931 603 2994 sotu'
614 2931 750 3004 meruit,
773 2930 839 2993 esto
860 2934 1048 3014 susceptum
1064 2930 1158 3013 opud
1168 2950 1204 2991 se
1217 2935 1544 3014 consummatumque
1555 2930 1729 3016 gauderet.
1756 2927 1850 3010 Quae

524 3047 629 3110 verba
652 3066 787 3109 causam
811 3046 997 3115 continent,
1020 3064 1079 3106 cur
1103 3044 1292 3108 Antiochia
1314 3046 1480 3109 ecclesiae
1503 3047 1650 3128 primatu
1671 3065 1738 3108 non
1769 3065 1850 3129 gau·

524 3165 613 3233 deat,
649 3182 725 3224 cum
755 3163 865 3242 ipsam
896 3163 1042 3242 primum
1080 3161 1260 3224 incoluerit
1291 3161 1390 3224 divus
1421 3161 1559 3234 Petrus;
1590 3162 1739 3243 gaudeat
1769 3181 1851 3224 vero

523 3279 649 3349 Roma,
661 3278 705 3340 ad
732 3296 834 3358 quam
865 3280 1035 3358 posterius
1066 3278 1238 3359 migravit.
1262 3274 1362 3357 Quod
1380 3298 1515 3359 *nempe
1546 3277 1770 3341 Antiochiam
1793 3297 1852 3360 per

522 3406 738 3457 transennam
762 3404 796 3455 et
818 3391 970 3454 Romam
994 3411 1127 3474 semper
1149 3394 1305 3475 cogitans
1329 3395 1506 3474 oculisque
1525 3394 1559 3455 in
1576 3413 1652 3455 eam
1680 3392 1853 3455 conversis

522 3511 668 3573 tenuerit
691 3521 725 3571 et
748 3509 836 3570 hanc
859 3507 924 3570 Dei
948 3509 1078 3571 monitu
1102 3519 1135 3571 et
1158 3507 1285 3590 figendi
1317 3519 1491 3571 aeternum
1522 3511 1557 3571 in
1587 3529 1628 3571 ea
1655 3510 1771 3571 sedem
1795 3508 1852 3570 de·

522 3624 704 3687 stinatione
726 3625 918 3706 quaesierit.
944 3623 1032 3686 Nam
1056 3625 1155 3686 iuxta
1178 3626 1273 3706 leges
1296 3644 1473 3688 caesareas
1497 3644 1563 3686 non
1587 3625 1634 3686 ibi
1658 3627 1736 3705 quis
1758 3624 1852 3685 habi·

522 3748 594 3803 tare
609 3749 667 3803 aut
683 3741 894 3802 domicilium
918 3740 1131 3802 contraxisse
1154 3741 1287 3812 dicitur,
1312 3741 1369 3801 ubi
1385 3741 1420 3802 in
1435 3749 1630 3803 transcursu
1646 3741 1767 3821 pedem
1784 3750 1852 3802 sta·

520 3857 595 3928 tuit,
619 3857 680 3918 sed
703 3856 761 3917 ubi
789 3855 895 3917 semel
924 3852 1001 3917 fixit
1031 3856 1145 3917 animo
1175 3866 1376 3936 perpetuum
1400 3855 1560 3918 manendi
1583 3866 1618 3918 et
1650 3855 1709 3916 ubi
1740 3855 1851 3935 ipsum

523 3990 615 4034 mors
637 3972 774 4052 excepit
786 3970 845 4052 (8).Ι
864 3970 962 4032 Licet
977 3970 1067 4033 enim
1092 3969 1206 4032 David
1230 3972 1263 4032 in
1281 3969 1423 4033 Hebron
1447 3973 1627 4053 septennio
1648 3971 1853 4053 regnaverit.

523 4106 599 4149 cum
622 4095 734 4148 tamen
766 4088 972 4166 impacatum
1003 4086 1109 4165 ipsius
1137 4103 1196 4146 cor
1221 4095 1322 4157 esset,
1354 4086 1463 4147 donec
1485 4085 1734 4167 Ierosolymam
1761 4097 1853 4146 tran·

523 4203 613 4272 siret,
636 4203 671 4263 in
694 4218 768 4280 qua>
784 4200 921 4261 tandem
944 4199 1099 4281 placidus
1128 4200 1216 4262 sedit
1246 4211 1280 4262 et
1310 4209 1454 4262 mortem
1478 4200 1597 4289 obivit,
1621 4201 1728 4281 ipsius
1753 4200 1854 4262 sedes

524 4335 590 4378 non
617 4315 782 4387 Hebroni,
814 4317 875 4377 sed
891 4314 1122 4395 ierosolymae
1138 4315 1324 4395 imputatur
1340 4316 1392 4398 (9).
1411 4315 1493 4401 Ego,
1509 4318 1629 4397 inquit,
1643 4313 1855 4377 ‘comunem

521 4451 595 4492 sum
608 4450 671 4493 reu
686 4430 728 4494 ob
742 4450 777 4493 eo
792 4436 893 4514 nuper
907 4429 996 4492 Sion
1013 4434 1154 4494 montem
1172 4436 1325 4493 sonetum
1340 4432 1415 4495 eius
1428 4429 1509 4513 (10);
1531 4430 1706 4512 ipsiusque
1717 4449 1855 4493 succes·

523 4566 618 4609 sores
652 4568 718 4609 non
747 4547 936 4610 Hebronici
967 4547 1030 4610 'sed
1062 4546 1339 4630 lerosolymitani
1370 4565 1468 4630 reges
1503 4544 1653 4608 audiunt.
1686 4543 1855 4608 Similiter

522 4682 598 4724 cum
625 4662 745 4726 Petrus
776 4666 954 4745 septennio
985 4664 1204 4737 Antiochiae,
1235 4665 1296 4726 sed
1328 4678 1442 4726 tamen
1472 4663 1684 4725 discessurus
1714 4659 1854 4731 sederit,

610 4877 649 4939 (ι)
664 4877 766 4933 roano,
780 4890 822 4936 ιι,
837 4893 862 4928 n.
879 4877 919 4937 th,
937 4886 975 4934 17.
992 4905 1020 4913 -
1036 4856 1149 4945 (zius.
1163 4890 1187 4935 ι,
1200 4878 1241 4925 oe
1253 4878 1380 4926 constan.
1393 4904 1427 4913 -
1440 4873 1481 4943 (3)
1493 4874 1556 4926 can.
1571 4874 1597 4928 6.
1609 4902 1644 4912 -
1665 4872 1706 4940 (4)
1722 4875 1811 4939 Epist
1831 4884 1855 4934 3.

521 4990 556 5003 -
575 4964 615 5030 (5)
634 4966 719 5030 Epist.
740 4978 773 5015 20
792 4976 817 5015 et
837 4978 878 5016 21.
898 4994 932 5004 -
950 4965 989 5033 (6(
1008 4968 1092 5032 Eplst.
1113 4976 1145 5028 53
1165 4969 1201 5016 od
1218 4966 1326 5018 Amul.
1347 4991 1380 5002 -
1398 4968 1437 5029 (7)
1452 4965 1538 5029 Epist.
1551 4964 1584 5013 ad
1597 4965 1675 5029 episc.
1689 4963 1808 5016 Darden.
1822 4990 1857 5001 -

522 5049 548 5113 8(
567 5054 597 5104 L.
615 5054 821 5104 Postiliminium
839 5065 864 5104 et
883 5057 914 5107 L.
933 5055 1018 5113 Nihil,
1039 5055 1065 5107 n.
1084 5056 1124 5104 De
1143 5056 1237 5119 captiv.
1250 5064 1276 5103 et
1288 5054 1404 5119 postlim.
1419 5054 1535 5103 reversis.
1550 5080 1582 5090 -
1597 5052 1663 5119 (9)3
1678 5054 1755 5119 Reg„
1768 5069 1796 5105 n.
1814 5064 1853 5103 11.

523 5141 631 5209 -(10)
650 5145 748 5194 Psalm.
769 5156 792 5201 2,
811 5160 835 5194 n.
856 5143 879 5194 6.
