<?xml version="1.0" encoding="UTF-8"?>
<!DOCTYPE html PUBLIC "-//W3C//DTD XHTML 1.0 Transitional//EN"
    "http://www.w3.org/TR/xhtml1/DTD/xhtml1-transitional.dtd">
<html xmlns="http://www.w3.org/1999/xhtml" xml:lang="en" lang="en">
 <head>
  <title>
</title>
<meta http-equiv="Content-Type" content="text/html;charset=utf-8" />
  <meta name='ocr-system' content='tesseract 3.04.00' />
  <meta name='ocr-capabilities' content='ocr_page ocr_carea ocr_par ocr_line ocrx_word'/>
</head>
<body>
  <div class='ocr_page' id='page_1' title='image "./rerumaethiopica00beccgoog_0153.png"; bbox 0 0 4124 6182; ppageno 0'>
   <div class='ocr_carea' id='block_1_1' title="bbox 544 554 1541 612">
    <p class='ocr_par' dir='ltr' id='par_1_1' title="bbox 544 554 1541 612">
     <span class='ocr_line' id='line_1_1' title="bbox 544 554 1541 612; baseline 0.003 -3"><span class='ocrx_word' id='word_1_1' title='bbox 544 554 583 610; x_wconf 86' lang='lat'><strong>82</strong></span> <span class='ocrx_word' id='word_1_2' title='bbox 877 561 1151 612; x_wconf 84' lang='lat' dir='ltr'><strong>EXPEDITIONIS</strong></span> <span class='ocrx_word' id='word_1_3' title='bbox 1174 560 1437 612; x_wconf 81' lang='lat' dir='ltr'><strong>AETHlOPICAE</strong></span> <span class='ocrx_word' id='word_1_4' title='bbox 1461 562 1541 612; x_wconf 85' lang='lat' dir='ltr'><strong>ETC.</strong></span> 
     </span>
    </p>
   </div>
   <div class='ocr_carea' id='block_1_2' title="bbox 541 708 1877 1604">
    <p class='ocr_par' dir='ltr' id='par_1_2' title="bbox 541 708 1877 1604">
     <span class='ocr_line' id='line_1_2' title="bbox 634 708 1877 793; baseline -0.001 -21"><span class='ocrx_word' id='word_1_5' title='bbox 634 730 663 774; x_wconf 88' lang='lat'><strong>2.</strong></span> <span class='ocrx_word' id='word_1_6' title='bbox 687 709 852 773; x_wconf 91' lang='lat' dir='ltr'><strong>Rhodum</strong></span> <span class='ocrx_word' id='word_1_7' title='bbox 876 713 980 793; x_wconf 90' lang='lat' dir='ltr'><strong>prius,</strong></span> <span class='ocrx_word' id='word_1_8' title='bbox 996 708 1202 772; x_wconf 88' lang='lat' dir='ltr'><strong>Christianis</strong></span> <span class='ocrx_word' id='word_1_9' title='bbox 1218 710 1329 772; x_wconf 90' lang='lat' dir='ltr'><strong>adhuc</strong></span> <span class='ocrx_word' id='word_1_10' title='bbox 1345 711 1516 793; x_wconf 90' lang='lat' dir='ltr'><strong>equitibus</strong></span> <span class='ocrx_word' id='word_1_11' title='bbox 1539 720 1725 792; x_wconf 88' lang='lat' dir='ltr'><strong>parentem,</strong></span> <span class='ocrx_word' id='word_1_12' title='bbox 1754 710 1877 772; x_wconf 89' lang='lat' dir='ltr'><strong>deinde</strong></span> 
     </span>
     <span class='ocr_line' id='line_1_3' title="bbox 543 824 1876 909; baseline -0.001 -21"><span class='ocrx_word' id='word_1_13' title='bbox 543 825 805 897; x_wconf 91' lang='lat' dir='ltr'><strong>Alexandriam,</strong></span> <span class='ocrx_word' id='word_1_14' title='bbox 830 825 1029 909; x_wconf 86' lang='lat' dir='ltr'>Memphim,</span> <span class='ocrx_word' id='word_1_15' title='bbox 1054 826 1180 890; x_wconf 84' lang='lat' dir='ltr'><strong>Torum</strong></span> <span class='ocrx_word' id='word_1_16' title='bbox 1203 828 1239 890; x_wconf 90' lang='lat' dir='ltr'><strong>in</strong></span> <span class='ocrx_word' id='word_1_17' title='bbox 1262 829 1402 889; x_wconf 89' lang='lat' dir='ltr'><strong>arabico</strong></span> <span class='ocrx_word' id='word_1_18' title='bbox 1425 827 1529 889; x_wconf 90' lang='lat' dir='ltr'><strong>maris</strong></span> <span class='ocrx_word' id='word_1_19' title='bbox 1552 824 1723 888; x_wconf 86' lang='lat' dir='ltr'><strong>Erithraei</strong></span> <span class='ocrx_word' id='word_1_20' title='bbox 1751 825 1876 897; x_wconf 75' lang='lat' dir='ltr'><strong>littore,</strong></span> 
     </span>
     <span class='ocr_line' id='line_1_4' title="bbox 542 938 1875 1026; baseline -0.001 -22"><span class='ocrx_word' id='word_1_21' title='bbox 542 938 762 1024; x_wconf 86' lang='lat' dir='ltr'><strong>Suaquenum</strong></span> <span class='ocrx_word' id='word_1_22' title='bbox 785 944 819 1005; x_wconf 93' lang='lat' dir='ltr'><strong>in</strong></span> <span class='ocrx_word' id='word_1_23' title='bbox 845 943 1037 1024; x_wconf 91' lang='lat' dir='ltr'><strong>aethiopico</strong></span> <span class='ocrx_word' id='word_1_24' title='bbox 1061 945 1155 1025; x_wconf 91' lang='lat' dir='ltr'><strong>(quiri</strong></span> <span class='ocrx_word' id='word_1_25' title='bbox 1178 954 1319 1007; x_wconf 80' lang='lat' dir='ltr'><strong>nossent</strong></span> <span class='ocrx_word' id='word_1_26' title='bbox 1342 944 1400 1006; x_wconf 90' lang='lat' dir='ltr'><strong>ubi</strong></span> <span class='ocrx_word' id='word_1_27' title='bbox 1424 942 1551 1026; x_wconf 85' lang='lat' dir='ltr'>essent)</span> <span class='ocrx_word' id='word_1_28' title='bbox 1567 951 1601 1004; x_wconf 91' lang='lat' dir='ltr'><strong>et</strong></span> <span class='ocrx_word' id='word_1_29' title='bbox 1624 942 1764 1005; x_wconf 89' lang='lat' dir='ltr'><strong>tandem</strong></span> <span class='ocrx_word' id='word_1_30' title='bbox 1784 940 1875 1003; x_wconf 86' lang='lat' dir='ltr'><strong>Ade-</strong></span> 
     </span>
     <span class='ocr_line' id='line_1_5' title="bbox 542 1055 1876 1131; baseline 0 -12"><span class='ocrx_word' id='word_1_31' title='bbox 542 1076 621 1119; x_wconf 90' lang='lat' dir='ltr'><strong>num</strong></span> <span class='ocrx_word' id='word_1_32' title='bbox 646 1057 680 1120; x_wconf 89' lang='lat' dir='ltr'><strong>in</strong></span> <span class='ocrx_word' id='word_1_33' title='bbox 704 1057 838 1121; x_wconf 91' lang='lat' dir='ltr'><strong>Arabia</strong></span> <span class='ocrx_word' id='word_1_34' title='bbox 859 1055 971 1131; x_wconf 88' lang='lat' dir='ltr'><strong>felice,</strong></span> <span class='ocrx_word' id='word_1_35' title='bbox 995 1060 1085 1122; x_wconf 91' lang='lat' dir='ltr'><strong>ultra</strong></span> <span class='ocrx_word' id='word_1_36' title='bbox 1108 1057 1186 1123; x_wconf 87' lang='lat' dir='ltr'><strong>freti</strong></span> <span class='ocrx_word' id='word_1_37' title='bbox 1210 1056 1327 1123; x_wconf 83' lang='lat' dir='ltr'><strong>fauces</strong></span> <span class='ocrx_word' id='word_1_38' title='bbox 1349 1067 1541 1122; x_wconf 88' lang='lat' dir='ltr'><strong>tenuerunt.</strong></span> <span class='ocrx_word' id='word_1_39' title='bbox 1566 1056 1635 1121; x_wconf 94' lang='lat' dir='ltr'><strong>Ubi</strong></span> <span class='ocrx_word' id='word_1_40' title='bbox 1659 1077 1736 1120; x_wconf 90' lang='lat' dir='ltr'><strong>cum</strong></span> <span class='ocrx_word' id='word_1_41' title='bbox 1752 1059 1876 1120; x_wconf 90' lang='lat' dir='ltr'><strong>audiis-</strong></span> 
     </span>
     <span class='ocr_line' id='line_1_6' title="bbox 541 1172 1876 1258; baseline 0 -24"><span class='ocrx_word' id='word_1_42' title='bbox 541 1181 616 1234; x_wconf 82' lang='lat' dir='ltr'><strong>sent</strong></span> <span class='ocrx_word' id='word_1_43' title='bbox 639 1172 860 1235; x_wconf 89' lang='lat' dir='ltr'><strong>christianum</strong></span> <span class='ocrx_word' id='word_1_44' title='bbox 886 1173 919 1235; x_wconf 88' lang='lat' dir='ltr'><strong>in</strong></span> <span class='ocrx_word' id='word_1_45' title='bbox 951 1174 1178 1256; x_wconf 86' lang='lat' dir='ltr'><strong>Aethiopiam</strong></span> <span class='ocrx_word' id='word_1_46' title='bbox 1201 1173 1340 1258; x_wconf 81' lang='lat' dir='ltr'><strong>Regem</strong></span> <span class='ocrx_word' id='word_1_47' title='bbox 1363 1175 1542 1247; x_wconf 89' lang='lat' dir='ltr'><strong>dominari,</strong></span> <span class='ocrx_word' id='word_1_48' title='bbox 1566 1194 1630 1236; x_wconf 89' lang='lat' dir='ltr'><strong>nec</strong></span> <span class='ocrx_word' id='word_1_49' title='bbox 1659 1183 1775 1236; x_wconf 89' lang='lat' dir='ltr'><strong>tamen</strong></span> <span class='ocrx_word' id='word_1_50' title='bbox 1806 1192 1876 1235; x_wconf 91' lang='lat' dir='ltr'><strong>cre·</strong></span> 
     </span>
     <span class='ocr_line' id='line_1_7' title="bbox 541 1287 1875 1374; baseline 0.001 -25"><span class='ocrx_word' id='word_1_51' title='bbox 541 1288 659 1350; x_wconf 89' lang='lat' dir='ltr'><strong>dererit</strong></span> <span class='ocrx_word' id='word_1_52' title='bbox 682 1287 780 1350; x_wconf 90' lang='lat' dir='ltr'><strong>illum</strong></span> <span class='ocrx_word' id='word_1_53' title='bbox 803 1307 878 1351; x_wconf 89' lang='lat' dir='ltr'><strong>esse</strong></span> <span class='ocrx_word' id='word_1_54' title='bbox 901 1308 1013 1370; x_wconf 89' lang='lat' dir='ltr'><strong>posse,</strong></span> <span class='ocrx_word' id='word_1_55' title='bbox 1038 1291 1081 1353; x_wconf 91' lang='lat' dir='ltr'><strong>ad</strong></span> <span class='ocrx_word' id='word_1_56' title='bbox 1114 1310 1215 1372; x_wconf 91' lang='lat' dir='ltr'><strong>quem</strong></span> <span class='ocrx_word' id='word_1_57' title='bbox 1241 1290 1516 1374; x_wconf 88' lang='lat' dir='ltr'><strong>investigandum</strong></span> <span class='ocrx_word' id='word_1_58' title='bbox 1544 1289 1767 1361; x_wconf 84' lang='lat' dir='ltr'><strong>mitterentur,</strong></span> <span class='ocrx_word' id='word_1_59' title='bbox 1800 1308 1875 1351; x_wconf 92' lang='lat' dir='ltr'><strong>cum</strong></span> 
     </span>
     <span class='ocr_line' id='line_1_8' title="bbox 541 1401 1876 1488; baseline 0.001 -24"><span class='ocrx_word' id='word_1_60' title='bbox 541 1402 597 1464; x_wconf 91' lang='lat' dir='ltr'><strong>hic</strong></span> <span class='ocrx_word' id='word_1_61' title='bbox 621 1404 654 1465; x_wconf 91' lang='lat' dir='ltr'><strong>in</strong></span> <span class='ocrx_word' id='word_1_62' title='bbox 679 1401 811 1473; x_wconf 88' lang='lat' dir='ltr'><strong>Africa,</strong></span> <span class='ocrx_word' id='word_1_63' title='bbox 836 1404 895 1467; x_wconf 91' lang='lat' dir='ltr'><strong>ille</strong></span> <span class='ocrx_word' id='word_1_64' title='bbox 919 1406 954 1468; x_wconf 89' lang='lat' dir='ltr'><strong>in</strong></span> <span class='ocrx_word' id='word_1_65' title='bbox 977 1405 1076 1468; x_wconf 84' lang='lat' dir='ltr'><strong>India</strong></span> <span class='ocrx_word' id='word_1_66' title='bbox 1099 1424 1242 1488; x_wconf 88' lang='lat' dir='ltr'><strong>regnare</strong></span> <span class='ocrx_word' id='word_1_67' title='bbox 1266 1406 1446 1476; x_wconf 84' lang='lat' dir='ltr'><strong>diceretur,</strong></span> <span class='ocrx_word' id='word_1_68' title='bbox 1467 1408 1630 1468; x_wconf 90' lang='lat' dir='ltr'><strong>intereos</strong></span> <span class='ocrx_word' id='word_1_69' title='bbox 1653 1407 1824 1475; x_wconf 86' lang='lat' dir='ltr'><strong>convenit,</strong></span> <span class='ocrx_word' id='word_1_70' title='bbox 1840 1414 1876 1465; x_wconf 94' lang='lat' dir='ltr'><strong>ut</strong></span> 
     </span>
     <span class='ocr_line' id='line_1_9' title="bbox 541 1519 1877 1604; baseline 0 -24"><span class='ocrx_word' id='word_1_71' title='bbox 541 1519 628 1581; x_wconf 90' lang='lat' dir='ltr'><strong>alter</strong></span> <span class='ocrx_word' id='word_1_72' title='bbox 651 1519 684 1581; x_wconf 90' lang='lat' dir='ltr'><strong>in</strong></span> <span class='ocrx_word' id='word_1_73' title='bbox 714 1520 943 1603; x_wconf 89' lang='lat' dir='ltr'><strong>Aethiopiam,</strong></span> <span class='ocrx_word' id='word_1_74' title='bbox 967 1521 1053 1584; x_wconf 88' lang='lat' dir='ltr'><strong>alter</strong></span> <span class='ocrx_word' id='word_1_75' title='bbox 1076 1522 1110 1583; x_wconf 89' lang='lat' dir='ltr'><strong>in</strong></span> <span class='ocrx_word' id='word_1_76' title='bbox 1134 1521 1267 1584; x_wconf 90' lang='lat' dir='ltr'><strong>Indiam</strong></span> <span class='ocrx_word' id='word_1_77' title='bbox 1291 1522 1536 1604; x_wconf 82' lang='lat' dir='ltr'><strong>digrederetur,</strong></span> <span class='ocrx_word' id='word_1_78' title='bbox 1560 1532 1594 1583; x_wconf 90' lang='lat' dir='ltr'><strong>et</strong></span> <span class='ocrx_word' id='word_1_79' title='bbox 1618 1519 1783 1601; x_wconf 88' lang='lat' dir='ltr'><strong>Memphi,</strong></span> <span class='ocrx_word' id='word_1_80' title='bbox 1808 1520 1877 1581; x_wconf 90' lang='lat' dir='ltr'><strong>suis</strong></span> 
     </span>
    </p>
   </div>
   <div class='ocr_carea' id='block_1_3' title="bbox 194 1634 1876 1770">
    <p class='ocr_par' dir='ltr' id='par_1_3' title="bbox 194 1634 1876 1770">
     <span class='ocr_line' id='line_1_10' title="bbox 230 1634 1876 1768; baseline -0.001 -71"><span class='ocrx_word' id='word_1_81' title='bbox 230 1645 318 1768; x_wconf 61' lang='lat' dir='ltr'><strong>Pqiva</strong></span> <span class='ocrx_word' id='word_1_82' title='bbox 336 1645 513 1766; x_wconf 60' lang='lat' dir='ltr'><strong>Aeuippiim</strong></span> <span class='ocrx_word' id='word_1_83' title='bbox 541 1637 873 1718; x_wconf 82' lang='lat' dir='ltr'><strong>peregrinationibus</strong></span> <span class='ocrx_word' id='word_1_84' title='bbox 903 1638 1045 1708; x_wconf 85' lang='lat' dir='ltr'><strong>exactis,</strong></span> <span class='ocrx_word' id='word_1_85' title='bbox 1077 1638 1214 1699; x_wconf 91' lang='lat' dir='ltr'><strong>tandem</strong></span> <span class='ocrx_word' id='word_1_86' title='bbox 1246 1639 1387 1700; x_wconf 87' lang='lat' dir='ltr'><strong>coirent.</strong></span> <span class='ocrx_word' id='word_1_87' title='bbox 1419 1636 1546 1700; x_wconf 88' lang='lat' dir='ltr'><strong>Zeilam</strong></span> <span class='ocrx_word' id='word_1_88' title='bbox 1577 1635 1700 1708; x_wconf 87' lang='lat' dir='ltr'><strong>Paiva;</strong></span> <span class='ocrx_word' id='word_1_89' title='bbox 1740 1636 1820 1697; x_wconf 92' lang='lat' dir='ltr'><strong>inde</strong></span> <span class='ocrx_word' id='word_1_90' title='bbox 1843 1634 1876 1695; x_wconf 91' lang='lat' dir='ltr'><strong>in</strong></span> 
     </span>
     <span class='ocr_line' id='line_1_11' title="bbox 194 1728 514 1770; baseline -0.009 0"><span class='ocrx_word' id='word_1_91' title='bbox 194 1728 285 1770; x_wconf 59' lang='lat' dir='ltr'><strong>demit</strong></span> <span class='ocrx_word' id='word_1_92' title='bbox 314 1729 346 1768; x_wconf 75' lang='lat' dir='ltr'><strong>et</strong></span> <span class='ocrx_word' id='word_1_93' title='bbox 376 1733 410 1767; x_wconf 72' lang='lat' dir='ltr'><strong>te</strong></span> <span class='ocrx_word' id='word_1_94' title='bbox 440 1732 514 1768; x_wconf 69' lang='lat' dir='ltr'><strong>len!</strong></span> 
     </span>
    </p>
   </div>
   <div class='ocr_carea' id='block_1_4' title="bbox 194 1749 1876 1853">
    <p class='ocr_par' dir='ltr' id='par_1_4' title="bbox 194 1749 1876 1853">
     <span class='ocr_line' id='line_1_12' title="bbox 194 1749 1876 1853; baseline -0.003 -35"><span class='ocrx_word' id='word_1_95' title='bbox 194 1791 319 1853; x_wconf 79' lang='lat' dir='ltr'><strong>Memphi</strong></span> <span class='ocrx_word' id='word_1_96' title='bbox 337 1790 418 1840; x_wconf 79' lang='lat' dir='ltr'><strong>obiit.</strong></span> <span class='ocrx_word' id='word_1_97' title='bbox 542 1749 764 1833; x_wconf 84' lang='lat' dir='ltr'><strong>Aethiopiam</strong></span> <span class='ocrx_word' id='word_1_98' title='bbox 788 1754 948 1834; x_wconf 85' lang='lat' dir='ltr'><strong>perrexit,</strong></span> <span class='ocrx_word' id='word_1_99' title='bbox 973 1762 1007 1815; x_wconf 88' lang='lat' dir='ltr'><strong>et</strong></span> <span class='ocrx_word' id='word_1_100' title='bbox 1031 1754 1083 1825; x_wconf 93' lang='lat' dir='ltr'><strong>iis,</strong></span> <span class='ocrx_word' id='word_1_101' title='bbox 1106 1773 1194 1834; x_wconf 92' lang='lat' dir='ltr'><strong>quae</strong></span> <span class='ocrx_word' id='word_1_102' title='bbox 1214 1763 1450 1835; x_wconf 83' lang='lat' dir='ltr'><strong>exoptaverat,</strong></span> <span class='ocrx_word' id='word_1_103' title='bbox 1474 1754 1662 1835; x_wconf 86' lang='lat' dir='ltr'><strong>perspectis</strong></span> <span class='ocrx_word' id='word_1_104' title='bbox 1685 1754 1769 1815; x_wconf 90' lang='lat' dir='ltr'><strong>etin</strong></span> <span class='ocrx_word' id='word_1_105' title='bbox 1786 1770 1876 1814; x_wconf 90' lang='lat' dir='ltr'><strong>com·</strong></span> 
     </span>
    </p>
   </div>
   <div class='ocr_carea' id='block_1_5' title="bbox 542 1866 1876 1952">
    <p class='ocr_par' dir='ltr' id='par_1_5' title="bbox 542 1866 1876 1952">
     <span class='ocr_line' id='line_1_13' title="bbox 542 1866 1876 1952; baseline 0 -24"><span class='ocrx_word' id='word_1_106' title='bbox 542 1869 706 1930; x_wconf 90' lang='lat' dir='ltr'><strong>mentaria</strong></span> <span class='ocrx_word' id='word_1_107' title='bbox 729 1869 872 1951; x_wconf 86' lang='lat' dir='ltr'><strong>digestis</strong></span> <span class='ocrx_word' id='word_1_108' title='bbox 895 1867 1086 1950; x_wconf 90' lang='lat' dir='ltr'><strong>Memphim</strong></span> <span class='ocrx_word' id='word_1_109' title='bbox 1110 1866 1304 1933; x_wconf 89' lang='lat' dir='ltr'><strong>Covillanio</strong></span> <span class='ocrx_word' id='word_1_110' title='bbox 1328 1871 1427 1933; x_wconf 92' lang='lat' dir='ltr'><strong>citius</strong></span> <span class='ocrx_word' id='word_1_111' title='bbox 1449 1870 1604 1952; x_wconf 91' lang='lat' dir='ltr'><strong>pervenit</strong></span> <span class='ocrx_word' id='word_1_112' title='bbox 1628 1879 1662 1932; x_wconf 90' lang='lat' dir='ltr'><strong>et</strong></span> <span class='ocrx_word' id='word_1_113' title='bbox 1681 1886 1876 1950; x_wconf 89' lang='lat' dir='ltr'><strong>supremum</strong></span> 
     </span>
    </p>
   </div>
   <div class='ocr_carea' id='block_1_6' title="bbox 194 1982 1877 2188">
    <p class='ocr_par' dir='ltr' id='par_1_6' title="bbox 194 1982 1877 2188">
     <span class='ocr_line' id='line_1_14' title="bbox 230 1982 1877 2057; baseline -0.001 -12"><span class='ocrx_word' id='word_1_114' title='bbox 230 1994 407 2045; x_wconf 69' lang='lat' dir='ltr'><strong>cavillantes</strong></span> <span class='ocrx_word' id='word_1_115' title='bbox 421 1996 514 2043; x_wconf 81' lang='lat' dir='ltr'><strong>exin·</strong></span> <span class='ocrx_word' id='word_1_116' title='bbox 541 1985 576 2045; x_wconf 89' lang='lat' dir='ltr'><strong>iii</strong></span> <span class='ocrx_word' id='word_1_117' title='bbox 599 2003 640 2045; x_wconf 90' lang='lat' dir='ltr'><strong>ea</strong></span> <span class='ocrx_word' id='word_1_118' title='bbox 662 1984 754 2045; x_wconf 91' lang='lat' dir='ltr'><strong>diem</strong></span> <span class='ocrx_word' id='word_1_119' title='bbox 777 1985 874 2047; x_wconf 91' lang='lat' dir='ltr'><strong>brevi</strong></span> <span class='ocrx_word' id='word_1_120' title='bbox 909 1984 1042 2047; x_wconf 87' lang='lat' dir='ltr'><strong>clausit.</strong></span> <span class='ocrx_word' id='word_1_121' title='bbox 1067 1984 1297 2049; x_wconf 90' lang='lat' dir='ltr'><strong>Covillanium</strong></span> <span class='ocrx_word' id='word_1_122' title='bbox 1331 1985 1517 2057; x_wconf 91' lang='lat' dir='ltr'><strong>Calecutio,</strong></span> <span class='ocrx_word' id='word_1_123' title='bbox 1546 1982 1725 2048; x_wconf 89' lang='lat' dir='ltr'><strong>Canonore</strong></span> <span class='ocrx_word' id='word_1_124' title='bbox 1748 1995 1784 2048; x_wconf 90' lang='lat' dir='ltr'><strong>et</strong></span> <span class='ocrx_word' id='word_1_125' title='bbox 1803 1983 1877 2048; x_wconf 85' lang='lat' dir='ltr'><strong>Goa</strong></span> 
     </span>
     <span class='ocr_line' id='line_1_15' title="bbox 194 2063 549 2116; baseline -0.014 0"><span class='ocrx_word' id='word_1_126' title='bbox 194 2065 242 2116; x_wconf 76' lang='lat' dir='ltr'><strong>dia</strong></span> <span class='ocrx_word' id='word_1_127' title='bbox 271 2066 384 2115; x_wconf 80' lang='lat' dir='ltr'><strong>rediens</strong></span> <span class='ocrx_word' id='word_1_128' title='bbox 410 2063 513 2115; x_wconf 73' lang='lat' dir='ltr'><strong>Pelvae</strong></span> <span class='ocrx_word' id='word_1_129' title='bbox 544 2100 549 2111; x_wconf 92' lang='lat'><strong>.</strong></span> 
     </span>
     <span class='ocr_line' id='line_1_16' title="bbox 194 2135 513 2188; baseline -0.009 0"><span class='ocrx_word' id='word_1_130' title='bbox 194 2135 396 2188; x_wconf 76' lang='lat' dir='ltr'><strong>commentaria</strong></span> <span class='ocrx_word' id='word_1_131' title='bbox 420 2145 448 2186; x_wconf 86' lang='lat' dir='ltr'><strong>et</strong></span> <span class='ocrx_word' id='word_1_132' title='bbox 468 2139 513 2186; x_wconf 89' lang='lat'><strong>10-</strong></span> 
     </span>
    </p>
   </div>
   <div class='ocr_carea' id='block_1_7' title="bbox 194 2208 1878 3924">
    <p class='ocr_par' dir='ltr' id='par_1_7' title="bbox 194 2208 1877 2531">
     <span class='ocr_line' id='line_1_17' title="bbox 194 2208 1876 2330; baseline 0.001 -54"><span class='ocrx_word' id='word_1_133' title='bbox 194 2208 330 2330; x_wconf 50' lang='lat' dir='ltr'><strong>fffflhlil</strong></span> <span class='ocrx_word' id='word_1_134' title='bbox 357 2209 513 2290; x_wconf 52' lang='lat' dir='ltr'><strong>³¹29&amp;ss</strong></span> <span class='ocrx_word' id='word_1_135' title='bbox 541 2214 733 2298; x_wconf 89' lang='lat' dir='ltr'><strong>Memphim</strong></span> <span class='ocrx_word' id='word_1_136' title='bbox 755 2236 946 2300; x_wconf 87' lang='lat' dir='ltr'><strong>regressum</strong></span> <span class='ocrx_word' id='word_1_137' title='bbox 971 2238 1049 2280; x_wconf 92' lang='lat' dir='ltr'><strong>cum</strong></span> <span class='ocrx_word' id='word_1_138' title='bbox 1072 2219 1143 2280; x_wconf 91' lang='lat' dir='ltr'><strong>suis</strong></span> <span class='ocrx_word' id='word_1_139' title='bbox 1165 2227 1200 2281; x_wconf 92' lang='lat' dir='ltr'><strong>et</strong></span> <span class='ocrx_word' id='word_1_140' title='bbox 1224 2217 1351 2280; x_wconf 85' lang='lat' dir='ltr'><strong>Paivae</strong></span> <span class='ocrx_word' id='word_1_141' title='bbox 1374 2219 1629 2281; x_wconf 89' lang='lat' dir='ltr'><strong>commentariis</strong></span> <span class='ocrx_word' id='word_1_142' title='bbox 1652 2218 1697 2280; x_wconf 91' lang='lat' dir='ltr'><strong>ad</strong></span> <span class='ocrx_word' id='word_1_143' title='bbox 1712 2218 1876 2280; x_wconf 89' lang='lat' dir='ltr'><strong>Ioannem</strong></span> 
     </span>
     <span class='ocr_line' id='line_1_18' title="bbox 225 2289 1877 2416; baseline 0.001 -23"><span class='ocrx_word' id='word_1_144' title='bbox 225 2295 289 2344; x_wconf 79' lang='lat' dir='ltr'><strong>emp</strong></span> <span class='ocrx_word' id='word_1_145' title='bbox 339 2289 449 2344; x_wconf 77' lang='lat' dir='ltr'><strong>reperit.</strong></span> <span class='ocrx_word' id='word_1_146' title='bbox 542 2334 653 2395; x_wconf 92' lang='lat' dir='ltr'><strong>redire</strong></span> <span class='ocrx_word' id='word_1_147' title='bbox 676 2335 894 2415; x_wconf 83' lang='lat' dir='ltr'><strong>cogitantem,</strong></span> <span class='ocrx_word' id='word_1_148' title='bbox 919 2353 1008 2396; x_wconf 89' lang='lat' dir='ltr'><strong>nova</strong></span> <span class='ocrx_word' id='word_1_149' title='bbox 1025 2335 1132 2415; x_wconf 91' lang='lat' dir='ltr'><strong>ipsius</strong></span> <span class='ocrx_word' id='word_1_150' title='bbox 1147 2335 1308 2396; x_wconf 89' lang='lat' dir='ltr'><strong>mandata</strong></span> <span class='ocrx_word' id='word_1_151' title='bbox 1324 2336 1548 2405; x_wconf 83' lang='lat' dir='ltr'><strong>retardarunt,</strong></span> <span class='ocrx_word' id='word_1_152' title='bbox 1576 2336 1700 2416; x_wconf 91' lang='lat' dir='ltr'><strong>quibus</strong></span> <span class='ocrx_word' id='word_1_153' title='bbox 1723 2335 1877 2397; x_wconf 87' lang='lat' dir='ltr'><strong>districte</strong></span> 
     </span>
     <span class='ocr_line' id='line_1_19' title="bbox 541 2450 1876 2531; baseline 0.001 -21"><span class='ocrx_word' id='word_1_154' title='bbox 541 2451 752 2521; x_wconf 88' lang='lat' dir='ltr'><strong>monebatur,</strong></span> <span class='ocrx_word' id='word_1_155' title='bbox 777 2469 819 2512; x_wconf 91' lang='lat' dir='ltr'><strong>ne</strong></span> <span class='ocrx_word' id='word_1_156' title='bbox 842 2451 925 2530; x_wconf 92' lang='lat' dir='ltr'><strong>quid</strong></span> <span class='ocrx_word' id='word_1_157' title='bbox 949 2451 1152 2513; x_wconf 86' lang='lat' dir='ltr'><strong>intentatum</strong></span> <span class='ocrx_word' id='word_1_158' title='bbox 1169 2451 1349 2521; x_wconf 89' lang='lat' dir='ltr'><strong>omitteret,</strong></span> <span class='ocrx_word' id='word_1_159' title='bbox 1365 2450 1546 2531; x_wconf 89' lang='lat' dir='ltr'><strong>quominus</strong></span> <span class='ocrx_word' id='word_1_160' title='bbox 1562 2451 1715 2513; x_wconf 90' lang='lat' dir='ltr'><strong>occultos</strong></span> <span class='ocrx_word' id='word_1_161' title='bbox 1731 2450 1876 2531; x_wconf 72' lang='lat' dir='ltr'><strong>Presby-</strong></span> 
     </span>
    </p>

    <p class='ocr_par' dir='ltr' id='par_1_8' title="bbox 540 2564 1131 2648">
     <span class='ocr_line' id='line_1_20' title="bbox 540 2564 1131 2648; baseline -0.002 -21"><span class='ocrx_word' id='word_1_162' title='bbox 540 2566 603 2627; x_wconf 88' lang='lat' dir='ltr'><strong>teri</strong></span> <span class='ocrx_word' id='word_1_163' title='bbox 627 2564 765 2628; x_wconf 90' lang='lat' dir='ltr'><strong>Ioannis</strong></span> <span class='ocrx_word' id='word_1_164' title='bbox 788 2566 919 2628; x_wconf 84' lang='lat' dir='ltr'><strong>natales</strong></span> <span class='ocrx_word' id='word_1_165' title='bbox 942 2567 1131 2648; x_wconf 87' lang='lat' dir='ltr'><strong>indagaret.</strong></span> 
     </span>
    </p>

    <p class='ocr_par' dir='ltr' id='par_1_9' title="bbox 230 2678 1877 3229">
     <span class='ocr_line' id='line_1_21' title="bbox 230 2678 1877 2765; baseline 0.002 -25"><span class='ocrx_word' id='word_1_166' title='bbox 230 2688 511 2741; x_wconf 72' lang='lat' dir='ltr'><strong>Reditinorientem.</strong></span> <span class='ocrx_word' id='word_1_167' title='bbox 631 2701 660 2759; x_wconf 87' lang='lat'><strong>3.</strong></span> <span class='ocrx_word' id='word_1_168' title='bbox 683 2680 749 2743; x_wconf 90' lang='lat' dir='ltr'><strong>Tot</strong></span> <span class='ocrx_word' id='word_1_169' title='bbox 773 2683 878 2765; x_wconf 89' lang='lat' dir='ltr'><strong>igitur</strong></span> <span class='ocrx_word' id='word_1_170' title='bbox 900 2681 1177 2763; x_wconf 87' lang='lat' dir='ltr'><strong>navigationibus</strong></span> <span class='ocrx_word' id='word_1_171' title='bbox 1199 2678 1291 2743; x_wconf 86' lang='lat' dir='ltr'><strong>fesso</strong></span> <span class='ocrx_word' id='word_1_172' title='bbox 1313 2681 1501 2762; x_wconf 89' lang='lat' dir='ltr'><strong>parendum</strong></span> <span class='ocrx_word' id='word_1_173' title='bbox 1522 2678 1596 2753; x_wconf 85' lang='lat' dir='ltr'><strong>fuit,</strong></span> <span class='ocrx_word' id='word_1_174' title='bbox 1613 2692 1648 2745; x_wconf 91' lang='lat' dir='ltr'><strong>et</strong></span> <span class='ocrx_word' id='word_1_175' title='bbox 1664 2682 1828 2745; x_wconf 88' lang='lat' dir='ltr'><strong>Adenum</strong></span> <span class='ocrx_word' id='word_1_176' title='bbox 1844 2690 1877 2743; x_wconf 88' lang='lat' dir='ltr'><strong>et</strong></span> 
     </span>
     <span class='ocr_line' id='line_1_22' title="bbox 541 2794 1877 2880; baseline 0.001 -22"><span class='ocrx_word' id='word_1_177' title='bbox 541 2806 660 2879; x_wconf 90' lang='lat' dir='ltr'><strong>postea</strong></span> <span class='ocrx_word' id='word_1_178' title='bbox 682 2797 882 2859; x_wconf 89' lang='lat' dir='ltr'><strong>Armuziam</strong></span> <span class='ocrx_word' id='word_1_179' title='bbox 906 2798 949 2860; x_wconf 87' lang='lat' dir='ltr'><strong>ad</strong></span> <span class='ocrx_word' id='word_1_180' title='bbox 971 2794 1091 2860; x_wconf 86' lang='lat' dir='ltr'><strong>Sinum</strong></span> <span class='ocrx_word' id='word_1_181' title='bbox 1115 2796 1291 2860; x_wconf 88' lang='lat' dir='ltr'><strong>Persicum</strong></span> <span class='ocrx_word' id='word_1_182' title='bbox 1314 2799 1558 2860; x_wconf 89' lang='lat' dir='ltr'><strong>transeundum</strong></span> <span class='ocrx_word' id='word_1_183' title='bbox 1581 2809 1629 2871; x_wconf 92' lang='lat' dir='ltr'><strong>ut,</strong></span> <span class='ocrx_word' id='word_1_184' title='bbox 1651 2808 1877 2880; x_wconf 89' lang='lat' dir='ltr'><strong>praeteream</strong></span> 
     </span>
     <span class='ocr_line' id='line_1_23' title="bbox 540 2912 1876 2997; baseline 0.001 -23"><span class='ocrx_word' id='word_1_185' title='bbox 540 2932 640 2994; x_wconf 88' lang='lat' dir='ltr'><strong>quam</strong></span> <span class='ocrx_word' id='word_1_186' title='bbox 666 2913 773 2975; x_wconf 90' lang='lat' dir='ltr'><strong>Paiva</strong></span> <span class='ocrx_word' id='word_1_187' title='bbox 795 2914 963 2985; x_wconf 82' lang='lat' dir='ltr'><strong>hauserat,</strong></span> <span class='ocrx_word' id='word_1_188' title='bbox 987 2913 1137 2995; x_wconf 87' lang='lat' dir='ltr'><strong>aliquam</strong></span> <span class='ocrx_word' id='word_1_189' title='bbox 1162 2916 1317 2995; x_wconf 83' lang='lat' dir='ltr'><strong>exoptati</strong></span> <span class='ocrx_word' id='word_1_190' title='bbox 1342 2916 1429 2976; x_wconf 90' lang='lat' dir='ltr'><strong>adeo</strong></span> <span class='ocrx_word' id='word_1_191' title='bbox 1452 2912 1566 2997; x_wconf 87' lang='lat' dir='ltr'><strong>Regis</strong></span> <span class='ocrx_word' id='word_1_192' title='bbox 1588 2916 1623 2976; x_wconf 90' lang='lat' dir='ltr'><strong>in</strong></span> <span class='ocrx_word' id='word_1_193' title='bbox 1647 2925 1718 2977; x_wconf 91' lang='lat' dir='ltr'><strong>tam</strong></span> <span class='ocrx_word' id='word_1_194' title='bbox 1749 2914 1876 2976; x_wconf 84' lang='lat' dir='ltr'><strong>celebri</strong></span> 
     </span>
     <span class='ocr_line' id='line_1_24' title="bbox 541 3030 1876 3111; baseline 0.002 -21"><span class='ocrx_word' id='word_1_195' title='bbox 541 3031 695 3111; x_wconf 91' lang='lat' dir='ltr'><strong>emporio</strong></span> <span class='ocrx_word' id='word_1_196' title='bbox 718 3031 873 3092; x_wconf 87' lang='lat' dir='ltr'><strong>notitiam</strong></span> <span class='ocrx_word' id='word_1_197' title='bbox 890 3039 1129 3111; x_wconf 89' lang='lat' dir='ltr'><strong>aucuparetur;</strong></span> <span class='ocrx_word' id='word_1_198' title='bbox 1146 3033 1206 3093; x_wconf 92' lang='lat' dir='ltr'><strong>sed</strong></span> <span class='ocrx_word' id='word_1_199' title='bbox 1223 3050 1300 3093; x_wconf 91' lang='lat' dir='ltr'><strong>cum</strong></span> <span class='ocrx_word' id='word_1_200' title='bbox 1317 3030 1447 3093; x_wconf 92' lang='lat' dir='ltr'><strong>nullam</strong></span> <span class='ocrx_word' id='word_1_201' title='bbox 1464 3042 1553 3094; x_wconf 89' lang='lat' dir='ltr'><strong>esset</strong></span> <span class='ocrx_word' id='word_1_202' title='bbox 1569 3041 1698 3103; x_wconf 90' lang='lat' dir='ltr'><strong>nactus,</strong></span> <span class='ocrx_word' id='word_1_203' title='bbox 1715 3030 1876 3093; x_wconf 90' lang='lat' dir='ltr'><strong>Adenum</strong></span> 
     </span>
     <span class='ocr_line' id='line_1_25' title="bbox 541 3145 1876 3229; baseline 0.002 -24"><span class='ocrx_word' id='word_1_204' title='bbox 541 3156 575 3208; x_wconf 90' lang='lat' dir='ltr'><strong>et</strong></span> <span class='ocrx_word' id='word_1_205' title='bbox 599 3166 682 3208; x_wconf 89' lang='lat' dir='ltr'><strong>mox</strong></span> <span class='ocrx_word' id='word_1_206' title='bbox 706 3145 834 3208; x_wconf 89' lang='lat' dir='ltr'><strong>Zeilam</strong></span> <span class='ocrx_word' id='word_1_207' title='bbox 858 3147 937 3208; x_wconf 91' lang='lat' dir='ltr'><strong>vela</strong></span> <span class='ocrx_word' id='word_1_208' title='bbox 960 3148 1137 3215; x_wconf 89' lang='lat' dir='ltr'><strong>convertit,</strong></span> <span class='ocrx_word' id='word_1_209' title='bbox 1162 3157 1196 3209; x_wconf 85' lang='lat' dir='ltr'><strong>ot</strong></span> <span class='ocrx_word' id='word_1_210' title='bbox 1219 3149 1341 3209; x_wconf 90' lang='lat' dir='ltr'><strong>eodem</strong></span> <span class='ocrx_word' id='word_1_211' title='bbox 1364 3166 1434 3227; x_wconf 92' lang='lat' dir='ltr'><strong>quo</strong></span> <span class='ocrx_word' id='word_1_212' title='bbox 1456 3148 1550 3229; x_wconf 88' lang='lat' dir='ltr'><strong>prius</strong></span> <span class='ocrx_word' id='word_1_213' title='bbox 1573 3147 1690 3219; x_wconf 89' lang='lat' dir='ltr'><strong>Paiva,</strong></span> <span class='ocrx_word' id='word_1_214' title='bbox 1708 3149 1828 3210; x_wconf 90' lang='lat' dir='ltr'><strong>itinere</strong></span> <span class='ocrx_word' id='word_1_215' title='bbox 1844 3149 1876 3208; x_wconf 90' lang='lat' dir='ltr'><strong>in</strong></span> 
     </span>
    </p>

    <p class='ocr_par' dir='ltr' id='par_1_10' title="bbox 229 3260 1876 3355">
     <span class='ocr_line' id='line_1_26' title="bbox 229 3260 1876 3355; baseline 0.006 -33"><span class='ocrx_word' id='word_1_216' title='bbox 229 3272 408 3355; x_wconf 70' lang='lat' dir='ltr'><strong>aethiopiam</strong></span> <span class='ocrx_word' id='word_1_217' title='bbox 438 3283 515 3323; x_wconf 82' lang='lat' dir='ltr'><strong>tenet</strong></span> <span class='ocrx_word' id='word_1_218' title='bbox 541 3262 763 3344; x_wconf 83' lang='lat' dir='ltr'><strong>Aethiopiam</strong></span> <span class='ocrx_word' id='word_1_219' title='bbox 787 3264 940 3344; x_wconf 89' lang='lat' dir='ltr'><strong>perrupit</strong></span> <span class='ocrx_word' id='word_1_220' title='bbox 963 3283 1052 3326; x_wconf 90' lang='lat' dir='ltr'><strong>anno</strong></span> <span class='ocrx_word' id='word_1_221' title='bbox 1077 3284 1170 3343; x_wconf 85' lang='lat'><strong>1491,</strong></span> <span class='ocrx_word' id='word_1_222' title='bbox 1187 3265 1305 3344; x_wconf 92' lang='lat' dir='ltr'><strong>quoin</strong></span> <span class='ocrx_word' id='word_1_223' title='bbox 1322 3284 1363 3326; x_wconf 89' lang='lat' dir='ltr'><strong>ea</strong></span> <span class='ocrx_word' id='word_1_224' title='bbox 1379 3283 1490 3325; x_wconf 90' lang='lat' dir='ltr'><strong>reruni</strong></span> <span class='ocrx_word' id='word_1_225' title='bbox 1506 3264 1699 3345; x_wconf 91' lang='lat' dir='ltr'><strong>potiebatur</strong></span> <span class='ocrx_word' id='word_1_226' title='bbox 1714 3260 1876 3331; x_wconf 79' lang='lat' dir='ltr'><strong>Scander.</strong></span> 
     </span>
    </p>

    <p class='ocr_par' dir='ltr' id='par_1_11' title="bbox 194 3342 1878 3924">
     <span class='ocr_line' id='line_1_27' title="bbox 194 3342 1878 3462; baseline 0.001 -23"><span class='ocrx_word' id='word_1_227' title='bbox 194 3354 221 3394; x_wconf 56' lang='lat' dir='ltr'><strong>‘t</strong></span> <span class='ocrx_word' id='word_1_228' title='bbox 239 3342 270 3393; x_wconf 64' lang='lat'><strong>¹¹²</strong></span> <span class='ocrx_word' id='word_1_229' title='bbox 288 3358 321 3393; x_wconf 71' lang='lat'><strong>⁸⁸</strong></span> <span class='ocrx_word' id='word_1_230' title='bbox 339 3345 486 3396; x_wconf 75' lang='lat' dir='ltr'><strong>detinetur.</strong></span> <span class='ocrx_word' id='word_1_231' title='bbox 541 3378 613 3440; x_wconf 90' lang='lat' dir='ltr'><strong>sive</strong></span> <span class='ocrx_word' id='word_1_232' title='bbox 637 3377 849 3449; x_wconf 88' lang='lat' dir='ltr'><strong>Alexander,</strong></span> <span class='ocrx_word' id='word_1_233' title='bbox 875 3378 991 3441; x_wconf 89' lang='lat' dir='ltr'><strong>Bedae</strong></span> <span class='ocrx_word' id='word_1_234' title='bbox 1006 3378 1152 3441; x_wconf 92' lang='lat' dir='ltr'><strong>Mariam</strong></span> <span class='ocrx_word' id='word_1_235' title='bbox 1169 3388 1202 3441; x_wconf 92' lang='lat' dir='ltr'><strong>et</strong></span> <span class='ocrx_word' id='word_1_236' title='bbox 1219 3379 1384 3451; x_wconf 87' lang='lat' dir='ltr'><strong>Helenae,</strong></span> <span class='ocrx_word' id='word_1_237' title='bbox 1409 3380 1554 3462; x_wconf 86' lang='lat' dir='ltr'><strong>insignis</strong></span> <span class='ocrx_word' id='word_1_238' title='bbox 1568 3397 1631 3460; x_wconf 93' lang='lat' dir='ltr'><strong>per</strong></span> <span class='ocrx_word' id='word_1_239' title='bbox 1646 3378 1708 3441; x_wconf 90' lang='lat' dir='ltr'><strong>illa</strong></span> <span class='ocrx_word' id='word_1_240' title='bbox 1722 3390 1878 3461; x_wconf 85' lang='lat' dir='ltr'><strong>tempora</strong></span> 
     </span>
     <span class='ocr_line' id='line_1_28' title="bbox 541 3491 1877 3576; baseline 0.001 -21"><span class='ocrx_word' id='word_1_241' title='bbox 541 3494 711 3563; x_wconf 87' lang='lat' dir='ltr'><strong>heroinae,</strong></span> <span class='ocrx_word' id='word_1_242' title='bbox 736 3491 826 3555; x_wconf 88' lang='lat' dir='ltr'><strong>filius</strong></span> <span class='ocrx_word' id='word_1_243' title='bbox 849 3503 883 3556; x_wconf 90' lang='lat' dir='ltr'><strong>et</strong></span> <span class='ocrx_word' id='word_1_244' title='bbox 907 3493 1009 3556; x_wconf 89' lang='lat' dir='ltr'><strong>Zerae</strong></span> <span class='ocrx_word' id='word_1_245' title='bbox 1033 3493 1139 3556; x_wconf 79' lang='lat' dir='ltr'><strong>iacob</strong></span> <span class='ocrx_word' id='word_1_246' title='bbox 1162 3514 1277 3576; x_wconf 91' lang='lat' dir='ltr'><strong>nepos.</strong></span> <span class='ocrx_word' id='word_1_247' title='bbox 1302 3492 1369 3575; x_wconf 82' lang='lat' dir='ltr'><strong>Qui</strong></span> <span class='ocrx_word' id='word_1_248' title='bbox 1393 3497 1479 3557; x_wconf 88' lang='lat' dir='ltr'><strong>tanti</strong></span> <span class='ocrx_word' id='word_1_249' title='bbox 1508 3493 1590 3557; x_wconf 89' lang='lat' dir='ltr'><strong>fecit</strong></span> <span class='ocrx_word' id='word_1_250' title='bbox 1621 3492 1806 3557; x_wconf 89' lang='lat' dir='ltr'><strong>Covillanii</strong></span> <span class='ocrx_word' id='word_1_251' title='bbox 1831 3495 1877 3557; x_wconf 91' lang='lat' dir='ltr'><strong>le·</strong></span> 
     </span>
     <span class='ocr_line' id='line_1_29' title="bbox 540 3608 1875 3692; baseline 0.001 -22"><span class='ocrx_word' id='word_1_252' title='bbox 540 3610 714 3692; x_wconf 89' lang='lat' dir='ltr'><strong>gationem</strong></span> <span class='ocrx_word' id='word_1_253' title='bbox 739 3620 772 3671; x_wconf 89' lang='lat' dir='ltr'><strong>et</strong></span> <span class='ocrx_word' id='word_1_254' title='bbox 796 3610 1008 3682; x_wconf 89' lang='lat' dir='ltr'><strong>industriam,</strong></span> <span class='ocrx_word' id='word_1_255' title='bbox 1032 3621 1068 3673; x_wconf 92' lang='lat' dir='ltr'><strong>ut</strong></span> <span class='ocrx_word' id='word_1_256' title='bbox 1091 3629 1132 3672; x_wconf 92' lang='lat' dir='ltr'><strong>ea</strong></span> <span class='ocrx_word' id='word_1_257' title='bbox 1155 3611 1331 3692; x_wconf 80' lang='lat' dir='ltr'><strong>pellectus,</strong></span> <span class='ocrx_word' id='word_1_258' title='bbox 1356 3612 1421 3692; x_wconf 88' lang='lat' dir='ltr'><strong>ipsi</strong></span> <span class='ocrx_word' id='word_1_259' title='bbox 1445 3611 1643 3673; x_wconf 89' lang='lat' dir='ltr'><strong>discedendi</strong></span> <span class='ocrx_word' id='word_1_260' title='bbox 1668 3608 1875 3681; x_wconf 88' lang='lat' dir='ltr'><strong>facultatem,</strong></span> 
     </span>
     <span class='ocr_line' id='line_1_30' title="bbox 541 3723 1877 3807; baseline 0.002 -22"><span class='ocrx_word' id='word_1_261' title='bbox 541 3725 627 3786; x_wconf 92' lang='lat' dir='ltr'><strong>sicut</strong></span> <span class='ocrx_word' id='word_1_262' title='bbox 650 3734 684 3785; x_wconf 89' lang='lat' dir='ltr'><strong>et</strong></span> <span class='ocrx_word' id='word_1_263' title='bbox 716 3723 816 3786; x_wconf 84' lang='lat' dir='ltr'><strong>Naod</strong></span> <span class='ocrx_word' id='word_1_264' title='bbox 847 3726 955 3807; x_wconf 88' lang='lat' dir='ltr'><strong>ipsius</strong></span> <span class='ocrx_word' id='word_1_265' title='bbox 986 3725 1091 3787; x_wconf 84' lang='lat' dir='ltr'><strong>frater</strong></span> <span class='ocrx_word' id='word_1_266' title='bbox 1114 3735 1146 3787; x_wconf 89' lang='lat' dir='ltr'><strong>et</strong></span> <span class='ocrx_word' id='word_1_267' title='bbox 1171 3746 1345 3789; x_wconf 87' lang='lat' dir='ltr'><strong>successor</strong></span> <span class='ocrx_word' id='word_1_268' title='bbox 1368 3736 1401 3789; x_wconf 93' lang='lat' dir='ltr'><strong>et</strong></span> <span class='ocrx_word' id='word_1_269' title='bbox 1425 3726 1539 3789; x_wconf 90' lang='lat' dir='ltr'><strong>David</strong></span> <span class='ocrx_word' id='word_1_270' title='bbox 1569 3727 1668 3788; x_wconf 91' lang='lat' dir='ltr'><strong>istius</strong></span> <span class='ocrx_word' id='word_1_271' title='bbox 1698 3723 1791 3788; x_wconf 91' lang='lat' dir='ltr'><strong>filius</strong></span> <span class='ocrx_word' id='word_1_272' title='bbox 1822 3728 1877 3788; x_wconf 91' lang='lat' dir='ltr'><strong>de·</strong></span> 
     </span>
     <span class='ocr_line' id='line_1_31' title="bbox 544 3839 1878 3924; baseline 0.003 -23"><span class='ocrx_word' id='word_1_273' title='bbox 544 3841 686 3921; x_wconf 88' lang='lat' dir='ltr'><strong>negarit,</strong></span> <span class='ocrx_word' id='word_1_274' title='bbox 710 3849 744 3902; x_wconf 94' lang='lat' dir='ltr'><strong>et</strong></span> <span class='ocrx_word' id='word_1_275' title='bbox 768 3840 815 3902; x_wconf 92' lang='lat' dir='ltr'><strong>ibi</strong></span> <span class='ocrx_word' id='word_1_276' title='bbox 841 3843 990 3922; x_wconf 88' lang='lat' dir='ltr'><strong>acceptis</strong></span> <span class='ocrx_word' id='word_1_277' title='bbox 1014 3861 1034 3902; x_wconf 94' lang='lat' dir='ltr'><strong>a</strong></span> <span class='ocrx_word' id='word_1_278' title='bbox 1055 3840 1158 3924; x_wconf 90' lang='lat' dir='ltr'><strong>Rege</strong></span> <span class='ocrx_word' id='word_1_279' title='bbox 1182 3839 1307 3913; x_wconf 89' lang='lat' dir='ltr'><strong>fundis,</strong></span> <span class='ocrx_word' id='word_1_280' title='bbox 1332 3851 1365 3904; x_wconf 92' lang='lat' dir='ltr'><strong>et</strong></span> <span class='ocrx_word' id='word_1_281' title='bbox 1396 3862 1505 3905; x_wconf 81' lang='lat' dir='ltr'><strong>uxore</strong></span> <span class='ocrx_word' id='word_1_282' title='bbox 1539 3842 1652 3910; x_wconf 91' lang='lat' dir='ltr'><strong>ducta,</strong></span> <span class='ocrx_word' id='word_1_283' title='bbox 1682 3843 1878 3924; x_wconf 89' lang='lat' dir='ltr'><strong>compulsus</strong></span> 
     </span>
    </p>
   </div>
   <div class='ocr_carea' id='block_1_8' title="bbox 541 3956 818 4036">
    <p class='ocr_par' dir='ltr' id='par_1_12' title="bbox 541 3956 818 4036">
     <span class='ocr_line' id='line_1_32' title="bbox 541 3956 818 4036; baseline 0.007 -20"><span class='ocrx_word' id='word_1_284' title='bbox 541 3956 585 4017; x_wconf 92' lang='lat' dir='ltr'><strong>sit</strong></span> <span class='ocrx_word' id='word_1_285' title='bbox 609 3974 818 4036; x_wconf 90' lang='lat' dir='ltr'><strong>permanere.</strong></span> 
     </span>
    </p>
   </div>
   <div class='ocr_carea' id='block_1_9' title="bbox 194 4064 1878 4217">
    <p class='ocr_par' dir='ltr' id='par_1_13' title="bbox 194 4064 1878 4217">
     <span class='ocr_line' id='line_1_33' title="bbox 207 4064 1878 4155; baseline 0.001 -22"><span class='ocrx_word' id='word_1_286' title='bbox 207 4064 311 4133; x_wconf 72' lang='lat' dir='ltr'><strong>vinum</strong></span> <span class='ocrx_word' id='word_1_287' title='bbox 329 4082 400 4132; x_wconf 76' lang='lat' dir='ltr'><strong>mari</strong></span> <span class='ocrx_word' id='word_1_288' title='bbox 417 4097 434 4131; x_wconf 76' lang='lat' dir='ltr'><strong>a</strong></span> <span class='ocrx_word' id='word_1_289' title='bbox 456 4086 514 4132; x_wconf 75' lang='lat' dir='ltr'><strong>Lu·</strong></span> <span class='ocrx_word' id='word_1_290' title='bbox 631 4093 660 4148; x_wconf 86' lang='lat'><strong>4.</strong></span> <span class='ocrx_word' id='word_1_291' title='bbox 685 4069 755 4134; x_wconf 90' lang='lat' dir='ltr'><strong>Sed</strong></span> <span class='ocrx_word' id='word_1_292' title='bbox 779 4092 855 4134; x_wconf 91' lang='lat' dir='ltr'><strong>cum</strong></span> <span class='ocrx_word' id='word_1_293' title='bbox 880 4073 977 4135; x_wconf 90' lang='lat' dir='ltr'><strong>India</strong></span> <span class='ocrx_word' id='word_1_294' title='bbox 1000 4082 1077 4154; x_wconf 91' lang='lat' dir='ltr'><strong>post</strong></span> <span class='ocrx_word' id='word_1_295' title='bbox 1107 4084 1185 4136; x_wconf 90' lang='lat' dir='ltr'><strong>octo</strong></span> <span class='ocrx_word' id='word_1_296' title='bbox 1216 4093 1323 4136; x_wconf 89' lang='lat' dir='ltr'><strong>annos</strong></span> <span class='ocrx_word' id='word_1_297' title='bbox 1354 4075 1439 4135; x_wconf 88' lang='lat' dir='ltr'><strong>mari</strong></span> <span class='ocrx_word' id='word_1_298' title='bbox 1463 4094 1482 4134; x_wconf 88' lang='lat' dir='ltr'><strong>a</strong></span> <span class='ocrx_word' id='word_1_299' title='bbox 1505 4072 1679 4136; x_wconf 87' lang='lat' dir='ltr'><strong>Lusitanis</strong></span> <span class='ocrx_word' id='word_1_300' title='bbox 1708 4070 1878 4155; x_wconf 89' lang='lat' dir='ltr'><strong>patefacta</strong></span> 
     </span>
     <span class='ocr_line' id='line_1_34' title="bbox 194 4153 550 4217; baseline -0.011 -14"><span class='ocrx_word' id='word_1_301' title='bbox 194 4153 295 4204; x_wconf 73' lang='lat' dir='ltr'><strong>sirenis</strong></span> <span class='ocrx_word' id='word_1_302' title='bbox 306 4156 444 4217; x_wconf 73' lang='lat' dir='ltr'><strong>patefacta</strong></span> <span class='ocrx_word' id='word_1_303' title='bbox 456 4154 514 4203; x_wconf 84' lang='lat' dir='ltr'><strong>He·</strong></span> <span class='ocrx_word' id='word_1_304' title='bbox 544 4188 550 4198; x_wconf 95' lang='lat'>.</span> 
     </span>
    </p>
   </div>
   <div class='ocr_carea' id='block_1_10' title="bbox 193 4186 1878 5196">
    <p class='ocr_par' dir='ltr' id='par_1_14' title="bbox 194 4186 1878 4287">
     <span class='ocr_line' id='line_1_35' title="bbox 194 4186 1878 4287; baseline 0.001 -40"><span class='ocrx_word' id='word_1_305' title='bbox 194 4226 260 4275; x_wconf 61' lang='lat' dir='ltr'><strong>lm</strong></span> <span class='ocrx_word' id='word_1_306' title='bbox 268 4225 438 4287; x_wconf 73' lang='lat' dir='ltr'><strong>legationem</strong></span> <span class='ocrx_word' id='word_1_307' title='bbox 450 4224 514 4273; x_wconf 81' lang='lat' dir='ltr'><strong>mit·</strong></span> <span class='ocrx_word' id='word_1_308' title='bbox 542 4196 698 4269; x_wconf 88' lang='lat' dir='ltr'><strong>ingentes</strong></span> <span class='ocrx_word' id='word_1_309' title='bbox 722 4189 872 4269; x_wconf 90' lang='lat' dir='ltr'><strong>ipsorum</strong></span> <span class='ocrx_word' id='word_1_310' title='bbox 896 4189 1061 4250; x_wconf 92' lang='lat' dir='ltr'><strong>victoriae</strong></span> <span class='ocrx_word' id='word_1_311' title='bbox 1084 4190 1118 4251; x_wconf 93' lang='lat' dir='ltr'><strong>in</strong></span> <span class='ocrx_word' id='word_1_312' title='bbox 1134 4188 1361 4270; x_wconf 93' lang='lat' dir='ltr'><strong>Aethiopiam</strong></span> <span class='ocrx_word' id='word_1_313' title='bbox 1385 4198 1630 4270; x_wconf 89' lang='lat' dir='ltr'><strong>penetrassent,</strong></span> <span class='ocrx_word' id='word_1_314' title='bbox 1654 4207 1772 4251; x_wconf 90' lang='lat' dir='ltr'><strong>earum</strong></span> <span class='ocrx_word' id='word_1_315' title='bbox 1789 4186 1878 4250; x_wconf 88' lang='lat' dir='ltr'><strong>fama</strong></span> 
     </span>
    </p>

    <p class='ocr_par' dir='ltr' id='par_1_15' title="bbox 193 4297 1877 4418">
     <span class='ocr_line' id='line_1_36' title="bbox 193 4297 1877 4418; baseline 0.004 -60"><span class='ocrx_word' id='word_1_316' title='bbox 193 4297 281 4418; x_wconf 46' lang='lat' dir='ltr'><strong>:¹1:1qu</strong></span> <span class='ocrx_word' id='word_1_317' title='bbox 279 4310 387 4417; x_wconf 47' lang='lat' dir='ltr'><strong>grem</strong></span> <span class='ocrx_word' id='word_1_318' title='bbox 401 4299 514 4346; x_wconf 66' lang='lat' dir='ltr'><strong>Emm-</strong></span> <span class='ocrx_word' id='word_1_319' title='bbox 542 4313 575 4365; x_wconf 90' lang='lat' dir='ltr'><strong>et</strong></span> <span class='ocrx_word' id='word_1_320' title='bbox 598 4301 783 4367; x_wconf 87' lang='lat' dir='ltr'><strong>Covillanii</strong></span> <span class='ocrx_word' id='word_1_321' title='bbox 806 4306 1020 4367; x_wconf 89' lang='lat' dir='ltr'><strong>sermonibus</strong></span> <span class='ocrx_word' id='word_1_322' title='bbox 1043 4306 1195 4367; x_wconf 86' lang='lat' dir='ltr'><strong>excitata</strong></span> <span class='ocrx_word' id='word_1_323' title='bbox 1218 4305 1365 4377; x_wconf 88' lang='lat' dir='ltr'><strong>Helena,</strong></span> <span class='ocrx_word' id='word_1_324' title='bbox 1384 4324 1471 4387; x_wconf 92' lang='lat' dir='ltr'><strong>quae</strong></span> <span class='ocrx_word' id='word_1_325' title='bbox 1487 4323 1641 4386; x_wconf 87' lang='lat' dir='ltr'><strong>regnum,</strong></span> <span class='ocrx_word' id='word_1_326' title='bbox 1659 4306 1795 4385; x_wconf 88' lang='lat' dir='ltr'><strong>nepotis</strong></span> <span class='ocrx_word' id='word_1_327' title='bbox 1811 4302 1877 4365; x_wconf 93' lang='lat' dir='ltr'><strong>Da·</strong></span> 
     </span>
    </p>

    <p class='ocr_par' dir='ltr' id='par_1_16' title="bbox 543 4419 1878 4500">
     <span class='ocr_line' id='line_1_37' title="bbox 543 4419 1878 4500; baseline 0.001 -21"><span class='ocrx_word' id='word_1_328' title='bbox 543 4419 632 4480; x_wconf 91' lang='lat' dir='ltr'><strong>vidis</strong></span> <span class='ocrx_word' id='word_1_329' title='bbox 655 4420 843 4500; x_wconf 88' lang='lat' dir='ltr'><strong>impuberis</strong></span> <span class='ocrx_word' id='word_1_330' title='bbox 866 4420 1012 4491; x_wconf 90' lang='lat' dir='ltr'><strong>nomine,</strong></span> <span class='ocrx_word' id='word_1_331' title='bbox 1037 4422 1307 4489; x_wconf 88' lang='lat' dir='ltr'><strong>administrabat,</strong></span> <span class='ocrx_word' id='word_1_332' title='bbox 1331 4440 1420 4482; x_wconf 89' lang='lat' dir='ltr'><strong>anno</strong></span> <span class='ocrx_word' id='word_1_333' title='bbox 1448 4439 1531 4499; x_wconf 79' lang='lat'>1509</span> <span class='ocrx_word' id='word_1_334' title='bbox 1563 4420 1754 4482; x_wconf 90' lang='lat' dir='ltr'><strong>armenium</strong></span> <span class='ocrx_word' id='word_1_335' title='bbox 1786 4420 1878 4481; x_wconf 90' lang='lat' dir='ltr'><strong>insti·</strong></span> 
     </span>
    </p>

    <p class='ocr_par' dir='ltr' id='par_1_17' title="bbox 194 4534 1878 4667">
     <span class='ocr_line' id='line_1_38' title="bbox 229 4534 1878 4609; baseline 0.001 -14"><span class='ocrx_word' id='word_1_336' title='bbox 229 4545 382 4595; x_wconf 75' lang='lat' dir='ltr'><strong>Helenae</strong></span> <span class='ocrx_word' id='word_1_337' title='bbox 405 4544 515 4606; x_wconf 71' lang='lat' dir='ltr'><strong>legatus</strong></span> <span class='ocrx_word' id='word_1_338' title='bbox 541 4543 660 4606; x_wconf 91' lang='lat' dir='ltr'><strong>torem,</strong></span> <span class='ocrx_word' id='word_1_339' title='bbox 685 4536 738 4597; x_wconf 93' lang='lat' dir='ltr'><strong>cui</strong></span> <span class='ocrx_word' id='word_1_340' title='bbox 763 4534 917 4596; x_wconf 87' lang='lat' dir='ltr'><strong>Mattheo</strong></span> <span class='ocrx_word' id='word_1_341' title='bbox 937 4555 1083 4609; x_wconf 91' lang='lat' dir='ltr'><strong>nomem,</strong></span> <span class='ocrx_word' id='word_1_342' title='bbox 1100 4555 1177 4598; x_wconf 91' lang='lat' dir='ltr'><strong>cum</strong></span> <span class='ocrx_word' id='word_1_343' title='bbox 1194 4537 1317 4599; x_wconf 91' lang='lat' dir='ltr'><strong>litteris</strong></span> <span class='ocrx_word' id='word_1_344' title='bbox 1333 4539 1376 4599; x_wconf 92' lang='lat' dir='ltr'><strong>ad</strong></span> <span class='ocrx_word' id='word_1_345' title='bbox 1392 4535 1665 4607; x_wconf 88' lang='lat' dir='ltr'><strong>Emmanuelem,</strong></span> <span class='ocrx_word' id='word_1_346' title='bbox 1681 4534 1878 4598; x_wconf 89' lang='lat' dir='ltr'><strong>Lusitaniae</strong></span> 
     </span>
     <span class='ocr_line' id='line_1_39' title="bbox 194 4615 1646 4667; baseline 0 -2"><span class='ocrx_word' id='word_1_347' title='bbox 194 4615 516 4667; x_wconf 77' lang='lat' dir='ltr'><strong>Lusitaniamtenuit</strong></span> <span class='ocrx_word' id='word_1_348' title='bbox 876 4652 882 4663; x_wconf 92' lang='lat'>.</span> <span class='ocrx_word' id='word_1_349' title='bbox 958 4652 963 4664; x_wconf 95' lang='lat'><em>.</em></span> <span class='ocrx_word' id='word_1_350' title='bbox 1075 4652 1080 4664; x_wconf 95' lang='lat'><em>.</em></span> <span class='ocrx_word' id='word_1_351' title='bbox 1459 4653 1465 4665; x_wconf 90' lang='lat'>.</span> <span class='ocrx_word' id='word_1_352' title='bbox 1514 4653 1520 4665; x_wconf 91' lang='lat'>.</span> <span class='ocrx_word' id='word_1_353' title='bbox 1551 4653 1569 4665; x_wconf 87' lang='lat'><strong>..</strong></span> <span class='ocrx_word' id='word_1_354' title='bbox 1639 4653 1646 4665; x_wconf 92' lang='lat'><strong>.</strong></span> 
     </span>
    </p>

    <p class='ocr_par' dir='ltr' id='par_1_18' title="bbox 193 4649 1877 4753">
     <span class='ocr_line' id='line_1_40' title="bbox 193 4649 1877 4753; baseline 0.002 -41"><span class='ocrx_word' id='word_1_355' title='bbox 193 4703 270 4739; x_wconf 65' lang='lat' dir='ltr'><strong>mo</strong></span> <span class='ocrx_word' id='word_1_356' title='bbox 292 4704 370 4753; x_wconf 76' lang='lat'>151⁴·</span> <span class='ocrx_word' id='word_1_357' title='bbox 542 4658 621 4713; x_wconf 91' lang='lat' dir='ltr'><strong>tunc</strong></span> <span class='ocrx_word' id='word_1_358' title='bbox 645 4668 772 4733; x_wconf 88' lang='lat' dir='ltr'><strong>regem,</strong></span> <span class='ocrx_word' id='word_1_359' title='bbox 797 4652 990 4713; x_wconf 89' lang='lat' dir='ltr'><strong>destinavit.</strong></span> <span class='ocrx_word' id='word_1_360' title='bbox 1015 4649 1083 4731; x_wconf 82' lang='lat' dir='ltr'><strong>Qui</strong></span> <span class='ocrx_word' id='word_1_361' title='bbox 1108 4650 1426 4715; x_wconf 90' lang='lat' dir='ltr'><strong>Mahometanorum</strong></span> <span class='ocrx_word' id='word_1_362' title='bbox 1457 4653 1590 4716; x_wconf 81' lang='lat' dir='ltr'><strong>insidiis</strong></span> <span class='ocrx_word' id='word_1_363' title='bbox 1617 4659 1877 4715; x_wconf 76' lang='lat' dir='ltr'><strong>circumventus,</strong></span> 
     </span>
    </p>

    <p class='ocr_par' dir='ltr' id='par_1_19' title="bbox 542 4754 1876 4850">
     <span class='ocr_line' id='line_1_41' title="bbox 542 4754 1876 4850; baseline 0.004 -23"><span class='ocrx_word' id='word_1_364' title='bbox 542 4754 604 4827; x_wconf 78' lang='lat' dir='ltr'><strong>vi&#39;x</strong></span> <span class='ocrx_word' id='word_1_365' title='bbox 627 4768 661 4827; x_wconf 92' lang='lat' dir='ltr'><strong>in</strong></span> <span class='ocrx_word' id='word_1_366' title='bbox 684 4766 829 4838; x_wconf 83' lang='lat' dir='ltr'><strong>indiam,</strong></span> <span class='ocrx_word' id='word_1_367' title='bbox 852 4784 996 4849; x_wconf 83' lang='lat' dir='ltr'><strong>protege</strong></span> <span class='ocrx_word' id='word_1_368' title='bbox 1020 4786 1145 4848; x_wconf 90' lang='lat' dir='ltr'><strong>magno</strong></span> <span class='ocrx_word' id='word_1_369' title='bbox 1168 4767 1355 4849; x_wconf 90' lang='lat' dir='ltr'><strong>Alphonso</strong></span> <span class='ocrx_word' id='word_1_370' title='bbox 1381 4768 1628 4850; x_wconf 90' lang='lat' dir='ltr'><strong>Albuquercio,</strong></span> <span class='ocrx_word' id='word_1_371' title='bbox 1660 4786 1751 4830; x_wconf 89' lang='lat' dir='ltr'><strong>anno</strong></span> <span class='ocrx_word' id='word_1_372' title='bbox 1786 4783 1876 4843; x_wconf 84' lang='lat'>1513.</span> 
     </span>
    </p>

    <p class='ocr_par' dir='ltr' id='par_1_20' title="bbox 543 4881 1878 4966">
     <span class='ocr_line' id='line_1_42' title="bbox 543 4881 1878 4966; baseline 0.001 -23"><span class='ocrx_word' id='word_1_373' title='bbox 543 4892 576 4944; x_wconf 91' lang='lat' dir='ltr'><strong>et</strong></span> <span class='ocrx_word' id='word_1_374' title='bbox 599 4884 754 4963; x_wconf 89' lang='lat' dir='ltr'><strong>sequenti</strong></span> <span class='ocrx_word' id='word_1_375' title='bbox 778 4884 811 4944; x_wconf 90' lang='lat' dir='ltr'><strong>in</strong></span> <span class='ocrx_word' id='word_1_376' title='bbox 835 4881 1045 4945; x_wconf 90' lang='lat' dir='ltr'><strong>Lusitaniam</strong></span> <span class='ocrx_word' id='word_1_377' title='bbox 1075 4885 1239 4963; x_wconf 89' lang='lat' dir='ltr'><strong>pervenit.</strong></span> <span class='ocrx_word' id='word_1_378' title='bbox 1272 4882 1531 4946; x_wconf 88' lang='lat' dir='ltr'><strong>Emmanuelem</strong></span> <span class='ocrx_word' id='word_1_379' title='bbox 1563 4902 1605 4945; x_wconf 91' lang='lat' dir='ltr'><strong>ea</strong></span> <span class='ocrx_word' id='word_1_380' title='bbox 1633 4882 1765 4966; x_wconf 88' lang='lat' dir='ltr'><strong>legatio</strong></span> <span class='ocrx_word' id='word_1_381' title='bbox 1796 4883 1878 4945; x_wconf 89' lang='lat' dir='ltr'><strong>mira</strong></span> 
     </span>
    </p>

    <p class='ocr_par' dir='ltr' id='par_1_21' title="bbox 542 4995 1877 5081">
     <span class='ocr_line' id='line_1_43' title="bbox 542 4995 1877 5081; baseline 0 -23"><span class='ocrx_word' id='word_1_382' title='bbox 542 4997 720 5079; x_wconf 87' lang='lat' dir='ltr'><strong>voluptate</strong></span> <span class='ocrx_word' id='word_1_383' title='bbox 744 4995 905 5079; x_wconf 86' lang='lat' dir='ltr'><strong>perfudit,</strong></span> <span class='ocrx_word' id='word_1_384' title='bbox 930 5018 992 5059; x_wconf 88' lang='lat' dir='ltr'><strong>nec</strong></span> <span class='ocrx_word' id='word_1_385' title='bbox 1017 4998 1203 5060; x_wconf 90' lang='lat' dir='ltr'><strong>minoribus</strong></span> <span class='ocrx_word' id='word_1_386' title='bbox 1226 5000 1364 5081; x_wconf 90' lang='lat' dir='ltr'><strong>pietatis</strong></span> <span class='ocrx_word' id='word_1_387' title='bbox 1391 4999 1605 5061; x_wconf 87' lang='lat' dir='ltr'><strong>documentis</strong></span> <span class='ocrx_word' id='word_1_388' title='bbox 1631 5001 1749 5079; x_wconf 91' lang='lat' dir='ltr'><strong>palam</strong></span> <span class='ocrx_word' id='word_1_389' title='bbox 1779 4999 1877 5061; x_wconf 90' lang='lat' dir='ltr'><strong>editis</strong></span> 
     </span>
    </p>

    <p class='ocr_par' dir='ltr' id='par_1_22' title="bbox 544 5112 1875 5196">
     <span class='ocr_line' id='line_1_44' title="bbox 544 5112 1875 5196; baseline 0.002 -23"><span class='ocrx_word' id='word_1_390' title='bbox 544 5113 747 5183; x_wconf 90' lang='lat' dir='ltr'><strong>nobilitavit,</strong></span> <span class='ocrx_word' id='word_1_391' title='bbox 773 5133 848 5175; x_wconf 93' lang='lat' dir='ltr'><strong>curn</strong></span> <span class='ocrx_word' id='word_1_392' title='bbox 873 5115 1011 5175; x_wconf 91' lang='lat' dir='ltr'><strong>missam</strong></span> <span class='ocrx_word' id='word_1_393' title='bbox 1037 5133 1057 5174; x_wconf 85' lang='lat' dir='ltr'><strong>a</strong></span> <span class='ocrx_word' id='word_1_394' title='bbox 1079 5132 1161 5195; x_wconf 82' lang='lat' dir='ltr'><strong>rege</strong></span> <span class='ocrx_word' id='word_1_395' title='bbox 1184 5114 1320 5177; x_wconf 92' lang='lat' dir='ltr'><strong>Davide</strong></span> <span class='ocrx_word' id='word_1_396' title='bbox 1345 5133 1391 5176; x_wconf 87' lang='lat' dir='ltr'><strong>ex</strong></span> <span class='ocrx_word' id='word_1_397' title='bbox 1418 5112 1557 5176; x_wconf 89' lang='lat' dir='ltr'><strong>vivifico</strong></span> <span class='ocrx_word' id='word_1_398' title='bbox 1585 5114 1693 5196; x_wconf 87' lang='lat' dir='ltr'><strong>ligno,</strong></span> <span class='ocrx_word' id='word_1_399' title='bbox 1715 5116 1769 5177; x_wconf 92' lang='lat' dir='ltr'><strong>cui</strong></span> <span class='ocrx_word' id='word_1_400' title='bbox 1785 5113 1875 5178; x_wconf 90' lang='lat' dir='ltr'><strong>Chri·</strong></span> 
     </span>
    </p>
   </div>
   <div class='ocr_carea' id='block_1_11' title="bbox 0 0 2066 6181">
    <p class='ocr_par' dir='ltr' id='par_1_23' title="bbox 0 0 2066 6181">
     <span class='ocr_line' id='line_1_45' title="bbox 0 0 2066 6181; baseline 0 0"><span class='ocrx_word' id='word_1_401' title='bbox 0 0 2066 6181; x_wconf 95' lang='lat' dir='ltr'><strong> </strong></span> 
     </span>
    </p>
   </div>
   <div class='ocr_carea' id='block_1_12' title="bbox 541 2097 1980 2184">
    <p class='ocr_par' dir='ltr' id='par_1_24' title="bbox 541 2097 1980 2184">
     <span class='ocr_line' id='line_1_46' title="bbox 541 2097 1980 2184; baseline -0.001 -24"><span class='ocrx_word' id='word_1_402' title='bbox 541 2118 576 2162; x_wconf 89' lang='lat' dir='ltr'><strong>iii</strong></span> <span class='ocrx_word' id='word_1_403' title='bbox 601 2099 700 2161; x_wconf 90' lang='lat' dir='ltr'><strong>India</strong></span> <span class='ocrx_word' id='word_1_404' title='bbox 723 2100 801 2162; x_wconf 90' lang='lat' dir='ltr'><strong>inde</strong></span> <span class='ocrx_word' id='word_1_405' title='bbox 824 2097 945 2163; x_wconf 86' lang='lat' dir='ltr'><strong>Sofala</strong></span> <span class='ocrx_word' id='word_1_406' title='bbox 968 2103 1001 2162; x_wconf 92' lang='lat' dir='ltr'><strong>in</strong></span> <span class='ocrx_word' id='word_1_407' title='bbox 1018 2101 1208 2183; x_wconf 90' lang='lat' dir='ltr'><strong>Aethiopia</strong></span> <span class='ocrx_word' id='word_1_408' title='bbox 1223 2101 1405 2164; x_wconf 72' lang='lat' dir='ltr'><strong>exte*riori</strong></span> <span class='ocrx_word' id='word_1_409' title='bbox 1422 2102 1644 2184; x_wconf 90' lang='lat' dir='ltr'><strong>perlustratis,</strong></span> <span class='ocrx_word' id='word_1_410' title='bbox 1667 2100 1827 2163; x_wconf 91' lang='lat' dir='ltr'><strong>Adenum</strong></span> <span class='ocrx_word' id='word_1_411' title='bbox 1844 2111 1877 2164; x_wconf 92' lang='lat' dir='ltr'><strong>et</strong></span> <span class='ocrx_word' id='word_1_412' title='bbox 1924 2148 1929 2157; x_wconf 95' lang='lat'><em>.</em></span> <span class='ocrx_word' id='word_1_413' title='bbox 1975 2148 1980 2159; x_wconf 88' lang='lat'><strong>.</strong></span> 
     </span>
    </p>
   </div>
  </div>
 </body>
</html>
