4066 6184
542 563 605 625 250
873 558 1146 609 EXPEDITIONIS
1169 559 1432 610 AETHIOPICAE
1456 560 1537 610 ETC.

539 703 643 767 Hunc
666 724 748 768 vero
771 707 906 769 titulum
931 705 1089 770 Psalmus
1111 705 1279 790 praefert:
1303 707 1351 770 In
1373 706 1595 771 Salomonem.
1612 704 1743 770 Omnes
1761 718 1868 771 tamen

540 820 776 884 Hebraeorum
792 823 950 886 doctores
966 822 1053 886 hanc
1077 823 1128 885 illi
1153 822 1405 906 expositionem
1429 823 1623 889 subiiciunt.
1643 823 1716 887 Hic
1730 827 1782 886 est
1795 823 1870 887 Rex

541 936 695 1009 mseras,
718 938 759 1000 dc
781 957 844 1021 quo
869 938 965 1022 cprcd
990 938 1133 1003 [sariam.
1164 936 1369 1024 Egredretur
1396 940 1506 1026 virga,
1537 939 1606 1003 sabe
1635 944 1812 1024 sceptrum,
1833 941 1870 1004 dc

540 1052 653 1118 redata
673 1054 766 1118 Iesse
780 1052 835 1137 (1).
860 1053 905 1117 Et
927 1055 1085 1136 quamvis
1107 1053 1227 1118 Rabbi
1250 1052 1416 1119 Salomon
1437 1064 1549 1119 totum
1578 1057 1669 1119 hunc
1699 1056 1869 1119 Psalmurn

540 1191 561 1233 a
583 1168 712 1233 Messia
735 1170 945 1251 detorqueat,
969 1179 1003 1232 et
1026 1171 1069 1233 de
1092 1190 1159 1233 uno
1182 1168 1377 1234 Salomonis
1401 1190 1509 1255 regno
1532 1182 1674 1236 conetur
1701 1192 1869 1254 exponere

541 1287 685 1369 (quade
709 1306 811 1349 causa
834 1295 867 1350 et
894 1287 938 1349 ab
971 1287 1068 1361 alias,
1104 1289 1177 1350 eius
1207 1288 1334 1370 scripta
1364 1299 1441 1351 ante
1473 1289 1613 1351 biduum
1645 1289 1702 1351 hic
1728 1287 1870 1351 flammis

539 1401 743 1485 corrigenda
769 1402 937 1484 commisi)
969 1403 1012 1465 ad
1042 1402 1173 1466 calcem
1197 1401 1334 1476 fatetur,
1359 1422 1478 1466 omnes
1501 1423 1581 1467 suos
1606 1406 1793 1487 magistros
1815 1405 1869 1466 bo-

541 1536 604 1580 nae
629 1519 813 1580 memoriae
837 1516 934 1580 illum
958 1518 1001 1581 de
1024 1517 1153 1582 Messia
1169 1519 1376 1601 explanasse
1392 1517 1446 1601 (2).
1464 1517 1597 1601 Quibus
1612 1519 1686 1602 ipse
1702 1540 1740 1583 se
1757 1522 1870 1582 volens

541 1633 661 1697 nolens
684 1642 894 1705 annumerat,
919 1635 1038 1697 dicens
1060 1636 1094 1697 in
1118 1636 1236 1719 glossa
1258 1636 1303 1700 ad
1327 1636 1388 1698 illa
1404 1636 1511 1698 verba
1527 1635 1773 1698 Numerorum:
1791 1634 1870 1698 Con·

539 1754 656 1835 surget
676 1748 785 1835 virga,
809 1751 882 1812 sive
906 1760 1086 1832 sceptrum,
1110 1771 1155 1814 ex
1178 1751 1296 1815 Israel
1307 1750 1361 1836 (3),
1385 1761 1557 1834 sceptrum
1582 1752 1669 1814 iliud
1693 1771 1769 1815 esse
1785 1750 1870 1815 Mes·

541 1867 621 1937 siae,
646 1866 689 1928 de
712 1885 780 1947 quo
804 1867 839 1928 in
856 1864 995 1929 Psalmo
1012 1884 1067 1945 71:
1084 1867 1134 1930 El
1147 1864 1379 1931 contueamur
1394 1889 1416 1931 a
1432 1867 1641 1952 mariusque
1655 1867 1704 1930 ad
1716 1888 1809 1931 merc
1820 1866 1870 1951 (4).

541 1979 652 2065 *Ergo
675 1983 757 2045 licet
779 1983 938 2046 Psalmus
961 1983 1021 2046 ille
1047 1979 1267 2047 Salomonem
1299 1985 1333 2046 in
1363 1984 1467 2047 titulo
1490 1984 1628 2057 indicet,
1651 2003 1740 2066 quae
1772 1985 1806 2046 in
1834 2004 1871 2046 eo
1893 1996 1962 2049 tm.

541 2097 756 2162 continentur
784 2098 875 2181 (quin
899 2107 933 2162 et
964 2101 1037 2182 ipse
1068 2099 1199 2182 titulus)
1229 2101 1399 2182 pertinent
1431 2100 1474 2162 ad
1505 2099 1679 2162 Messiam.
1711 2096 1872 2162 Similiter

541 2214 606 2277 etsi
629 2212 737 2277 Isaias
760 2234 800 2277 eo
824 2215 901 2277 loco
925 2233 1040 2278 coram
1063 2215 1169 2297 impio
1186 2214 1316 2289 Achaz,
1334 2226 1368 2278 et
1384 2214 1636 2297 Ierosolymitis
1652 2217 1786 2278 civibus
1808 2234 1871 2278 ser·

542 2349 677 2392 monem
701 2339 844 2403 texeret,
869 2351 936 2393 non
967 2333 1002 2394 in
1026 2332 1076 2394 eis
1108 2332 1261 2402 sistebat,
1285 2332 1345 2394 sed
1370 2342 1460 2394 totas
1482 2351 1562 2394 suas
1585 2333 1813 2414 cogitationes
1841 2332 1870 2393 in

542 2445 705 2509 Messiam
728 2445 936 2528 porrigebat.
962 2446 1045 2511 Ideo
1069 2450 1249 2530 proximae
1265 2447 1325 2511 ille
1342 2446 1542 2529 propethiae
1561 2448 1645 2510 haec
1661 2448 1769 2509 verba
1782 2466 1871 2529 prae·

542 2562 652 2625 misit:
669 2562 757 2625 me·
775 2563 998 2639 credederitzi,
1013 2584 1082 2627 non
1093 2563 1340 2649 permanebitis
1351 2564 1405 2647 (5).
1425 2562 1531 2627 LXX
1547 2563 1750 2645 interpretes
1764 2584 1808 2626 ex
1820 2584 1871 2625 ve·

542 2689 613 2742 stro
624 2696 764 2760 genere:
777 2679 859 2743 Non
871 2679 1076 2767 zbtcllzgetts.
1091 2680 1189 2744 Haec
1203 2683 1293 2744 enim
1306 2682 1496 2764 praedictio
1508 2701 1576 2744 non
1589 2694 1712 2754 mente,
1725 2689 1761 2742 et
1772 2680 1872 2742 oculis

542 2796 604 2858 sed
627 2795 702 2858 sola
724 2793 792 2859 fide
815 2807 867 2859 est
882 2798 1117 2881 intelligenda,
1142 2808 1175 2860 et
1191 2797 1465 2862 Andabatarium
1490 2815 1585 2861 more
1600 2798 1635 2860 in
1658 2796 1810 2860 tenebris
1828 2798 1872 2858 di·

542 2913 763 2995 gladiabitur,
780 2914 840 2994 qui
858 2913 954 2976 illam
970 2914 1111 2995 caligini
1128 2925 1318 2997 temporum
1343 2913 1462 2978 Achaz
1478 2914 1740 2977 accommodare
1760 2913 1872 2976 volens

543 3050 564 3092 a
586 3028 717 3092 Massia
739 3041 773 3093 et
796 3031 903 3111 ipsius
926 3029 1037 3093 Matre
1061 3029 1250 3094 deflexerit.

233 3153 335 3212 Filius,
354 3168 438 3217 quem
457 3151 516 3213 regi
633 3143 686 3207 Ne
716 3142 821 3228 igitur
850 3145 1018 3209 sollicitus
1048 3146 1107 3219 sis,
1131 3145 1308 3219 Salomon,
1332 3148 1374 3210 de
1398 3146 1633 3210 commentitio
1656 3144 1873 3209 Emmanuele

197 3228 295 3356 (ἓξὲξ
320 3224 517 3358 (33(ὦῖ
544 3260 665 3323 Achaz
688 3268 723 3322 et
745 3262 918 3342 septennis
940 3261 1079 3343 puellae
1101 3259 1183 3334 filio,
1208 3282 1308 3344 quem
1332 3262 1535 3325 Ierosolima
1558 3281 1620 3325 nec
1645 3261 1742 3333 vidit,
1759 3280 1831 3334 nec,
1848 3259 1874 3321 si

198 3372 361 3420 ⁰b⁸⁸⁸⁸⁸0
390 3365 518 3417 ⁸¹⁰⁰¹¹¹·
544 3378 686 3450 videret,
710 3376 763 3439 illi
786 3396 861 3440 esse
883 3386 1001 3458 posset
1024 3376 1127 3440 alicui
1151 3377 1393 3441 emolumento
1417 3376 1627 3449 Incredibili,
1651 3377 1762 3459 inquit
1784 3373 1875 3438 Salo

198 3457 263 3564 (ἵξῃ
265 3451 293 3490 to
305 3454 367 3490 em
380 3453 439 3489 m
451 3452 517 3501 pos-
545 3511 635 3566 mon,
659 3503 777 3556 nostro
792 3492 909 3575 generi
925 3491 990 3555 fuit
1006 3493 1155 3556 utilitati.
1181 3493 1250 3557 Hic
1266 3496 1356 3556 enim
1373 3492 1579 3557 Emmanuel
1595 3492 1689 3575 Regi
1714 3512 1761 3555 ex
1778 3491 1877 3554 Alma

546 3618 655 3680 natus,
679 3618 810 3690 patrem
833 3627 931 3671 suum
947 3617 981 3671 et
997 3610 1142 3690 patriam
1167 3630 1187 3671 a
1214 3611 1347 3672 duobus
1371 3609 1442 3673 illis
1468 3608 1635 3681 hostibus,
1659 3607 1773 3670 Rasin
1800 3625 1875 3689 rege

546 3721 669 3806 Syriae
703 3733 737 3788 et
767 3723 902 3787 Phacee
928 3743 1009 3807 rege
1044 3722 1219 3788 Samariae
1251 3725 1422 3797 liberavit,
1455 3745 1518 3788 nec
1547 3734 1679 3789 tantum
1711 3724 1874 3790 liberavit

546 3841 606 3903 sed
630 3840 769 3903 eosdem
799 3841 927 3904 devicit
957 3849 992 3902 et
1022 3841 1248 3905 detruncavit.
1280 3839 1312 3904 O
1337 3839 1465 3903 factum
1496 3842 1584 3904 bene
1614 3841 1644 3903 si
1677 3841 1725 3904 ita
1753 3836 1875 3902 factum

547 3955 668 4039 (inquit
692 3955 911 4041 Patriarcha),
935 3958 997 4020 sed
1012 3979 1033 4020 a
1048 3966 1081 4021 te
1097 3957 1226 4020 dictum
1250 3958 1399 4039 pessime
1414 3967 1448 4020 et
1471 3967 1571 4020 extra
1586 3976 1706 4020 omnes
1729 3953 1876 4019 veritatis

547 4072 728 4136 cancellos.
764 4071 831 4135 Illo
861 4083 974 4136 tamen
1005 4075 1134 4136 dictum
1165 4092 1263 4136 suum
1299 4073 1405 4137 semel
1440 4082 1474 4137 et
1508 4074 1631 4136 iterum
1663 4072 1876 4154 pertinaciter

548 4186 781 4262 confirmante,
804 4187 1004 4252 Patriarcha
1020 4208 1148 4262 omnes,
1172 4190 1231 4270 qui
1252 4191 1402 4261 aderant,
1427 4198 1532 4253 testes
1551 4189 1706 4252 laudavit
1729 4198 1765 4252 et
1786 4206 1875 4251 sena·

548 4305 614 4366 tori
633 4303 781 4377 Danieli,
805 4307 865 4387 qui
887 4306 923 4367 in
948 4305 1044 4367 libris
1060 4305 1263 4368 evolvendis
1286 4307 1442 4388 apprime
1468 4304 1641 4369 versatilis
1661 4314 1744 4376 erat,
1762 4304 1875 4373 edixit,

548 4428 586 4482 ut
615 4420 650 4481 in
682 4440 743 4482 suo
774 4420 978 4502 aethiopico,
1010 4420 1178 4502 appositis
1200 4420 1319 4502 signis,
1353 4422 1387 4483 in
1419 4429 1580 4503 promptu
1609 4420 1751 4483 haberet
1781 4427 1875 4500 caput

548 4538 732 4618 septimum
747 4536 867 4610 Isaiae,
885 4539 1055 4600 decimum
1071 4546 1208 4602 sextum
1225 4537 1304 4601 libri
1320 4540 1431 4621 quarti
1454 4535 1606 4619 Regum,
1631 4546 1665 4601 et
1680 4538 1874 4620 vigesimum

549 4660 707 4725 octavum
730 4655 870 4717 secundi
894 4652 1191 4737 Paralipomenon,
1208 4653 1332 4735 quibus
1355 4653 1514 4717 immanis
1528 4653 1590 4716 illa
1607 4649 1804 4716 Salomonis
1819 4649 1874 4713 fal·

550 4770 633 4834 sitas
656 4769 732 4833 luce
749 4770 874 4833 clarius
890 4771 1105 4854 arguebatur,
1123 4744 1281 4853 idemque
1296 4769 1443 4834 Iudaeus
1458 4777 1648 4851 praestaret
1664 4768 1700 4832 in
1715 4767 1874 4832 hebraicis

551 4886 790 4951 voluminibus.
815 4885 923 4950 Lecto
945 4888 1050 4969 igitur
1072 4886 1219 4968 septimo
1249 4885 1361 4951 Isaiae
1384 4887 1505 4969 capite,
1530 4886 1671 4967 planum
1695 4906 1738 4948 ex
1764 4885 1873 4947 eodem

639 5047 767 5113 (1)Ῑεαι“.,
784 5059 822 5104 11,
836 5063 861 5099 n.
878 5059 899 5104 1,
913 5047 1003 5095 Rabbi
1016 5047 1149 5098 Salomon.
1166 5074 1194 5083 —
1211 5046 1251 5111 (2)
1266 5049 1397 5105 Galatia,
1411 5046 1456 5098 lib.
1473 5058 1513 5103 10,
1526 5060 1583 5111 cap.
1598 5058 1623 5107 4.
1644 5072 1669 5081 -
1685 5047 1722 5109 (3)
1737 5044 1824 5101 Num,
1838 5054 1872 5105 24,

552 5155 576 5190 n.
600 5145 639 5197 17.
660 5166 692 5174 —
713 5136 754 5203 (4)
772 5138 871 5190 Psalm,
891 5144 932 5195 71,
952 5153 976 5188 n.
998 5136 1021 5189 8.
1050 5165 1070 5172 -
1093 5136 1135 5204 (5)
1155 5138 1227 5193 lsai„
1248 5144 1271 5194 7,
1291 5153 1316 5188 n.
1336 5149 1361 5199 9.
