4058 6178
576 522 638 596 184
906 532 1179 584 EXPEDITIONIS
1202 534 1465 585 AE'IHIOPICAE
1489 536 1571 586 ETC.
1994 484 1995 571 l

1994 584 1995 615 l

571 680 667 741 sione
690 679 936 743 calumniarum
960 700 1047 762 quae
1070 693 1189 744 contra
1213 682 1324 764 ipsum
1347 695 1382 746 et
1405 694 1521 766 patres
1544 682 1786 748 disseminatae
1806 698 1883 757 sunt;

572 796 614 857 de
636 795 761 875 quibus
783 793 871 858 infra
894 816 968 878 cap.
997 816 1046 876 17,
1059 798 1150 880 quod
1166 796 1396 861 veneficorum
1412 809 1625 881 grassaturas
1642 801 1882 874 insectarentur,
1994 784 1995 829 l

572 913 718 974 alterum
731 912 765 974 in
781 914 925 975 exordio
941 914 1198 995 persecutionis
1223 934 1290 995 quo
1321 916 1574 989 ostendebatur,
1601 935 1775 980 romanam
1798 915 1882 979 fidem

572 1046 710 1090 causam
741 1048 809 1091 non
840 1047 916 1092 esse
945 1030 1114 1093 bellorum
1146 1030 1359 1113 Aethiopiae
1390 1032 1451 1094 sed
1482 1034 1635 1096 nativam
1658 1033 1772 1116 gentis
1787 1034 1885 1096 incon·

573 1145 743 1215 stantiam,
768 1144 989 1206 ambitionem
1021 1145 1266 1209 consuetudine
1295 1148 1500 1219 roboratam,
1532 1157 1567 1210 et
1589 1149 1801 1211 licentiosam
1821 1169 1884 1231 pec·

573 1260 673 1321 candi
695 1260 944 1341 impunitatem.
1994 1328 1995 1331 Ἴ

261 1386 344 1433 Pater
372 1384 548 1436 antonius
667 1395 716 1439 ro.
741 1375 808 1438 Rei
833 1377 1040 1440 domesticae
1064 1388 1098 1440 et
1121 1379 1276 1461 agrariae
1303 1381 1434 1442 curatio
1464 1380 1670 1443 demandata
1697 1379 1794 1443 fratri
1816 1380 1884 1443 Em·

226 1454 403 1506 remundus
423 1454 546 1507 vicarius
713 1492 719 1505 .
870 1493 876 1505 .
903 1493 909 1506 .
1086 1494 1093 1507 .
1148 1495 1153 1506 .
1379 1496 1385 1508 .
1653 1496 1658 1508 .
1726 1498 1733 1510 .

225 1524 375 1588 generalis.
574 1491 721 1553 manueh
745 1490 910 1554 Ludovrcr
934 1490 1003 1555 fido
1026 1503 1061 1555 et
1084 1494 1270 1556 rndrscreto
1293 1494 1514 1558 Patnarchae
1537 1517 1557 1558 a
1580 1495 1757 1559 Lusrtanra
1785 1509 1884 1559 contu·

573 1607 722 1679 bernali;
764 1608 866 1688 plena
900 1627 1012 1670 rerum
1046 1609 1355 1673 ecclesiasticarum
1387 1610 1638 1673 administratio
1672 1629 1750 1673 cum
1783 1610 1885 1673 vicarii

572 1723 743 1803 generalis
767 1725 902 1786 nomine
932 1746 965 1806 p.
997 1724 1153 1788 Antonio
1184 1725 1378 1789 Fernandio
1408 1725 1690 1809 Ulissyponensi,
1722 1728 1794 1789 viro
1821 1728 1885 1789 reli-

571 1838 684 1920 gione,
712 1838 865 1913 scientia,
891 1843 994 1912 canis,
1022 1842 1168 1904 tricenni
1197 1861 1308 1905 rerum
1336 1842 1602 1924 aethiopicamm
1629 1845 1836 1925 experientia
1858 1855 1885 1905 et

570 1952 790 2018 *auctoritate
813 1957 903 2019 inter
918 1968 1072 2020 caeteros
1087 1958 1354 2021 commendabili
1370 1958 1496 2040 quique
1515 1959 1604 2022 hanc
1619 1958 1809 2022 Ecclesiam
1824 1957 1886 2019 Ro
1915 1966 1929 2015 l.
1941 1962 1967 2023 89·

571 2073 662 2135 mani
679 2069 855 2135 Pontificis
871 2073 1020 2145 nomine,
1035 2093 1080 2135 ex
1097 2072 1231 2136 indulto
1247 2071 1406 2156 Gregorii
1422 2072 1514 2136 XIII
1538 2074 1581 2137 ad
1605 2073 1820 2139 Patriarchae
1841 2093 1887 2135 ac·

571 2206 704 2250 cessum
719 2188 940 2270 integerrime
955 2199 1208 2271 procuraverat.
1224 2187 1334 2270 Quem
1351 2210 1418 2252 non
1435 2192 1548 2253 minus
1558 2210 1703 2273 aequum
1716 2200 1788 2253 erat
1803 2190 1842 2252 ab
1853 2209 1887 2251 eo

571 2304 614 2366 ad
637 2322 699 2366 sua
722 2304 904 2366 munienda
927 2304 1036 2367 latera
1059 2306 1288 2368 consultorem
1313 2306 1431 2389 deligi,
1447 2326 1488 2369 ac
1503 2306 1640 2388 suspici,
1657 2326 1760 2388 quam
1779 2327 1799 2368 a
1819 2304 1886 2365 divo

570 2418 757 2482 Ambrosio
781 2440 801 2481 a
831 2420 1042 2483 secularibus
1073 2418 1192 2484 infulis
1222 2422 1266 2483 ad
1300 2441 1415 2485 sacras
1445 2422 1570 2503 raptim
1594 2432 1704 2485 tracto
1732 2433 1765 2484 et
1793 2423 1887 2485 eccle·

570 2535 785 2598 siasticorum
808 2536 933 2598 rituum
957 2536 1147 2617 inexperto,
1171 2538 1404 2600 venerabilem
1428 2558 1544 2601 senem
1568 2536 1825 2620 Simplicianum
1851 2537 1887 2597 ad

569 2652 727 2714 eumdem
750 2651 796 2712 ob
819 2650 915 2712 illam
946 2670 1084 2714 causam
1114 2650 1231 2713 Roma
1265 2672 1286 2714 a
1311 2654 1529 2716 sanctissimo
1559 2652 1722 2735 pontifice
1752 2652 1888 2715 Damaso

570 2769 807 2830 instructorem
820 2766 1006 2838 dimissum,
1023 2776 1060 2829 ut
1071 2767 1175 2830 tradit
1187 2768 1343 2830 oculatus
1354 2771 1453 2832 testis
1466 2766 1887 2853 magnusAugustInus(1l.
1994 2812 1995 2829 .

570 2882 625 2945 Ita
647 2902 730 2945 vero
761 2903 807 2953 se,
840 2902 880 2945 ac
910 2902 972 2945 sua
1002 2883 1116 2945 omnia
1147 2883 1199 2945 illi
1230 2883 1429 2945 Patriarcha
1460 2884 1663 2955 crediderat,
1691 2894 1725 2946 et
1752 2884 1786 2946 in
1808 2883 1889 2944 illius

570 2999 673 3067 dicta,
696 2994 855 3079 factaque
873 2998 1054 3070 iuraverat,
1071 3008 1107 3060 ut
1123 2999 1243 3061 crebro
1259 2999 1373 3060 dicere
1389 2997 1511 3060 solitus
1527 2996 1639 3071 fuerit,
1662 3019 1696 3080 p.
1713 2998 1889 3061 Antonium

571 3134 616 3175 ex
640 3132 722 3175 vero
745 3112 977 3175 Patriarcham
1001 3132 1087 3186 esse,
1112 3133 1149 3177 se
1179 3114 1272 3176 illius
1302 3114 1345 3175 ad
1375 3132 1492 3176 sacros
1518 3115 1655 3176 ordines
1678 3112 1891 3176 conferendos

571 3240 605 3291 et
628 3229 792 3310 rescripta
815 3230 1058 3292 subscribenda
1080 3231 1278 3311 episcopum
1300 3230 1484 3292 titularem.

259 3351 446 3435 Quotidianae
457 3350 546 3414 paui·
666 3367 715 3408 11.
739 3343 788 3407 Ut
812 3364 894 3407 vero
917 3345 1097 3426 explorate
1113 3355 1281 3416 noscatur,
1298 3353 1424 3427 quanta
1440 3343 1692 3408 inconfusibilis
1708 3347 1806 3408 istius
1821 3364 1891 3426 ope·

223 3421 376 3544 3022?ss
413 3421 546 3472 exercita·
572 3462 651 3523 rarii
675 3460 710 3523 in
733 3459 977 3541 Aethiopicam
1000 3458 1193 3522 Ecclesiam
1217 3457 1343 3521 fuerint
1367 3460 1497 3530 merita,
1522 3478 1667 3540 eumque
1691 3460 1759 3523 sibi
1778 3460 1892 3522 caeteri

572 3578 776 3639 missionarii
799 3587 835 3639 ut
859 3577 1056 3657 primarium
1077 3576 1254 3657 exemplar
1269 3576 1532 3656 exprimendum
1558 3588 1761 3658 proponant,
1778 3594 1892 3657 operae

570 3694 716 3774 pretium
741 3690 852 3763 fuerit,
877 3692 1110 3772 quotidianam
1134 3693 1241 3773 ipsius
1259 3692 1352 3754 vitae
1368 3692 1553 3774 imaginem
1569 3691 1625 3754 hic
1641 3691 1825 3755 delineare.
1840 3689 1893 3751 Ad

569 3810 655 3893 galli
678 3820 827 3883 cantum,
850 3808 909 3889 qui
931 3809 1031 3870 tertia
1054 3818 1132 3889 post
1158 3808 1289 3870 mediae
1312 3809 1423 3871 noctis
1453 3808 1632 3870 articulum
1664 3807 1752 3870 hora
1774 3810 1809 3870 in
1831 3806 1893 3869 Ae·

568 3923 700 4005 thiopia
722 3924 868 3995 auditur,
893 3943 913 3984 a
935 3941 1056 3986 somno
1079 3923 1241 4005 surgebat
1265 3932 1298 3985 et
1323 3934 1401 3985 ante
1421 3922 1537 3985 omnia
1563 3941 1687 4004 corpus
1703 3924 1893 4006 quotidiana

568 4038 799 4121 flagellatione
830 4038 1048 4108 inscribebat,
1079 4046 1114 4100 et
1144 4057 1220 4100 curn
1251 4037 1326 4100 dies
1358 4038 1581 4108 illucesceret,
1612 4058 1734 4111 noxas,
1759 4040 1789 4102 si
1815 4057 1893 4119 quae

569 4156 794 4225 inhaeserant,
808 4155 851 4217 ad
875 4152 1073 4217 confessarii
1097 4173 1196 4216 aures
1219 4154 1393 4235 expiabat.
1417 4151 1524 4217 Sacro
1547 4154 1711 4236 deinceps
1733 4158 1895 4238 plenase-

569 4271 701 4334 mihora
724 4274 768 4334 ab
792 4272 945 4353 ingressu
970 4272 1004 4333 in
1021 4272 1128 4332 altare
1144 4271 1316 4343 demensa,
1332 4273 1546 4352 operabatur,
1564 4280 1598 4334 et
1613 4272 1702 4335 actis
1721 4281 1802 4354 post
1818 4270 1895 4333 illud

568 4408 627 4469 per
651 4390 820 4469 integrum
843 4388 1066 4468 quadrantem
1090 4387 1219 4467 gratiis,
1244 4404 1341 4448 suam
1364 4406 1402 4449 se
1425 4388 1461 4448 in
1484 4387 1607 4449 cellam
1630 4387 1813 4470 colIIgens,
1841 4386 1896 4447 mi-

568 4523 688 4565 norum
704 4503 863 4565 horarum
880 4520 1020 4583 pensum
1038 4501 1251 4563 exsolvebat.
1267 4501 1352 4564 Inde
1369 4503 1633 4565 ordinandorum
1657 4504 1814 4565 examIni
1835 4503 1897 4564 cle·

568 4621 713 4682 ricorum
738 4628 770 4680 et
795 4618 1036 4682 monachorum
1062 4620 1276 4690 institutioni,
1301 4618 1540 4681 dissidentium
1564 4618 1599 4680 in
1623 4620 1842 4682 matrimonio
1860 4617 1896 4677 li-

567 4736 659 4796 tibus
683 4737 780 4815 (quae
803 4735 859 4796 hic
882 4745 960 4796 sunt
984 4754 1029 4796 ex
1053 4736 1193 4817 antiqua
1220 4735 1359 4797 licentia
1386 4733 1661 4817 innumerabiles)
1692 4745 1726 4797 et
1759 4733 1896 4797 caeteris

1994 6002 1995 6059 l

1994 6062 1995 6111 l

568 4849 679 4912 causis
701 4852 944 4913 ecclesiasticis
967 4848 1158 4915 indefessus
1182 4853 1408 4915 incumbebat.
1433 4848 1471 4914 Si
1495 4850 1577 4933 quid
1604 4850 1667 4915 otii
1694 4863 1777 4916 ante
1803 4868 1895 4932 pran-

656 5099 695 5165 (Ι)
713 5100 772 5149 Lib.
793 5101 816 5158 8,
839 5101 965 5166 Confess„
985 5117 1041 5167 cap.
1063 5114 1086 5154 2.
