4058 6178
538 588 596 649 172
867 584 1138 635 EXPEDITIONIS
1161 584 1421 635 AETHIOPICAE
1445 585 1525 636 ETC.

532 733 685 795 eiusdem
708 729 787 795 fidei
812 735 935 795 merito
958 733 1188 816 dignoscatur.
1216 732 1285 797 Ubi
1302 732 1496 817 cni'rnstdcs
1513 738 1573 808 est,
1592 734 1703 816 inquit
1717 730 1865 815 chryso-

531 857 674 920 stomus,
699 846 748 911 ibi
766 848 925 923 Ecclesia,
949 847 1009 912 ubi
1030 869 1099 912 non
1121 854 1174 913 est
1185 850 1290 933 fides,
1303 858 1423 933 'neque
1448 848 1601 914 Ecclesia
1615 848 1669 933 (ι).
1696 847 1742 912 Et
1763 850 1865 912 divus

534 962 756 1028 Ambrosius:
784 964 852 1028 Ubi
862 970 914 1028 est
927 964 1053 1028 Petrus
1067 964 1116 1028 ibi
1126 970 1161 1029 et
1173 964 1326 1030 Ecclesia
1340 965 1394 1048 (a).
1418 963 1496 1048 Ego
1518 984 1601 1028 sane
1624 966 1781 1046 quamvis
1795 985 1862 1027 non

532 1081 597 1142 sim
609 1078 745 1163 sapim
760 1079 976 1151 architectus,
993 1079 1134 1144 Petrum
1149 1091 1183 1143 ct
1203 1099 1379 1144 romanam
1395 1081 1605 1154 cathedram,
1622 1100 1709 1162 quae
1721 1080 1864 1163 ipsamet

531 1206 584 1258 est
607 1192 736 1258 Christi
758 1193 926 1268 Ecclesia,
951 1196 1112 1278 importo,
1134 1196 1256 1266 sciens,
1280 1196 1453 1279 exipsius
1476 1205 1511 1259 et
1534 1194 1780 1278 Apostolorum
1803 1198 1864 1258 do·

532 1311 651 1382 ctrina,
676 1310 807 1373 nullum
831 1310 941 1375 ali'ud
965 1309 1223 1375 fundamentum
1247 1331 1332 1384 esse,
1352 1321 1387 1376 et
1402 1311 1460 1394 qui
1476 1321 1578 1376 extra
1593 1313 1680 1376 illud
1696 1309 1862 1383 aedificat,
1891 1322 1914 1369 r.
1938 1319 1979 1381 aa„

532 1427 725 1501 destruere3
750 1445 813 1489 nec
836 1429 969 1509 lapides
991 1427 1165 1511 colligere,
1188 1428 1249 1490 sed
1272 1427 1450 1510 dissipare,
1466 1447 1530 1491 nec
1546 1447 1689 1499 murum,
1705 1428 1766 1490 sed
1780 1429 1863 1490 scis·

533 1560 630 1604 suras
652 1544 850 1624 ruinamque
873 1544 995 1606 moliri.
1019 1540 1102 1606 Scio
1124 1542 1400 1607 Alexandrinam
1422 1542 1616 1606 Ecclesiam
1632 1563 1720 1606 nunc
1736 1540 1861 1607 Christi

533 1658 626 1720 ovile
648 1678 715 1720 non
739 1678 823 1729 osso,
847 1659 908 1721 scd
931 1678 1114 1723 caenosum
1137 1660 1355 1722 volutabrum
1379 1670 1414 1723 et
1436 1659 1591 1741 vulpium
1614 1660 1734 1721 vineas
1748 1658 1863 1720 demo·

534 1772 690 1836 lientium
724 1775 949 1856 luporumque
972 1775 1096 1837 cubile.
1120 1772 1202 1838 Scio
1223 1775 1321 1838 illam
1350 1775 1451 1838 vobis
1480 1773 1646 1838 hactenus
1675 1771 1780 1837 fuisse
1802 1793 1861 1836 no·

220 1891 313 1945 neon
341 1904 401 1941 non
427 1892 509 1940 habet
533 1907 671 1951 vercam
695 1891 918 1961 exitiabilem,
942 1899 1077 1953 etcum
1100 1888 1284 1972 Cypriam,
1307 1910 1375 1954 non
1397 1889 1516 1954 habere
1533 1889 1647 1953 Deum
1656 1894 1791 1975 patrem
1804 1888 1867 1973 qui

183 1961 507 2085 ffmffiffi
534 2002 725 2068 Romanam
747 2004 933 2069 Ecclesiam
948 2025 1016 2069 non
1032 2004 1152 2068 habeat
1165 2010 1308 2070 matrem
1322 2004 1378 2089 (3).
1395 2006 1455 2069 Ad
1471 2006 1571 2068 huius
1589 2006 1729 2070 brachia
1743 2016 1777 2069 et
1791 2023 1861 2067 am·

183 2106 269 2159 W
286 2113 415 2156 mm·
533 2120 658 2199 plexus
679 2131 871 2203 properate,
895 2121 995 2184 huius
1017 2122 1164 2203 papillas
1186 2122 1348 2204 appetite,
1372 2130 1410 2185 ut
1435 2120 1547 2185 Deum
1576 2131 1750 2203 parentem
1781 2141 1861 2183 nan·

533 2236 709 2298 ciscamini
733 2246 767 2298 et
790 2237 941 2299 eiusdem
964 2233 1026 2299 filii
1055 2237 1133 2300 sitis
1163 2247 1197 2300 et
1227 2237 1528 2320 cognomincmini.
1559 2237 1620 2300 Ab
1649 2238 1742 2300 illius
1771 2239 1860 2300 enim

533 2352 770 2414 communione
804 2354 915 2416 avulsi
944 2354 1079 2425 sitietis,
1113 2352 1331 2425 anhelabitis,
1366 2354 1564 2418 concidatis.
1594 2352 1720 2428 Avclle,
1753 2354 1860 2435 inquit

533 2466 624 2529 idem
648 2477 756 2548 pater,
780 2467 916 2531 radiicm
938 2467 1020 2531 solis
1042 2487 1064 2530 a
1078 2472 1221 2552 corpore,
1237 2467 1434 2531 circisionem
1449 2467 1536 2531 lucii
1549 2467 1667 2532 uni'tas
1680 2488 1749 2531 non
1763 2468 1859 2552 capri.

533 2581 585 2645 Ab
615 2582 731 2646 arbore
753 2581 889 2670 frange
916 2603 1059 2657 ramum,
1081 2582 1224 2670 fractus
1249 2583 1447 2670 germinare
1468 2604 1536 2647 non
1553 2584 1689 2669 poterii.
1712 2583 1747 2646 Α
1761 2580 1861 2671 son&

528 2696 684 2783 praecide
699 2697 822 2773 rabum,
840 2698 1017 2784 macomus
1039 2700 1228 2782 aresceti4).
1253 2698 1311 2762 Illi
1335 2699 1527 2771 adhaerete,
1551 2719 1615 2762 vos
1638 2702 1806 2762 conserite
1825 2710 1858 2762 et

532 2815 833 2895 conglutinamini:
858 2834 941 2877 mox
963 2816 1099 2887 vivetis,
1122 2813 1288 2878 florebitis
1310 2825 1345 2879 et
1372 2817 1495 2879 uberes
1522 2818 1556 2877 in
1588 2826 1762 2878 aeternum
1791 2813 1858 2877 fru-

532 2940 607 2992 ctus
630 2928 757 2994 feretis.

619 3116 660 3182 (ι)
681 3117 782 3169 Homll.
802 3115 818 3164 6
836 3133 906 3182 oper.
926 3118 1028 3183 imperi.
1048 3118 1075 3166 in
1095 3119 1165 3169 Pral.
1186 3130 1228 3180 40.
1250 3147 1281 3155 -
1301 3120 1338 3181 (2)
1360 3130 1370 3166 1
1394 3117 1526 3175 Corinth„
1546 3129 1570 3181 3,
1589 3135 1615 3170 n.
1637 3130 1677 3170 ιο.
1701 3146 1730 3155 -
1749 3117 1789 3184 (3)
1799 3118 1858 3171 Lib.

531 3206 572 3254 De
590 3208 661 3257 unit
681 3206 779 3258 Eccles.
804 3235 824 3244 v
851 3207 1019 3272 (4)Ibide1n.
