4058 6178
742 2187 928 2263 CAPUT
961 2188 1007 2261 X.

203 2481 341 2555 Tecla
380 2480 609 2576 Gueorguis
649 2503 675 2554 a
716 2481 831 2557 Ceba
871 2479 1059 2555 Christos
1099 2480 1142 2553 in
1181 2478 1291 2552 bello
1330 2485 1544 2572 superatur

504 2624 545 2689 et
573 2614 616 2689 in
643 2614 770 2710 regiis
798 2614 944 2753 castris
971 2613 1240 2709 suspenditur.

304 2981 333 3028 1.
357 2958 467 3041 Quam
490 2959 634 3023 fallaces
656 2962 725 3023 sint
748 2960 923 3022 hominum
947 2978 1037 3040 spes,
1061 2956 1195 3041 fragilis
1212 2956 1349 3021 fortuna
1364 2968 1397 3020 et
1424 2959 1542 3019 inanes
1605 2963 1705 3047 ‘rectae
1733 2962 1891 3025 ducorgula

208 3078 450 3139 contentiones
472 3074 652 3139 manifeste
683 3078 717 3138 in
740 3075 806 3138 hoc
832 3074 959 3137 Teclae
991 3072 1183 3158 Gueorguis
1210 3071 1302 3137 facto
1332 3074 1543 3135 demonstra·
1570 3044 1768 3159 ζίᾞζψ
1798 3036 1889 3085 ‘⁰⁸¹⁹

210 3201 292 3254 tum.
318 3190 404 3254 Cum
428 3194 519 3255 enim
543 3202 689 3274 putaret,
716 3212 814 3255 verae
836 3189 917 3255 fidei
937 3191 1180 3274 repudiatione,
1198 3190 1389 3253 innocentis
1407 3190 1542 3271 sangui-

210 3310 265 3370 nis
288 3306 455 3370 effusione
477 3318 512 3370 et
534 3327 707 3371 sacrarum
730 3327 842 3370 rerum
865 3308 1098 3371 combustione
1122 3306 1316 3369 innumeros
1334 3306 1401 3368 sibi
1419 3304 1545 3366 milites

210 3424 460 3506 adiungendos,
477 3424 538 3485 illa
554 3424 629 3486 dies
644 3442 740 3505 spem
756 3422 830 3486 eius
852 3442 988 3486 omnem
1012 3432 1046 3484 et
1065 3423 1209 3485 consilia
1224 3423 1398 3504 pervertit.
1415 3418 1545 3482 Omnes

209 3541 304 3601 enim
326 3558 425 3621 pene,
449 3541 507 3619 qui
531 3549 601 3603 tam
627 3540 787 3601 immanis
817 3539 991 3621 sacrilegii
1021 3547 1232 3620 spectatores
1263 3535 1405 3607 fuerant,
1437 3538 1545 3598 abeo

212 3657 340 3717 sensim
363 3663 441 3717 sunt
464 3655 598 3737 dilapsi,
622 3665 657 3717 et
679 3655 754 3718 sola
777 3673 854 3716 eum
878 3656 1038 3717 comitata
1061 3664 1113 3717 est
1136 3655 1311 3716 execratio
1334 3663 1368 3715 et
1387 3652 1544 3715 solitudo,

208 3767 401 3833 Germanus
425 3770 532 3853 ipsius
554 3767 673 3834 Suatle
692 3771 753 3832 Ab
768 3771 919 3851 pullatus
942 3772 1104 3851 deinceps
1123 3770 1261 3832 incessit
1277 3780 1310 3832 et
1337 3770 1443 3850 ipsius
1458 3787 1546 3831 uxor

211 3886 362 3967 pellibus
387 3887 476 3949 male
501 3889 680 3950 maceratis
703 3896 833 3969 operta,
858 3888 950 3967 quod
974 3883 1133 3949 foeminis
1151 3887 1362 3967 principibus
1377 3881 1545 3947 familiare

212 4011 266 4064 est
286 4003 322 4065 in
337 4021 472 4065 summo
488 4003 583 4065 luctu
599 4004 857 4084 operimentum.
875 4001 973 4065 Haec
989 4021 1072 4065 vero
1088 4005 1177 4064 inter
1191 4003 1319 4084 primas
1334 4002 1543 4072 censebatur,

210 4136 291 4180 cum
314 4127 411 4199 patre
434 4118 639 4200 gloriaretur
660 4115 761 4181 Bella
782 4116 946 4190 Christos,
970 4137 1104 4180 summo
1124 4117 1314 4180 catholicae
1330 4116 1409 4179 fidei
1426 4117 1460 4179 in
1476 4117 1546 4197 pri·

212 4233 356 4295 mordiis
377 4229 511 4296 fautore
526 4231 582 4316 (r).

303 4370 332 4412 2.
358 4347 428 4413 Ubi
452 4350 641 4432 Imperator
665 4349 783 4413 talium
807 4358 1041 4431 portentorum
1073 4348 1184 4412 factus
1214 4359 1265 4412 est
1296 4350 1427 4421 certior,
1452 4346 1547 4412 Cabai
1608 4356 1894 4478 eastengintmo-

1481 4466 1488 4478 .
1537 4465 1543 4477 .
1575 4444 1622 4479 rex
1647 4443 1737 4478 renim
1760 4443 1777 4478 Ι
1860 4444 1895 4479 ss·

209 4463 367 4528 Christos
390 4466 433 4528 ad
456 4485 494 4529 se
519 4465 684 4528 accersito
706 4466 794 4529 hanc
818 4465 1074 4547 expeditionem
1091 4467 1269 4536 commisit,
1285 4474 1458 4546 tamquam
1479 4484 1546 4546 rpsr
1573 4510 1616 4550 m
1634 4500 1749 4562 „im
1767 4499 1829 4550 dieo
1844 4515 1894 4550 ne-

210 4581 365 4643 debitam
388 4582 434 4644 ob
459 4582 669 4664 singularem
693 4578 927 4644 fortitudinem
951 4591 985 4643 et
1008 4583 1053 4645 ob
1076 4582 1172 4644 illam
1195 4581 1456 4651 solicitudinem,
1479 4600 1548 4663 qua
1574 4572 1683 4634 gotium
1701 4571 1833 4621 ‘²⁰¹¹‘oest

210 4694 417 4758 catholicam
447 4692 560 4768 fidem,
584 4717 605 4759 a
627 4696 749 4758 rebelli
781 4694 1024 4778 impugnatam,
1056 4697 1144 4758 inter
1174 4694 1394 4778 Tigmeosa
1424 4695 1548 4776 quibus

211 4813 313 4875 unice
337 4811 555 4894 diligebatur,
579 4813 868 4875 disseminandam
891 4814 1048 4893 proxime
1060 4797 1062 4803 ’
1076 4823 1263 4875 curaverat.
1281 4811 1385 4874 Brevi
1401 4831 1438 4874 se
1453 4829 1548 4874 suos·

208 4948 278 5010 que
301 4927 475 4997 instruxit,
499 4937 643 4990 evocato
667 4947 714 4990 ex
736 4927 882 4993 Goiama
909 4948 971 4991 suo
1002 4929 1173 4991 Bellatina
1203 4926 1314 5000 Goita‚
1346 4929 1420 4991 sive
1451 4946 1549 4988 aeco-

300 5178 338 5238 (ι)
356 5176 420 5240 Sup.
438 5175 484 5228 lib.
506 5187 529 5235 1,
548 5144 605 5242 cap,
628 5187 668 5235 11,
687 5193 711 5228 n.
735 5195 757 5231 1.
