4124 6182
629 563 746 613 LIBER
769 564 793 621 1,
817 562 943 612 CAPUT
967 562 1048 611 XIV.
1445 566 1500 609 121

184 732 250 774 eam
271 731 335 793 qua
360 713 513 795 episcopi
540 711 755 775 vehebantur
786 711 821 773 in
844 728 1025 773 arenosum
1056 727 1133 770 cum
1160 709 1324 770 mercium
1356 708 1508 768 omniurn

185 828 363 910 dispendio,
386 829 541 909 impegit.
566 825 677 890 Goam
700 826 864 908 appulsos
886 824 1097 906 perhumane
1120 834 1155 887 et
1187 823 1378 886 liberaliter
1407 841 1507 885 exce-

184 946 228 1028 pit
255 964 379 1026 prorex
408 944 614 1007 Franciscus
645 964 665 1005 a
696 941 806 1007 Gema
836 961 951 1005 comes
975 959 995 1001 a
1022 938 1234 1023 Vidigueira,
1269 937 1376 1003 Vesci
1405 939 1507 1020 primi

184 1061 292 1124 Indiae
314 1061 498 1143 repertoris
523 1079 641 1142 nepos,
665 1061 723 1143 qui
746 1059 901 1140 sequenti
934 1052 1376 1121 novembri'Patriarcham
1405 1056 1508 1118 Dium

183 1187 250 1239 tuto
272 1175 410 1248 dimisit,
436 1185 473 1239 ut
497 1176 577 1238 inde
601 1177 722 1239 martio
746 1177 781 1238 in
807 1173 1032 1254 Aethiopiam
1055 1175 1133 1236 vela
1157 1174 1264 1237 daret.

265 1314 294 1369 4.
317 1290 389 1354 Hic
412 1293 547 1355 interim
578 1302 752 1355 recreatus
782 1303 834 1355 est
863 1291 1063 1356 Patriarcha
1093 1290 1325 1371 epistolarum,
1356 1307 1441 1371 quas
1465 1309 1510 1350 cx
1573 1295 1858 1359 lmperatorisadPa·

183 1407 350 1472 Lusitania
373 1409 417 1473 ad
444 1407 690 1490 Imperatorem
722 1418 757 1471 et
788 1407 865 1472 Ras
895 1405 977 1471 Sela
1007 1404 1163 1472 Christos
1192 1406 1451 1487 conscripserat,
1475 1406 1509 1467 in
1538 1368 1688 1418 “mm
1706 1365 1836 1430 ‘mh'

183 1525 261 1588 haec
283 1526 390 1589 verba
413 1526 645 1607 responsione.
670 1524 826 1609 Epistola
847 1525 971 1589 Seltan
995 1522 1146 1609 Seguedi
1165 1521 1239 1583 Dei
1261 1521 1377 1607 gratia
1408 1521 1510 1605 empc-

185 1641 304 1704 ratoris
325 1639 537 1726 Aethiopiae,
559 1660 633 1703 cum
655 1639 739 1703 bona
768 1640 848 1703 boni
869 1639 1022 1725 pastoris
1039 1648 1132 1727 pace,
1156 1643 1219 1727 qui
1241 1636 1333 1703 dedit
1361 1636 1511 1699 animam

74 1756 88 1809 t.
104 1768 159 1825 59³·
182 1776 273 1819 nram
294 1756 376 1841 *pro
391 1755 504 1820 ovibm
517 1755 601 1827 suas,
620 1756 754 1818 accedat
767 1756 816 1819 aci
824 1754 1040 1840 Alphonsum
1051 1756 1289 1842 patriarcham
1301 1751 1509 1837 Acthcbpiae.

183 1870 339 1956 Ingentes
367 1870 436 1933 Deo
460 1869 634 1934 reddimus
652 1869 798 1956 gratias,
822 1871 912 1954 quod
931 1891 993 1934 nos
1011 1876 1204 1935 nostrorum
1219 1876 1370 1934 votorum
1386 1889 1424 1931 ac
1433 1875 1513 1952 pre·

181 2006 251 2050 cum
272 1990 436 2071 compotes
457 1984 579 2070 effecit,
604 1989 637 2048 et
659 1985 706 2048 ad
725 1984 818 2049 illud
838 1990 970 2070 tempus
989 1986 1162 2070 perduxit,
1187 2007 1249 2071 quo
1268 2006 1324 2049 aas
1333 1984 1512 2070 passienus,

182 2101 417 2166 Patriarcham
440 2121 515 2163 cum
538 2100 658 2164 multis
675 2100 781 2172 soccis,
797 2105 841 2163 ut
855 2100 892 2164 in
908 2105 1020 2165 uestra
1037 2101 1236 2190 reserebatis
1250 2101 1403 2187 epistola,
1420 2098 1515 2163 intra

180 2216 394 2304 Aethiopiam
418 2216 559 2292 intueri,
583 2216 646 2301 qui
665 2236 777 2281 omnes
799 2216 885 2281 satas
905 2223 989 2281 sunt
1002 2218 1187 2282 necessarii
1199 2219 1247 2282 aa'
1258 2218 1428 2303 disperses
1442 2236 1515 2280 oues

180 2334 215 2396 in
237 2335 290 2398 die
314 2334 522 2419 tempestates
543 2339 578 2396 et
598 2333 757 2419 caligim's
779 2333 989 2420 colligendas.
1023 2335 1087 2399 Vos
1118 2335 1189 2420 ipse
1211 2355 1284 2398 cum
1303 2340 1385 2419 pace
1406 2337 1441 2396 et
1461 2331 1514 2395 iu·

180 2448 371 2512 calamitate
392 2447 446 2511 hic
472 2448 582 2524 sistat,
613 2448 769 2533 viamque
798 2449 960 2534 expediat
987 2454 1030 2513 ut
1058 2454 1230 2514 maturato
1261 2448 1450 2534 appellatas.
1475 2444 1519 2510 ld

180 2562 267 2627 enim
289 2563 432 2649 imperii
451 2563 554 2627 astaus
575 2565 754 2628 necessetas
775 2564 894 2650 exr'git,
919 2570 962 2628 ut
982 2585 1027 2629 ex
1040 2569 1183 2651 patrum
1211 2565 1342 2629 litteris
1365 2563 1514 2627 noscetis.

181 2677 290 2743 Deum
314 2679 652 2754 intcrim,tantorurn
674 2679 833 2744 bonorum
857 2685 1025 2744 auctorem
1049 2701 1207 2767 rogamus
1229 2686 1271 2744 ut
1291 2681 1329 2744 in
1344 2701 1444 2744 suum
1460 2679 1516 2742 ha·

180 2814 293 2859 norem
316 2799 354 2858 et
371 2793 520 2881 gloriam
543 2800 577 2859 et
598 2800 648 2859 tot
668 2796 865 2860 animarum
887 2795 1032 2860 salutem
1054 2797 1094 2861 ia'
1106 2798 1196 2881 quod
1206 2802 1364 2883 operatus
1378 2800 1430 2859 est
1442 2816 1516 2858 corr·

171 2910 303 2994 firmet,
328 2910 399 2974 Die
422 2931 462 2973 ao
487 2910 582 2974 Maii
600 2911 794 2995 anni1624.
818 2910 947 2976 Verum
964 2912 1041 2975 Ras
1056 2909 1138 2976 Sela
1154 2911 1308 2977 Christos
1323 2912 1516 2976 sublimiori

179 3025 271 3107 stylo
294 3025 348 3088 sic
371 3027 585 3108 personabat.

268 3158 298 3219 5.
326 3141 538 3226 Responsum
567 3142 670 3207 Setae
700 3141 862 3217 Christos,
884 3142 1005 3228 capitis
1023 3144 1220 3230 principum
1242 3143 1442 3235 Aethiopiae
1464 3142 1518 3208 cte·
1580 3148 1637 3198 Rae
1655 3146 1721 3196 Sela
1738 3144 1866 3195 canam

1545 3219 1581 3269 ad
1598 3219 1719 3268 eundern
1735 3214 1864 3279 epistola.

172 3254 322 3341 feratur
345 3255 392 3321 aci
411 3257 630 3322 venerabitem
649 3264 784 3344 patrem
807 3258 1021 3344 Alphonsum
1048 3258 1260 3325 Mendacium
1281 3259 1518 3345 patriarcham

177 3372 391 3459 Aethiopiae.
416 3373 497 3437 Pax
519 3374 667 3438 Domini
686 3375 806 3448 nostri,
838 3375 941 3439 Verbi
960 3375 1100 3449 aeterni,
1119 3382 1186 3461 per
1207 3397 1303 3460 quem
1317 3374 1422 3463 facta
1437 3382 1521 3440 sunt

178 3489 295 3552 menia
319 3492 355 3553 et
375 3489 490 3553 omnia
508 3494 650 3574 propter
671 3489 794 3574 ipsum,
827 3491 889 3575 qui
915 3496 1065 3555 nostram
1096 3491 1341 3555 humanitatem
1367 3513 1411 3555 ex
1442 3492 1520 3556 Vir·

174 3604 257 3689 gine
280 3580 322 3668 in
346 3608 453 3668 tatum
476 3609 592 3669 sancta
615 3610 649 3669 et
669 3605 790 3690 absque
812 3607 945 3671 macula
967 3584 1162 3691 assumpsit,
1186 3612 1226 3671 ut
1253 3628 1288 3671 sc
1310 3607 1421 3693 ipsum
1439 3613 1519 3692 pro·

173 3724 254 3804 pter
277 3741 342 3783 nos
364 3720 402 3783 iu
425 3721 547 3806 templo
569 3721 678 3786 crucis
700 3724 847 3810 officeret,
879 3722 1018 3787 Vestrae
1036 3723 1293 3787 Demutationes
1302 3723 1483 3808 personam
1499 3744 1521 3787 a

179 3836 370 3921 temporali
388 3835 478 3899 mala
501 3841 642 3901 tueatur
656 3844 690 3902 et
705 3838 743 3901 in
758 3859 839 3902 suae
853 3839 944 3903 artae
958 3838 1066 3903 vellus
1080 3838 1267 3902 salutarem
1285 3859 1392 3903 rorem
1406 3841 1520 3926 effun-

178 3951 241 4016 dat
262 3957 299 4016 et
321 3970 396 4014 cum
415 3957 499 4035 pace
507 3949 675 4036 perducat
688 3926 810 4016 c'ntam
828 3951 993 4017 arcelsam
1008 3953 1218 4039 dc'gnitatam,
1236 3952 1274 4016 in
1293 3974 1394 4038 quam
1410 3973 1432 4015 a
1447 3953 1522 4016 Deo

178 4067 278 4131 electi
298 4066 391 4141 estis,
414 4067 498 4152 qum
524 4067 594 4130 ulli
608 4073 853 4133 antecessorum
877 4069 1006 4132 Romae
1020 4069 1094 4151 lsic]
1119 4069 1182 4131 hrcc
1205 4069 1384 4132 missorum
1400 4067 1524 4155 fucrit

177 4204 346 4248 concessa.
380 4183 588 4247 Immensum
622 4182 772 4248 laetatus
805 4206 880 4247 sum
904 4183 1049 4249 advemu
1083 4184 1243 4270 epistolae
1264 4183 1522 4247 Domzmatronis

186 4301 333 4368 Vestrae
356 4319 377 4361 a
399 4298 582 4363 Societatis
603 4299 683 4363 Iesu
711 4300 871 4385 patribus
901 4299 990 4365 mihi
1016 4300 1152 4374 oblatae,
1188 4321 1256 4364 non
1278 4321 1371 4364 secus
1393 4321 1431 4364 ac
1454 4301 1522 4365 lac·

179 4421 274 4481 tatae
298 4419 385 4479 sunt
398 4414 432 4477 S
429 4418 604 4478 anctorum
617 4415 764 4479 Petrum
780 4417 925 4491 ammae,
942 4437 1025 4501 quae
1039 4416 1072 4480 S
1069 4416 1232 4481 alaatam's
1247 4436 1410 4480 accessum
1421 4422 1523 4502 prae·

177 4531 411 4603 stolabantur,
436 4549 510 4594 curn
532 4536 635 4615 super
658 4531 750 4616 ipsas
780 4530 975 4596 diurnitatis
1001 4530 1119 4597 radius
1148 4531 1291 4616 affulsit
1317 4532 1468 4596 Laetitia
1490 4537 1526 4595 et

177 4646 357 4712 exultatio
379 4650 479 4710 tanta
494 4644 588 4733 fuit,
613 4652 741 4731 quanta
755 4667 939 4732 numquam
955 4669 977 4711 a
993 4649 1119 4712 tenem's
1132 4647 1329 4733 unguiculas
1342 4647 1406 4711 huc
1421 4668 1526 4732 usque

177 4761 406 4849 triumphata]
431 4761 503 4827 Nec
521 4769 658 4848 possum
682 4762 902 4827 tenuicora'is
922 4765 1130 4828 meistatera
1144 4763 1371 4828 exultationis
1389 4784 1523 4835 aurum,

177 4879 218 4943 in
243 4900 299 4944 mc
330 4877 470 4943 Vestrae
491 4877 750 4942 Dominatiom's
772 4879 935 4964 epistolae
958 4854 1116 4944 thesauro
1138 4884 1329 4965 congestum
1351 4884 1385 4943 et
1399 4879 1526 4943 amoris

177 4994 262 5082 igrae
288 4994 328 5058 in
355 4992 490 5057 camirm
514 4993 659 5080 metatis
687 4993 948 5058 Dominatconis
978 4995 1116 5059 Vestrae
1144 4994 1316 5080 syncerius
1346 4993 1526 5067 redditum,

178 5111 373 5199 trutinare.
399 5107 495 5192 Quid
514 5114 626 5175 tamen
649 5109 733 5182 Deo,
757 5110 855 5196 longe
876 5110 918 5173 ab
940 5111 996 5175 ira
1026 5109 1169 5195 seposito
1202 5113 1238 5173 ct
1269 5110 1366 5197 largo
1395 5109 1529 5175 mc‘seri-

266 5250 295 5292 C.
311 5250 421 5293 Bnecm.
435 5250 486 5290 Rer
506 5249 574 5292 Acer.
589 5251 680 5304 Sm'pt.
695 5263 740 5293 occ.
757 5250 823 5293 cited.
837 5272 862 5282 -
877 5249 943 5293 VIII.
1424 5252 1451 5292 16
