4058 6178
687 560 804 611 araas
828 561 866 620 11,
890 561 1015 611 clear
1038 562 1077 611 11.
1480 572 1540 631 149

204 709 397 790 loquuntur
427 709 610 789 dialectici)
641 707 761 772 definit
789 710 881 791 quod
912 709 947 771 in
979 710 1107 771 naturis
1136 710 1372 784 rationalibus,
1399 730 1540 794 quarum

203 826 344 906 apicem
368 834 463 888 tenet
485 826 658 898 divinitas,
682 844 829 907 persona
852 836 1075 908 nuncupatur.

296 962 328 1020 4.
352 940 395 1004 In
420 940 645 1005 confessionis
675 943 785 1015 huius,
808 961 877 1004 non
907 943 1055 1006 humano
1085 943 1202 1006 labore
1233 944 1451 1026 excogitatae
1481 944 1541 1005 sed
1604 956 1726 1004 Petrus
1746 952 1888 1003 &claim

208 1059 336 1120 aeterni
350 1057 465 1125 Patris
480 1058 690 1121 revelatione
702 1059 896 1141 inspiratae,
909 1059 1225 1131 remunerationem,
1238 1059 1375 1131 Petrum
1388 1056 1542 1121 Christus
1569 1025 1683 1147 ἓξὲξ
1689 1033 1888 1159 ωρᾝῃῗωζ

209 1175 464 1237 caementitium
488 1184 523 1237 et
545 1175 743 1257 primarium
766 1173 944 1237 Ecclesiae
967 1194 1048 1237 suae
1071 1175 1220 1257 lapidem
1244 1175 1359 1237 verbis
1378 1175 1448 1236 illis
1463 1185 1542 1236 ante

209 1299 367 1353 caeteros
391 1289 582 1372 Apostolos
605 1292 804 1354 declaravit
829 1291 879 1354 El
899 1310 957 1377 ego
979 1288 1050 1354 dico
1080 1290 1143 1354 libi
1169 1290 1251 1375 quia
1280 1295 1318 1354 tu
1347 1311 1383 1353 er
1414 1290 1544 1369 Petrus

209 1407 243 1467 el
265 1411 369 1490 super
385 1404 473 1469 hanc
483 1388 810 1490 petram'aedificabo
824 1405 1008 1469 Ecclesiam
1025 1426 1130 1470 aream
1143 1408 1196 1489 (1).
1214 1406 1292 1469 Hoc
1308 1416 1377 1469 est:
1397 1404 1492 1469 Sicut
1507 1415 1543 1468 tu

210 1521 350 1584 dixisti:
380 1521 413 1583 T
408 1543 432 1583 u
455 1543 490 1585 es
513 1521 681 1595 Christus,
705 1542 895 1605 agnoscens
918 1542 973 1585 me
997 1523 1094 1585 illum
1118 1542 1203 1595 esse,
1226 1524 1284 1605 qui
1314 1524 1395 1602 olim
1427 1521 1543 1603 Moysi

211 1637 388 1700 dixeram:
412 1638 485 1725 Ego
506 1659 590 1710 suat,
615 1640 677 1724 qai
696 1660 781 1710 mal,
813 1641 862 1701 sic
886 1659 952 1722 ego
980 1640 1077 1702 dico:
1106 1639 1158 1701 Tu
1180 1660 1214 1703 es
1235 1640 1372 1714 Petrus,
1398 1648 1544 1720 atquae

210 1753 294 1815 mihi
308 1755 447 1836 propria
459 1765 521 1828 est,
535 1756 580 1818 ob
593 1757 729 1819 divinae
746 1767 885 1819 naturae
897 1757 1133 1828 constantiam,
1147 1755 1405 1819 immutabilitas
1414 1753 1469 1837 (2),
1481 1753 1545 1815 tibi

210 1880 245 1931 et
269 1880 348 1932 tuae
371 1871 555 1934 cathedrae
580 1892 712 1935 mecum
736 1873 781 1936 sit
805 1873 1069 1954 participatione
1091 1873 1289 1935 communis.
1309 1869 1355 1933 Et
1377 1870 1465 1933 sicut
1480 1888 1546 1951 ego

211 2005 297 2058 sum,
321 2006 366 2048 ex
391 1988 426 2048 vi
450 2007 546 2050 meae
569 1990 811 2072 generationis,
834 1987 952 2051 Ft'lius
974 1988 1047 2051 Dei
1068 1987 1145 2061 aiat]
1169 1989 1218 2050 sic
1240 1988 1353 2050 tusis
1374 2005 1450 2051 mea
1480 1984 1544 2046 lar-

209 2101 321 2187 gitate
343 2102 466 2165 Simon
488 2103 563 2168 Bar
584 2104 682 2175 Iona,
706 2105 741 2167 id
757 2114 808 2168 est
824 2102 915 2166 filius
930 2102 1121 2175 columbae,
1141 2103 1233 2184 quod
1248 2114 1327 2181 tuae
1351 2101 1545 2172 cathedrae,

210 2235 253 2278 ne
278 2236 438 2298 umquam
464 2220 607 2291 labatur,
632 2221 894 2302 oppigneratam
917 2218 1093 2281 habiturus
1115 2221 1160 2281 sit
1184 2216 1332 2300 Spiritus
1343 2215 1471 2288 Sancti,
1487 2216 1545 2297 qui

210 2332 392 2397 columbae
416 2336 551 2398 nomine
575 2347 609 2399 et
633 2337 772 2400 dotibus
794 2337 1001 2418 designatur,
1014 2335 1162 2416 gratiam
1186 2345 1220 2397 et
1240 2334 1480 2399 assistentiam.
1501 2330 1548 2395 Ul

212 2468 271 2533 ego
293 2448 394 2513 habeo
417 2449 524 2513 claves
545 2452 664 2515 merlis
678 2456 713 2515 el
728 2451 874 2539 :aserai
884 2452 938 2534 (3),
954 2452 1005 2513 sic
1019 2460 1057 2513 tu
1072 2453 1169 2536 regni
1182 2453 1355 2514 coelorum
1370 2450 1487 2511 claves
1502 2449 1546 2510 ad

214 2564 300 2626 illud
325 2567 545 2648 aperiendum
568 2578 604 2631 et
627 2568 864 2641 claudendum,
887 2590 949 2652 pro
971 2582 1030 2634 tuo
1054 2570 1231 2641 arbitratu,
1256 2566 1472 2631 nanciscaris.
1496 2562 1545 2626 Ut

213 2699 280 2761 ego
304 2679 483 2746 Ecclesiae
505 2703 580 2746 sum
597 2689 698 2768 petra
720 2689 754 2747 el
769 2684 1044 2772 fundamentum
1062 2689 1200 2771 praeter
1222 2682 1309 2768 quad
1324 2681 1426 2746 aliud
1452 2701 1547 2744 nemo

208 2800 337 2878 ponere
353 2801 466 2880 polest
485 2800 540 2881 (4),
557 2801 607 2862 sic
622 2803 661 2862 la
676 2820 711 2862 es
727 2800 858 2864 Peleus
872 2805 907 2864 el
921 2808 1024 2887 super
1038 2801 1124 2865 hanc
1133 2804 1270 2886 petram
1285 2803 1319 2863 el
1332 2796 1547 2884 fundamen·

212 2913 286 2972 tara
310 2932 331 2973 a
354 2932 410 2974 me
433 2915 602 2977 caelatum
626 2927 660 2979 et
684 2918 867 2999 signatum,
892 2929 1032 2981 aeterna
1047 2916 1226 2980 Ecclesiae
1242 2934 1338 2977 meae
1353 2909 1546 2977 aedificatio

210 3039 396 3111 consurget
412 3028 455 3112 (5)
480 3050 556 3094 cum
576 3052 597 3095 a
618 3034 708 3095 vivis
736 3033 890 3096 sublatus
916 3035 981 3097 tibi
1011 3044 1089 3116 post
1117 3052 1228 3095 meam
1255 3029 1545 3097 resurrectionem,

209 3160 322 3225 agnos
344 3165 495 3228 ovesque
517 3149 701 3221 tradidere,
724 3150 847 3232 quibus
870 3168 958 3233 grex
982 3161 1076 3213 totus
1101 3149 1302 3212 continetur.

303 3277 334 3338 5.
358 3260 462 3326 Istius
486 3264 591 3345 igitur
607 3265 732 3346 lapidis
748 3264 1034 3338 coniunctionem,
1050 3264 1378 3348 conglutinationem
1394 3274 1428 3324 et
1445 3280 1546 3344 coag·
1608 3270 1793 3322 scelestam
1811 3267 1891 3351 cnti-⁸

211 3379 466 3450 mentationem‚
491 3381 571 3462 agni
594 3390 629 3443 et
653 3399 736 3443 oves
760 3401 865 3453 meae,
891 3383 1059 3453 anhelate,
1084 3376 1237 3462 quaerite
1264 3391 1297 3443 et
1321 3368 1546 3461 pervolutata,
1572 3343 1740 3465 ffigffi‘t‘
1759 3338 1892 3391 mmm

210 3493 240 3554 si
264 3494 370 3557 vultis
393 3493 437 3557 ad
460 3494 609 3577 aliquam
632 3495 810 3560 Ecclesiae
833 3508 965 3579 partem
989 3498 1142 3560 attinere.
1167 3495 1300 3558 Renuit
1323 3496 1412 3557 enim
1436 3494 1546 3556 cuius·

211 3609 296 3671 libet
320 3607 466 3672 aedificii
488 3630 567 3693 pars
590 3631 666 3675 esse
689 3611 778 3694 lapis
804 3612 873 3683 ille,
904 3614 962 3695 qui
988 3613 1206 3675 caementitio
1222 3622 1257 3674 et
1291 3610 1464 3692 primario,
1488 3609 1545 3670 vel

210 3724 333 3786 intima
355 3726 604 3799 coniunctione,
627 3729 682 3790 vel
707 3728 785 3790 aliis
807 3728 1027 3801 intermediis,
1044 3748 1111 3791 non
1131 3728 1320 3809 copulatur.
1340 3724 1429 3788 Nam
1445 3730 1548 3808 super

209 3838 296 3902 hanc
309 3844 452 3923 petram,
464 3839 620 3905 Christus
635 3844 692 3914 ait,
709 3842 891 3926 aedificabo
906 3842 1090 3906 Ecclesiam
1111 3863 1225 3906 meam.
1243 3841 1435 3913 Ecclesiam,
1451 3840 1546 3911 dicit,

211 3976 278 4018 non
294 3954 471 4020 Ecclesias.
484 3956 555 4020 Ubi
571 3959 660 4021 enim
673 3960 841 4022 scissurae
855 3970 942 4031 sunt,
957 3959 1014 4022 ubi
1028 3959 1221 4031 schismata,
1234 3959 1293 4021 ubi
1304 3952 1547 4027 dissensiones,

210 4081 246 4132 ut
269 4070 342 4132 divi
366 4070 465 4134 Pauli
487 4082 640 4155 tempore
665 4074 699 4136 in
716 4071 854 4137 Galatia
869 4072 1071 4156 flagrabant,
1088 4075 1135 4137 ibi
1153 4094 1219 4136 non
1235 4083 1287 4136 est
1302 4071 1468 4144 Ecclesia,
1486 4070 1547 4134 sed

208 4184 397 4257 Ecclesiae,
422 4198 456 4249 et
487 4187 576 4262 iden,
600 4200 738 4254 notante
762 4202 879 4254 sancto
904 4189 1150 4271 Chrysostomo
1165 4190 1221 4268 (ὁ),
1243 4187 1435 4270 Apostolus
1454 4186 1548 4250 illius

211 4302 381 4382 epistolae
404 4303 645 4368 salutationem
669 4306 713 4368 ab
736 4305 791 4369 his
805 4307 921 4369 verbis
938 4305 1129 4367 inchoavit:
1153 4302 1287 4366 Paulus
1301 4307 1334 4367 el
1348 4303 1410 4387 qui
1423 4321 1548 4365 mecum

210 4420 296 4479 sient
318 4438 432 4482 omnes
447 4416 589 4504 fratres
610 4420 767 4484 Ecclesiis
779 4420 939 4485 Galatiae
954 4420 1008 4503 (7).
1034 4419 1210 4482 Haeretici
1227 4419 1316 4482 enim
1334 4430 1368 4482 et
1384 4418 1548 4482 schisma-

208 4532 269 4596 tici
283 4534 406 4616 (inquit
418 4535 519 4598 divus
530 4535 776 4619 Hyeronimus)
787 4558 893 4600 unam
910 4537 947 4600 in
960 4536 1079 4620 plures
1094 4535 1259 4598 Ecclesiae
1274 4534 1436 4609 lacerant,
1449 4554 1546 4619 qliae,

211 4650 315 4713 iuxta
332 4649 569 4735 Apocalypsim
584 4652 739 4724 Ioanrzis,
763 4672 951 4738 synagogae
971 4650 1081 4736 magis
1091 4649 1221 4713 diaboli
1232 4650 1454 4736 appellandae
1467 4655 1551 4713 sunt

209 4786 311 4851 quatre
337 4764 473 4830 Christi
491 4766 713 4831 conciliabula
728 4768 780 4854 (8).

673 4890 679 4917 l

280 4953 321 5019 (ι)
341 4953 454 5011 Matri,
476 4952 515 5010 16,
535 4970 560 5007 n.
582 4953 622 5008 18.
643 4981 678 4992 -
696 4953 737 5022 (π)
755 4928 852 5012 Exod,
870 4965 894 5016 3,
912 4970 937 5006 n.
957 4964 996 5017 14.
1022 4981 1039 4990 -
1057 4953 1095 5021 (3)
1108 4954 1224 5018 apocal..
1241 4965 1262 5010 1,
1276 4968 1300 5005 u.
1316 4953 1354 5004 18.
1375 4979 1398 4991 -
1414 4952 1453 5019 (4)
1469 4964 1478 5000 1
1498 4952 1550 5002 Co-

207 5043 288 5101 rills„
308 5053 334 5103 3,
354 5057 380 5093 n.
402 5052 442 5093 ΙΙ.
463 5070 497 5080 -
516 5044 555 5105 (5)
575 5043 680 5114 launa„
700 5054 742 5101 ²1,
762 5061 787 5094 n.
810 5042 842 5111 lo
860 5053 886 5092 et
907 5051 947 5101 17.
969 5070 999 5080 -
1018 5041 1058 5107 (fil
1078 5041 1187 5099 Hamil„
1210 5053 1219 5093 1
1243 5042 1270 5091 in
1288 5042 1376 5105 Epist.
1396 5042 1432 5091 ad
1453 5042 1548 5101 Galat,

207 5158 244 5169 —
262 5130 306 5195 (7)
327 5131 428 5186 Galat„
450 5141 516 5186 1,n.
538 5143 547 5177 ι
570 5140 596 5181 et
614 5145 640 5181 2.
664 5158 694 5168 -
713 5131 751 5197 (8)
771 5133 856 5197 Epist.
879 5143 907 5179 11
929 5133 965 5180 ad
986 5133 1225 5199 Gerontz'am,vcap.
1246 5143 1270 5188 2,
1290 5145 1315 5180 n.
1335 5141 1360 5189 9.
