4166 6182
550 572 650 621 XXVI
1083 573 1304 622 INTRODUCT
1306 572 1344 622 10

549 747 628 794 sam
649 722 918 817 persecutionis
937 747 982 795 ex
1001 722 1090 795 odio
1110 736 1253 795 tantum
1270 722 1305 794 in
1325 722 1481 796 lesuitas
1505 722 1701 807 lusitanos,
1718 722 1781 818 qui
1802 749 1875 796 non

550 856 652 929 lucro
672 855 892 955 animarum,
922 856 988 929 sed
1016 857 1158 929 divitiis
1186 857 1365 929 inhiantes
1383 856 1525 952 oppida,
1540 858 1750 950 ,fortalitia
1776 857 1876 929 datio

548 987 619 1062 sibi
640 988 930 1083 procuraverint,
948 1005 1068 1063 ortum
1090 989 1275 1073 habuisse,
1298 988 1404 1061 nihili
1425 990 1595 1085 pendens
1613 988 1875 1085 gravissimam

551 1121 785 1195 Patriarchae
814 1121 1022 1216 epistolam,
1050 1148 1122 1217 qna
1142 1147 1251 1195 verae
1270 1121 1525 1196 insectationis
1544 1146 1679 1196 causae
1698 1136 1874 1217 tanquam

550 1268 693 1327 ateste
722 1255 869 1328 oculato
896 1257 1190 1350 exponebantur,
1219 1256 1385 1329 decrevit
1413 1269 1556 1353 patrem
1586 1257 1761 1329 Iacobum
1788 1255 1877 1329 Vee·

552 1414 696 1461 merse
724 1387 1007 1463 Carmelitarum
1036 1387 1190 1473 Ordine,
1225 1388 1415 1462 hominem
1454 1388 1689 1484 aethiopicae
1726 1388 1877 1485 linguae

551 1522 721 1617 peritum,
752 1547 836 1594 cum
865 1522 959 1595 Assa
986 1521 1144 1594 Mariam
1178 1522 1372 1595 sacerdote
1410 1520 1585 1617 aethiope
1621 1521 1771 1616 alioque
1799 1522 1877 1595 eius

550 1654 705 1728 Ordinis
733 1654 836 1728 socio
865 1655 901 1725 in
935 1654 1176 1750 Aethiopiam
1205 1678 1288 1728 esse
1317 1653 1559 1739 mittendum;
1591 1656 1697 1749 plura
1721 1680 1743 1727 a
1772 1655 1877 1728 novis

551 1787 795 1861 missionariis
822 1788 1058 1861 observanda
1085 1787 1223 1873 statuit,
1253 1812 1349 1883 quae
1378 1802 1532 1882 stupens
1565 1788 1724 1862 sortasse
1763 1789 1879 1861 lector

551 1923 588 1995 in
617 1922 843 1994 documento
872 1922 981 2016 leget,
1013 1920 1174 2015 denique
1211 1945 1397 1994 summum
1436 1920 1654 1994 Pontificem
1695 1920 1813 1994 movit
1839 1934 1878 1993 ut

552 2054 692 2128 litteras
720 2053 757 2126 in
787 2054 954 2127 favorem
984 2079 1165 2126 novorum
1197 2052 1515 2126 missionariorum
1545 2054 1651 2127 daret
1678 2053 1726 2126 ad
1765 2053 1878 2149 impe·

552 2204 711 2261 ratorem
741 2188 944 2271 Fasiladas,
975 2187 1022 2259 ad
1052 2188 1225 2260 Abunam
1255 2188 1422 2260 Marcum
1447 2188 1551 2260 etad
1571 2187 1730 2283 lcceghe
1756 2212 1878 2261 mona·

551 2322 731 2396 chorum:
766 2319 803 2392 in
841 2320 976 2416 quibus
1003 2319 1185 2415 epistolis,
1216 2320 1299 2393 aliis
1330 2320 1463 2404 missis,
1503 2320 1594 2393 illud
1624 2345 1713 2416 prae
1746 2320 1879 2394 ceteris

552 2470 641 2528 nota
668 2454 824 2550 dignum
868 2469 924 2527 est
962 2478 1080 2526 novos
1118 2453 1374 2547 missionarios
1411 2480 1458 2526 ex
1494 2479 1540 2527 eo
1579 2453 1739 2527 maxime
1781 2479 1878 2526 com-

553 2588 720 2661 mendari
749 2588 849 2683 quod
883 2587 920 2660 hi
958 2590 1058 2659 lucro
1088 2590 1301 2660 animarum
1341 2588 1586 2661 tantummodo
1622 2587 1828 2679 studeant(
1855 2590 1876 2680 l.

551 2721 660 2794 Adeo
689 2722 801 2792 fixum
830 2723 959 2794 Patres
988 2719 1303 2817 Congregationis
1332 2722 1369 2793 in
1399 2719 1525 2793 animo
1553 2721 1742 2794 habebant
1779 2721 1879 2794 sabu-

553 2855 671 2928 losum
702 2854 792 2927 illud
822 2834 1074 2927 commentum
1103 2854 1151 2926 de
1188 2852 1381 2928 immensis
1418 2854 1635 2928 lesuitarum
1673 2853 1816 2927 divitiis
1843 2854 1878 2926 in

552 2987 773 3083 Aethiopia!
806 2989 889 3061 Hae
917 3013 1006 3061 vero
1035 2988 1178 3061 litterae
1206 3013 1252 3060 eo
1282 2988 1364 3083 ipso
1399 3001 1567 3083 tempore
1603 2990 1652 3060 ad
1681 2989 1880 3084 Imperato-

551 3194 591 3249 ob
612 3210 687 3266 quas
718 3190 894 3249 Patriarcha
916 3192 1027 3249 latinus
1048 3203 1078 3249 et
1099 3192 1150 3249 alii
1173 3192 1300 3266 praelati
1331 3211 1367 3250 ac
1399 3202 1500 3268 patres
1532 3191 1694 3251 Societatis
1717 3190 1788 3248 Iesu
1812 3191 1880 3248 lusi·

551 3288 614 3347 tani
636 3289 675 3347 ab
698 3288 862 3364 Aethiopia
883 3289 1005 3346 luerunt
1026 3290 1125 3358 eiecti,
1147 3290 1317 3364 dequibus
1339 3292 1369 3347 in
1398 3290 1533 3347 relatione
1554 3292 1603 3364 fr.
1630 3289 1827 3347 Emmanuelis
1847 3288 1881 3345 ab

552 3388 714 3446 Ascanione
731 3389 843 3461 goerrsis
863 3387 1057 3444 Eremitarurn
1080 3388 1111 3445 S.
1132 3388 1293 3457 Augustini
1303 3399 1329 3444 et
1343 3388 1544 3463 Advsse'rrorum
1558 3387 1738 3445 assistentium
1757 3387 1788 3444 r'n
1807 3385 1882 3443 Urbe

552 3486 635 3543 etin
658 3485 764 3541 litteris
786 3484 979 3552 Patriarchae
1001 3485 1148 3559 praedicti
1170 3486 1250 3543 datis
1271 3484 1366 3554 Goae,
1393 3500 1423 3541 11
1454 3486 1628 3542 novembris
1662 3484 1745 3556 1038,
1768 3485 1809 3541 ad
1830 3483 1880 3539 Sa·

552 3600 635 3639 cram
656 3580 789 3655 Congere
817 3581 877 3639 late
898 3582 1025 3640 liabetur
1047 3626 1054 3639 .
1076 3629 1082 3641 .
1107 3606 1155 3638 .».
1187 3583 1287 3649 ·APF,
1311 3584 1382 3641 Acta
1404 3601 1487 3641 anno
1513 3580 1587 3654 1640
1607 3594 1638 3640 et
1664 3580 1748 3653 1641,
1776 3582 1796 3639 f.
1823 3587 1879 3654 pp.

633 3678 677 3755 (a)
698 3678 734 3735 ln
756 3679 806 3736 cit.
827 3679 1024 3748 documento,
1050 3682 1121 3737 Acta
1144 3682 1175 3738 S.
1209 3682 1253 3745 (t,
1286 3699 1369 3738 anno
1405 3678 1481 3751 1640
1509 3690 1540 3737 et
1571 3682 1654 3752 1041,
1684 3680 1705 3736 l.
1728 3694 1777 3754 93,
1812 3678 1880 3753 legi·

553 3796 633 3835 mus:
659 3801 673 3828 ι
689 3776 747 3833 Die
769 3790 786 3847 3
810 3776 882 3833 maii
910 3774 983 3848 1640
1004 3778 1115 3853 Congr.
1138 3780 1328 3853 particularis
1349 3797 1405 3853 pro
1421 3778 1619 3853 expeditione
1634 3778 1668 3834 fr.
1685 3777 1792 3835 Iacobi
1808 3776 1880 3833 Vec-

552 3893 630 3932 mers
652 3874 850 3932 Carmelitani
871 3873 981 3932 flandri
1003 3876 1033 3932 iu
1055 3876 1251 3951 Aethiopiam
1273 3894 1343 3933 cum
1358 3877 1445 3934 socio
1462 3877 1601 3933 eiusdem
1617 3874 1744 3932 Ordinis
1765 3886 1797 3931 et
1813 3873 1881 3932 Asia

552 3971 650 4030 Maria
671 3974 830 4030 sacerdote
847 3973 990 4048 aethiope
1011 3992 1030 4031 a
1051 3973 1226 4031 Patriarcha
1247 3974 1343 4031 latino
1365 3975 1507 4032 ordinato
1533 4019 1538 4029 .
1562 4021 1567 4030 .
1596 4019 1601 4029 .
1628 3987 1652 4029 2.
1678 3972 1796 4031 Relatis
1825 3972 1880 4029 dil·

552 4071 736 4127 ficultatibus
757 4088 832 4145 quas
854 4070 1029 4129 Patriarcha
1050 4072 1162 4128 latinus
1183 4084 1213 4129 et
1235 4071 1339 4128 Patres
1360 4072 1388 4129 S.
1411 4071 1434 4129 I.
1457 4072 1582 4129 lusitani
1604 4072 1720 4146 experti
1752 4081 1823 4128 sunt
1851 4070 1878 4126 in

551 4170 752 4228 conversione
774 4169 959 4243 Aethiopum
980 4169 1020 4225 ad
1042 4169 1134 4225 iidem
1156 4170 1349 4237 catholicum,
1371 4179 1402 4227 et
1422 4171 1462 4226 ob
1479 4187 1555 4245 quas
1571 4167 1738 4244 Aethiopes
1753 4178 1785 4227 et
1800 4185 1879 4244 prae·

552 4269 656 4325 sertim
678 4277 776 4325 totum
799 4267 904 4340 vulgus
927 4267 1157 4333 monachorum,
1179 4285 1279 4341 aquo
1302 4268 1465 4342 principes,
1489 4267 1608 4324 nobiles
1628 4276 1659 4324 et
1674 4267 1762 4341 plebs
1785 4267 1879 4342 layco-

552 4383 617 4422 rum
639 4366 824 4440 dependent,
847 4366 955 4438 ingens
976 4366 1082 4423 odium
1104 4375 1311 4440 conceperunt
1331 4366 1363 4421 in
1385 4364 1557 4433 Lusitanos,
1580 4381 1658 4438 quos
1673 4362 1811 4422 Francos
1831 4380 1878 4419 vo-

552 4473 632 4532 cant,
655 4463 790 4537 talesque
812 4463 987 4520 existimant
1008 4481 1115 4521 omnes
1137 4462 1328 4537 Europaeos;
1362 4464 1444 4519 unde
1476 4463 1591 4519 hictum
1624 4472 1670 4518 est
1698 4470 1740 4529 ut,
1765 4471 1879 4518 mortuo

551 4561 684 4619 Susneos
705 4560 859 4618 catholico
881 4562 1028 4635 principe,
1050 4580 1069 4617 a
1091 4560 1223 4617 Basilide
1255 4559 1410 4617 haeretico
1432 4562 1497 4616 eius
1518 4576 1694 4617 successore
1720 4559 1832 4616 luerint
1851 4567 1879 4611 et

552 4659 726 4718 Patriarcha
747 4670 777 4716 et
799 4668 900 4733 patres
923 4659 1069 4733 praedicti
1091 4677 1128 4714 ex
1149 4658 1315 4731 Aethiopia
1339 4658 1439 4726 eiecti,
1462 4658 1624 4732 bonisque,
1641 4655 1814 4723 cr‘or‘latibus,
1834 4662 1879 4727 op0

547 4758 636 4831 sitisti,
658 4758 748 4814 datiis
767 4768 794 4813 ct
808 4757 975 4831 fortalitiis,
998 4774 1076 4829 quae
1106 4756 1225 4812 vivente
1252 4754 1385 4812 Susneos
1406 4757 1613 4824 obtinuerant,
1642 4754 1776 4828 spoliati,
1803 4752 1878 4809 Con·

551 4857 686 4930 gregatio
708 4856 827 4912 censuit
849 4856 1079 4911 instructionem
1102 4872 1167 4910 esse
1189 4854 1364 4909 faciendam
1397 4872 1452 4928 pro
1484 4853 1648 4928 praedictis
1683 4848 1877 4910 missiouariis

551 4972 605 5027 per
626 4971 733 5010 manus
755 4953 946 5015 mittendam,
969 4969 1029 5024 qua
1051 4952 1275 5009 admoneantur
1295 4970 1328 5005 ne
1358 4951 1528 5024 ternpornlrir
1549 4959 1695 5023 quaerant,
1730 4949 1784 5005 sed
1816 4945 1876 5003 solo

552 5051 632 5106 victu
654 5060 684 5107 et
706 5050 814 5107 vestitu
837 5050 974 5107 contenti
997 5051 1081 5106 lucro
1102 5049 1274 5105 animarum
1295 5049 1447 5115 studeant,
1470 5049 1616 5104 docentes
1645 5048 1806 5105 veritatem
1832 5061 1877 5101 ca·

553 5147 698 5206 tholicarn
720 5158 750 5204 et
772 5157 921 5222 oportune
943 5146 1075 5203 maxime
1095 5164 1131 5201 ex
1154 5163 1259 5202 eorum
1281 5145 1372 5213 libris,
1389 5165 1424 5203 ac
1448 5147 1581 5219 benigna
1602 5145 1752 5215 oratione,
1775 5166 1808 5203 ar
1824 5145 1877 5200 sinc
