4066 6184
562 580 624 670 279
897 586 1171 655 sxprnrrloms
1195 586 1456 653 Alermomclb
1479 593 1560 653 ate.

558 753 653 816 aliud
682 761 909 835 apportasset.
934 753 1020 816 duos
1051 750 1156 826 Deos,
1179 752 1326 817 alterum
1354 752 1532 826 bonorum,
1555 751 1702 815 alterum
1728 745 1891 814 malorum

558 879 742 943 auctorem,
758 889 835 933 cum
849 868 1062 933 Manichaeis
1077 870 1308 943 introducere3
1324 871 1395 932 imo
1409 869 1599 952 quemlibet
1608 869 1785 932 hominem
1797 864 1893 931 deum

557 983 700 1058 efficere,
724 987 763 1057 si,
787 1004 850 1067 pro
874 986 1008 1048 arbitrii
1031 985 1083 1049 sui
1108 985 1262 1057 libidine,
1287 1005 1374 1067 quos
1397 986 1505 1049 vellet
1527 987 1600 1049 vita
1624 985 1683 1047 vel
1706 992 1817 1047 morte
1839 980 1893 1045 do·

558 1121 639 1163 nare
662 1111 788 1183 posset.
812 1101 921 1165 Erant
944 1103 1003 1184 qui
1026 1102 1214 1166 adiicerent
1237 1102 1421 1165 Romanan
1444 1099 1547 1165 fidem
1563 1101 1667 1164 melle
1682 1099 1780 1183 prius
1803 1100 1894 1162 labra

557 1219 737 1300 perlinere,
755 1218 817 1281 sed
832 1229 952 1301 postea
975 1216 1058 1282 felle
1074 1239 1114 1282 ac
1129 1239 1264 1282 veneno
1279 1228 1478 1291 tumescere,
1495 1238 1557 1281 nec
1572 1216 1647 1281 fore
1662 1217 1722 1301 qui
1735 1218 1894 1298 deinceps

558 1334 652 1398 illius
675 1334 852 1399 doctrinae
867 1345 901 1398 et
917 1337 1140 1399 concionibus
1156 1354 1256 1399 aures
1270 1335 1481 1418 praeberent.
1502 1333 1567 1397 Vir
1581 1336 1685 1398 etiam
1702 1352 1787 1417 erga
1801 1332 1893 1395 illam

558 1472 626 1514 non
650 1453 740 1515 male
762 1450 906 1516 affectus
929 1452 1151 1515 Patriarchae
1174 1461 1208 1515 et
1238 1461 1374 1535 patrum
1397 1473 1435 1516 se
1457 1452 1611 1516 misereri
1634 1451 1783 1522 dicebat,
1806 1448 1893 1530 quod
2013 1488 2014 1517 1

557 1568 681 1631 litteris
703 1588 744 1631 ac
779 1570 962 1632 virtutibus
994 1568 1134 1640 exculti,
1160 1570 1194 1631 in
1225 1578 1357 1632 tantum
1384 1569 1599 1631 volutabrum
1624 1567 1832 1637 laberentur,
1860 1572 1893 1625 ut

558 1704 632 1747 esse
656 1683 827 1748 veneficos
850 1694 1035 1749 censerent.
1060 1684 1127 1747 Illa
1150 1686 1242 1748 enim
1270 1695 1378 1750 status
1401 1685 1488 1748 ratio
1519 1685 1611 1766 apud
1633 1703 1695 1745 eos
1717 1681 1891 1751 increbuit,

558 1809 594 1862 ut
617 1799 661 1862 ad
683 1820 803 1883 pacem
827 1802 916 1865 inter
930 1801 1115 1883 populares
1131 1802 1346 1873 servandam,
1363 1798 1597 1864 maleficorum
1611 1799 1713 1862 dolos
1734 1806 1771 1862 et
1789 1806 1892 1860 artem

558 1917 594 1979 in
617 1915 805 2000 Aethiopia
839 1918 989 2000 grassari
1024 1916 1233 1992 inficientur;
1262 1926 1297 1981 et
1327 1918 1376 1981 ita
1410 1914 1482 1979 illis
1504 1916 1590 1980 solis
1619 1917 1762 1997 impune
1796 1915 1893 1977 liceat

559 2032 716 2097 homines
739 2035 904 2107 occidere,
920 2042 955 2098 et
971 2035 1073 2098 laesis
1088 2032 1254 2117 *capitale
1277 2036 1331 2108 sit,
1348 2033 1507 2116 cuiquam
1522 2052 1646 2095 nomen
1670 2030 1759 2095 illud
1774 2049 1891 2113 expro-
1912 2035 1991 2097 tula-
2013 2084 2014 2123 ,

559 2150 667 2223 brare‚
692 2169 768 2213 cum
791 2151 883 2213 bono
906 2152 1079 2214 communi
1102 2149 1300 2215 damnosius
1323 2150 1368 2213 sit
1387 2144 1504 2232 plures'
1525 2170 1546 2213 a
1565 2145 1722 2211 malefico
1736 2145 1892 2229 supplicii

559 2284 680 2328 securo
695 2266 905 2330 clandestine
920 2267 1078 2349 opprimi,
1096 2287 1200 2350 quam
1223 2269 1358 2351 aliquos
1372 2269 1416 2331 ab
1432 2264 1637 2331 adversariis
1652 2284 1787 2347 poenae
1806 2272 1892 2328 metu

559 2382 749 2455 retardatis,
773 2383 901 2464 apertis
923 2383 1241 2467 impugnationibus
1261 2383 1388 2467 petitos
1411 2384 1532 2447 occidi.

245 2504 350 2555 Probat
372 2504 533 2555 Patrium·
648 2500 679 2562 6.
696 2498 845 2562 Privatis
867 2518 944 2562 cum
967 2498 1177 2581 Imperatore
1201 2509 1236 2564 et
1258 2501 1376 2563 multis
1398 2518 1577 2582 procerum
1600 2498 1843 2582 congressibus
1862 2507 1893 2560 et

210 2577 349 2626 veneficos
367 2589 439 2627 esse.

558 2615 687 2697 scripto
710 2635 751 2678 ea
774 2615 817 2679 de
840 2624 1056 2689 retractatu,
1083 2627 1226 2680 conatus
1256 2626 1308 2681 est
1337 2615 1539 2680 Patrlarcha
1569 2615 1782 2696 quaestionis
1812 2610 1893 2675 diffi-

558 2730 702 2794 cultates
725 2731 882 2804 enodare,
906 2732 1090 2795 ostendens
1112 2731 1302 2795 inauditum
1325 2752 1394 2795 non
1417 2750 1493 2796 esse
1516 2728 1750 2794 veneficorum
1773 2747 1892 2792 nomeu

558 2867 620 2910 nec
643 2848 678 2909 in
702 2848 809 2912 sacris
832 2847 955 2911 litteris
977 2867 1040 2911 nec
1062 2848 1098 2910 in
1122 2847 1320 2930 Aethiopia,
1345 2848 1380 2911 in
1403 2868 1472 2931 qua
1493 2847 1577 2910 olim
1605 2847 1694 2910 intra
1716 2842 1893 2909 Goiamam

557 2963 777 3047 magistratus
800 2965 954 3028 extiterit
975 2965 1034 3047 qui
1058 2965 1228 3028 diceretur
1250 2963 1349 3028 Buda
1372 2963 1459 3036 Ras‚
1483 2963 1519 3028 id
1545 2972 1608 3037 est,
1632 2964 1772 3026 illorum
1796 2971 1893 3044 caput

556 3091 590 3144 et
614 3081 730 3144 iudex.
755 3080 902 3143 Divinos
925 3082 1075 3155 codices,
1098 3091 1132 3144 et
1155 3082 1302 3144 concilia
1325 3077 1468 3144 infinitis
1491 3081 1577 3144 locis
1596 3077 1763 3143 veneficia
1787 3087 1822 3142 et
1848 3080 1893 3140 iu·

556 3198 768 3260 cantationes
791 3196 984 3278 prohibere,
1008 3207 1042 3261 et
1065 3193 1233 3260 maleficis
1256 3198 1378 3279 capitis
1401 3216 1548 3279 poenam
1571 3213 1774 3278 proponere.
1807 3192 1893 3275 Quid

558 3331 639 3374 vero
663 3321 827 3385 vetarent,
850 3313 943 3395 quod
974 3331 1141 3395 nusquam
1165 3323 1266 3385 esset,
1305 3323 1364 3376 aut
1395 3314 1448 3386 iis,
1471 3332 1558 3395 quos
1587 3311 1660 3375 vita
1686 3331 1756 3374 non
1780 3310 1891 3379 aleret.

557 3429 675 3491 mortis
706 3448 851 3510 poenam
883 3429 1201 3492 interminarentur?
1228 3426 1321 3492 Solis
1352 3430 1468 3492 verbis
1497 3429 1629 3509 absque
1658 3428 1733 3490 11110
1763 3444 1893 3490 veneno

556 3542 714 3626 Aegypti
731 3562 850 3627 magos
874 3544 991 3627 virgas
1014 3545 1048 3606 in
1072 3555 1247 3627 serpentes
1269 3553 1305 3607 et
1320 3564 1444 3626 aquam
1468 3544 1503 3606 in
1527 3543 1731 3624 sanguinem
1755 3560 1893 3605 conver.-

556 3660 650 3731 tisse,
674 3668 708 3722 et
731 3660 822 3723 nuda
846 3659 982 3723 illorum
1005 3659 1197 3742 prolatione
1220 3660 1424 3723 Balaamum
1446 3658 1514 3722 Dei
1536 3660 1665 3741 populo
1688 3677 1814 3722 nocere
1836 3677 1892 3720 vo·

558 3773 695 3846 lentem,
725 3776 769 3838 ab
799 3750 840 3836 eo
872 3775 1092 3856 prohibitum,
1123 3777 1181 3858 qui
1210 3775 1275 3839 hoc
1306 3775 1434 3859 insigni
1464 3773 1631 3839 beneficio
1662 3773 1891 3857 adscripserit.

555 3889 663 3953 Balac
677 3889 783 3974 filzias
804 3888 915 3954 Sabor
938 3890 1033 3954 matt
1053 3894 1088 3955 at
1115 3890 1246 3954 vocavit
1266 3890 1415 3955 Balaam
1436 3889 1563 3975 filiam
1592 3890 1692 3965 Beor,
1719 3894 1766 3953 ut
1794 3887 1892 3953 mala

555 4004 682 4070 dz'ccrat
695 4006 794 4077 vobis,
810 4010 844 4068 et
858 4026 915 4092 ego
927 4005 1027 4069 nolui
1036 4006 1157 4070 audire
1168 4027 1254 4078 eram,
1266 4006 1328 4070 rad
1338 4006 1540 4071 econtrario
1550 4012 1616 4091 per
1626 4005 1728 4070 illum
1740 4002 1896 4069 teneaat·

555 4121 646 4184 vobis
659 4124 694 4184 at
707 4120 853 4185 liberavi
863 4142 920 4185 aas
934 4123 974 4185 ale
990 4142 1096 4185 manu
1111 4121 1185 4186 aius
1200 4121 1255 4206 (1).
1281 4121 1421 4186 Nullum
1438 4123 1533 4186 aliud
1548 4122 1605 4185 hic
1621 4130 1776 4205 apparet,
1791 4139 1891 4204 quam

556 4237 695 4319 linguae
717 4239 808 4301 mala
824 4237 1042 4321 imprecantis
1058 4255 1238 4311 venenum,
1263 4258 1282 4301 e
1304 4258 1372 4321 quo
1388 4248 1503 4302 tamen
1527 4258 1548 4300 a
1562 4258 1600 4302 se
1615 4239 1707 4301 dixit
1727 4237 1891 4320 populum

557 4371 655 4423 suum
678 4355 898 4418 vindicatum.
923 4352 1021 4417 Haec
1050 4363 1164 4417 tamen
1196 4354 1355 4418 liberatio
1378 4363 1413 4417 et
1442 4353 1602 4438 prodigia
1632 4353 1750 4418 inania
1781 4363 1909 4433 essent,

558 4469 623 4531 nisi
647 4485 823 4551 magorum
846 4480 880 4533 et
902 4468 1131 4535 veneficorum
1154 4469 1270 4534 verbis
1287 4471 1387 4534 adea
1409 4470 1577 4553 patranda
1600 4469 1654 4533 vis
1677 4472 1798 4554 aliqua
1817 4471 1891 4534 sub·

557 4595 655 4657 esset,
679 4605 766 4667 quae
789 4606 866 4650 cum
891 4586 1009 4649 divina
1031 4606 1099 4649 non
1123 4585 1167 4650 sit
1190 4587 1252 4649 sed
1272 4585 1348 4650 Deo
1364 4587 1520 4659 adversa,
1537 4595 1572 4650 et
1594 4586 1783 4651 humanam
1806 4597 1892 4651 tran·

556 4702 708 4774 scendat,
720 4703 889 4783 reliquum
901 4712 953 4766 est
968 4712 1005 4765 ut
1020 4701 1185 4785 principis
1199 4704 1416 4766 tenebrarum
1432 4703 1477 4766 sit
1492 4711 1655 4785 potestas.
1670 4699 1712 4766 Si
1729 4700 1891 4767 veneficia

557 4815 592 4877 in
609 4815 752 4880 aliarum
768 4819 945 4903 regionum
963 4819 1056 4902 agris
1071 4819 1255 4892 luxuriant,
1272 4838 1332 4882 cur
1347 4818 1485 4882 illorum
1505 4817 1665 4882 immunis
1685 4819 1732 4883 sit
1751 4818 1891 4883 Aethio·

557 4932 624 5012 pia,
648 4952 750 5014 quam
773 4954 835 4998 nec
859 4936 999 5007 invidia,
1024 4954 1085 4998 nec
1116 4935 1304 5008 curiositas,
1335 4934 1473 4998 illorum
1504 4934 1653 5007 altrices,
1684 4932 1892 4999 destituunt?

646 5184 685 5251 (1)
704 5182 762 5242 Ios„
783 5194 825 5247 24,
843 5200 868 5237 11.
888 5194 913 5246 9.
