4058 6178
491 548 553 609 228
821 552 1093 611 Exeunrrtoms
1120 552 1379 610 nermoercas
1405 556 1484 610 erc.

489 705 611 781 fuerat,
636 708 753 771 multis
775 708 983 771 illustratum
1007 727 1180 772 sacrarum
1205 709 1394 772 litterarum
1424 707 1575 771 historiis
1598 708 1642 769 ad
1665 709 1800 771 excitari

489 825 568 887 dam
581 824 742 906 pietatem
755 826 1032 897 accommodatis,
1044 844 1129 907 quas
1143 825 1343 889 Patriarcha
1354 824 1566 907 Imperatori,
1579 825 1715 904 singula
1726 824 1818 885 lente

489 943 700 1022 percurrenti
724 950 757 1003 et
781 942 999 1023 expendenti,
1025 961 1091 1003 non
1116 943 1189 1004 sine
1205 941 1318 1004 mellis
1341 961 1380 1005 ac
1412 941 1527 1023 butyri
1550 948 1818 1022 temperamento

490 1077 535 1118 ex
559 1055 629 1120 divi
654 1056 821 1120 Bernardi
844 1057 1022 1139 apothecis
1044 1057 1166 1120 hausto
1190 1057 1390 1140 explicavit.

177 1177 320 1262 ecclesiae
347 1179 462 1242 patriar·
581 1193 610 1252 3.
635 1171 768 1236 Octava
791 1173 995 1255 septembris
1017 1174 1083 1245 die,
1116 1172 1343 1237 Beatissimae
1365 1171 1520 1255 Virginis
1544 1174 1715 1237 nativitati
1737 1192 1817 1234 con-

130 1251 315 1381 fflwm
337 1251 463 1301 tunde·
490 1299 632 1361 secrata,
659 1309 746 1371 quae
769 1289 880 1372 prima
907 1299 958 1353 est
989 1289 1069 1352 anni
1100 1289 1294 1372 aethiopici,
1325 1290 1491 1353 ecclesiae
1521 1288 1752 1372 patriarchali
1781 1290 1817 1349 in

490 1406 740 1469 ambulationes
763 1407 807 1470 ad
823 1407 986 1469 maiorem
1003 1407 1230 1489 capacitatem
1245 1404 1447 1486 tripartitae,
1470 1403 1644 1475 Dancazii,
1658 1406 1744 1466 inter
1758 1423 1818 1484 pa·

489 1531 578 1585 trum
601 1524 739 1585 domurn
764 1532 798 1585 et
821 1523 985 1604 templum
1011 1520 1190 1602 Ganjabet,
1216 1524 1305 1585 iacta
1320 1532 1398 1585 sunt
1414 1518 1646 1593 fundamenta,
1670 1519 1818 1602 Impera-

489 1647 563 1701 tore
585 1648 619 1701 et
642 1638 842 1701 Patriarcha
864 1640 1061 1721 primarium
1087 1638 1234 1720 lapidem
1258 1637 1338 1700 hinc
1361 1648 1395 1700 et
1419 1638 1498 1699 inde
1525 1656 1587 1700 sua
1609 1636 1691 1699 sede
1714 1635 1818 1698 collo-

489 1754 655 1816 cantibus.
680 1753 809 1838 Magna
835 1756 868 1816 in
885 1755 1043 1817 omnibus
1065 1764 1249 1835 conspecta
1264 1762 1315 1816 est
1331 1752 1489 1816 hilaritas
1504 1763 1537 1815 et
1555 1754 1589 1814 in
1613 1750 1819 1833 Imperatore

491 1869 690 1941 liberalitas,
715 1889 793 1933 nam
818 1871 907 1933 ultra
930 1871 1095 1933 ducentas
1119 1869 1192 1931 auri
1215 1888 1352 1951 oqueas,
1375 1870 1453 1950 plus
1480 1869 1583 1931 duum
1608 1868 1703 1930 mille
1725 1886 1818 1929 num·

491 2006 622 2049 morum
647 1988 800 2050 millibus
823 1988 1046 2059 continentes,
1070 2005 1156 2070 quas
1179 1986 1275 2067 prius
1297 1985 1547 2067 comparandae
1562 1985 1725 2047 materiae
1747 2002 1817 2045 ero·

492 2110 643 2183 gaverat,
667 2121 707 2163 ea
731 2103 786 2163 die
803 2103 992 2164 detractam
1007 2121 1069 2164 suo
1093 2103 1195 2184 capiti
1220 2120 1379 2164 coronam
1404 2104 1438 2164 in
1454 2112 1632 2164 coementa
1656 2100 1817 2170 condixit,

491 2235 593 2297 quam
616 2228 736 2299 postea
759 2217 801 2279 ad
818 2219 891 2280 auri
915 2219 1058 2299 pondus,
1076 2219 1232 2281 ducentIs
1255 2219 1367 2281 aureIs
1381 2218 1533 2280 redemit.
1559 2216 1689 2279 Pueros
1704 2217 1746 2278 ad
1761 2235 1817 2277 no·

491 2342 577 2395 stras
601 2331 686 2395 fides
709 2353 811 2414 quam
835 2333 991 2418 apposite
1014 2335 1179 2398 saltantes
1202 2337 1355 2398 centenis
1377 2335 1576 2396 muneravit.

180 2457 400 2508 Patriarcha
414 2471 464 2538 ³3¹¹·
580 2471 610 2528 4.
636 2448 715 2512 Hoc
738 2450 959 2532 Imperatoris
990 2448 1120 2521 lavore,
1151 2460 1187 2513 et
1217 2451 1332 2533 aIIquo
1362 2450 1580 2513 Patriarchae
1613 2450 1817 2512 illustrandis

144 2529 306 2650 ffiffi’ffl‘g
322 2528 464 2649 {33:⁸³¹oe
491 2565 648 2628 ecclesiis
671 2575 705 2628 et
730 2563 950 2629 familiarium
968 2586 1007 2628 ac
1034 2567 1248 2648 publicarum
1273 2568 1307 2628 in
1327 2568 1449 2629 castris
1471 2567 1675 2628 concionum
1694 2566 1814 2632 labore,

493 2680 585 2743 illius
607 2682 818 2744 existimatio
833 2692 867 2744 et
890 2681 1144 2745 ecclesiasticae
1159 2681 1404 2745 iurisdictionis
1428 2682 1613 2744 auctoritas
1636 2681 1815 2742 invalesco·

493 2797 560 2867 bat,
585 2816 662 2859 cum
685 2796 779 2880 prius
802 2800 927 2860 iaceret
950 2799 984 2861 in
1009 2798 1147 2863 Abunis
1169 2808 1204 2861 et
1226 2808 1349 2861 cuncta
1370 2818 1415 2861 ex
1439 2796 1609 2880 regiorum
1646 2796 1818 2879 magistra·

492 2921 588 2974 tuum
619 2912 754 2996 (quibus
785 2933 920 2996 semper
949 2915 1030 2977 odio
1053 2911 1117 2978 fuit
1147 2913 1324 2978 Ecclesiae
1355 2911 1562 2996 Immunitas)
1593 2911 1736 2975 arbitrio
1764 2920 1820 2973 aut

493 3029 634 3091 libidine
647 3038 856 3113 regerentur.
870 3028 940 3094 Ubi
952 3032 1041 3092 enim
1058 3027 1137 3093 fidei
1152 3032 1253 3114 vignr
1267 3030 1378 3103 hebet,
1396 3030 1610 3093 auctoritatis
1625 3031 1728 3092 etiam
1743 3045 1821 3089 cura

493 3145 682 3209 marcescit.
698 3145 858 3229 Aegiptii
874 3165 956 3208 vero
972 3145 1129 3218 Abunae,
1146 3166 1223 3209 cum
1240 3166 1302 3209 nec
1318 3156 1473 3228 pastores
1488 3155 1612 3219 essent,
1633 3164 1697 3208 nec
1712 3163 1820 3213 canes,

493 3280 635 3346 gregem
660 3282 727 3325 non
750 3264 902 3334 tondere,
927 3265 988 3326 sed
1016 3262 1230 3346 *deglubere
1256 3282 1319 3326 nec
1342 3272 1460 3326 contra
1484 3264 1584 3344 lupos
1607 3263 1740 3331 latrare,
1763 3260 1820 3322 sed
1846 3270 1864 3318 t.
1878 3266 1928 3315 108.

496 3378 562 3460 ipsi
586 3380 619 3441 in
645 3378 744 3461 lupos
766 3379 933 3450 conversi,
950 3380 1066 3441 ovium
1089 3380 1254 3463 sanguine
1270 3381 1415 3443 saturari
1439 3380 1611 3442 curabant.
1636 3377 1750 3450 Multi,
1763 3378 1821 3457 qui

494 3496 529 3556 in
552 3493 677 3558 Teclae
701 3491 892 3579 Gueorguis
915 3495 1103 3558 rebellione
1125 3494 1205 3558 fidei
1220 3496 1413 3559 desertores
1429 3494 1572 3568 fuerant,
1598 3496 1632 3556 in
1660 3493 1821 3558 ecclesiae

494 3607 636 3681 foribus,
670 3610 710 3673 iis
741 3611 862 3675 diebus
892 3611 1017 3693 quibus
1048 3612 1185 3693 plurimi
1209 3613 1253 3675 ad
1283 3631 1358 3675 eam
1394 3609 1621 3683 confluebant,
1646 3628 1820 3673 accensum

495 3745 628 3788 cereum
653 3728 810 3789 manibus
834 3725 1069 3809 praeferentes
1093 3737 1127 3790 et
1143 3727 1211 3790 levi
1236 3728 1372 3800 mulcta,
1397 3747 1458 3809 pro
1473 3736 1628 3809 tempore
1650 3737 1685 3790 et
1707 3728 1820 3789 desue-

495 3842 622 3912 tudine,
647 3839 785 3913 inflicta,
810 3843 1088 3906 absolvebantur.
1114 3840 1214 3925 Quod
1238 3853 1272 3907 et
1296 3845 1328 3905 ln
1346 3843 1424 3905 aliis
1446 3841 1679 3925 contingebat,
1691 3843 1747 3924 qui
1763 3861 1820 3922 pu·

496 3956 587 4019 blico
610 3957 755 4020 alicuius
778 3958 1006 4021 anathematis
1030 3959 1195 4041 stigmate
1217 3970 1332 4022 essent
1355 3958 1560 4041 compuncti.

184 4079 469 4136 llluatrissenex.ex·
587 4091 617 4149 5.
633 4072 723 4136 Illud
747 4092 829 4155 prae
845 4076 988 4138 coeteris
1003 4072 1207 4137 horrificum.
1225 4072 1386 4138 Summae
1409 4076 1622 4138 auctoritatis
1645 4094 1761 4145 senex,
1779 4075 1820 4136 ab

148 4150 381 4285 fffflffgffissm’
413 4161 470 4199 ’ω’
496 4189 626 4251 intimis
649 4188 868 4270 imperatoris
891 4192 1035 4263 consilii,
1060 4193 1114 4254 cui
1138 4210 1158 4253 a
1182 4210 1320 4255 munere
1339 4210 1461 4254 nomen
1486 4202 1560 4254 erat
1583 4190 1697 4253 Acabi
1713 4189 1818 4261 Essat,

496 4303 562 4365 hoc
586 4314 639 4367 est
662 4314 778 4367 custos
801 4307 902 4388 ignis,
927 4307 1032 4388 ipsius
1057 4327 1178 4388 nempe
1204 4306 1434 4390 Imperatoris,
1458 4308 1517 4388 qui
1540 4318 1578 4369 ut
1601 4308 1692 4390 ignis
1715 4307 1820 4369 lucere

497 4420 598 4483 debet
631 4422 674 4483 ad
705 4421 831 4501 probos
869 4423 1112 4485 illuminandos
1141 4442 1182 4485 ac
1212 4420 1392 4495 fovendos,
1429 4423 1553 4504 impios
1583 4441 1666 4486 vero
1697 4419 1820 4486 inflam-

498 4537 640 4598 mandos
663 4546 697 4597 et
721 4537 959 4610 absumendus,
983 4539 1139 4601 caenobii
1162 4540 1337 4601 cuiusdam
1360 4535 1477 4601 fundis
1498 4558 1535 4601 se
1558 4558 1579 4601 a
1598 4540 1716 4601 multis
1729 4539 1821 4600 annis

498 4651 745 4732 implicaverat‚
762 4656 844 4736 quin
857 4655 900 4716 ad
916 4666 1102 4736 perpetuos
1117 4654 1359 4718 monachorum
1376 4656 1545 4731 clamores
1559 4664 1594 4717 et
1610 4652 1820 4717 Patriarchae

497 4769 729 4830 nuntiationes
752 4788 789 4831 se
813 4770 857 4831 ab
880 4769 949 4832 illis
965 4771 1156 4852 expediret.
1181 4769 1293 4841 Hunc,
1317 4769 1528 4852 Imperatore
1554 4771 1765 4852 praemonito
1788 4778 1820 4830 et

498 4885 674 4963 probante,
700 4881 826 4948 festiva
848 4887 903 4948 die
927 4905 1004 4948 cum
1029 4887 1173 4969 ipsemet
1207 4905 1304 4949 sacro
1335 4888 1482 4959 adesset,
1505 4889 1643 4969 penitus
1674 4889 1819 4970 ignarum

498 4996 650 5061 fulminis
673 5010 754 5063 tunc
779 5000 812 5062 in
836 5021 872 5063 se
896 5002 1123 5084 Interquendi‚
1156 5002 1355 5066 Patriarcha
1385 5002 1603 5066 anathemate
1626 5004 1820 5066 obstrictum

498 5116 596 5177 iussit
621 5117 829 5178 solemnibus
844 5116 1021 5180 Ecclesiae
1038 5118 1217 5181 Romanae
1241 5120 1356 5183 verbis
1371 5121 1591 5201 promulgari.
1613 5118 1679 5183 Ille
1693 5129 1760 5181 tam
1775 5118 1820 5177 in·
