4066 6184
561 581 622 639 312
893 572 1166 622 EXPEDITIONIS
1193 571 1454 623 AETHIOPICAE
1477 571 1556 621 ETC.

559 719 741 785 sessionem
765 722 959 803 obsignant,
982 720 1079 783 Deus
1110 732 1145 783 et
1174 721 1288 793 homo,
1319 719 1415 783 Deus
1438 730 1472 784 et
1501 719 1615 791 homo,
1644 720 1688 782 ad
1720 719 1895 783 sanctissiae

560 857 636 902 mae
651 837 828 901 Trinitatis
847 837 944 901 cuius
967 856 1090 900 nomen
1113 857 1175 900 suo
1200 836 1344 900 incisum
1367 838 1519 920 gerebat,
1541 847 1764 918 conspectum
1780 837 1894 905 evola.

559 954 623 1027 vit;
648 974 727 1017 nam
751 954 926 1017 Zaselasse
949 954 1040 1016 idem
1063 961 1125 1024 est,
1148 954 1240 1035 quod
1256 952 1444 1027 Trinitatis,
1468 954 1526 1015 vel
1549 951 1657 1016 filium
1673 952 1731 1016 vel
1758 973 1898 1017 servum

559 1069 790 1151 subintellige.
1892 1134 1895 1141 ¹
2007 1052 2008 1055 ¹

223 1219 231 1249 a
386 1193 533 1246 mim
650 1208 679 1266 9.
703 1185 893 1250 Emunctae
912 1205 1048 1269 semper
1071 1187 1115 1247 ab
1138 1182 1281 1249 infantia
1305 1186 1398 1250 vitae
1422 1183 1486 1249 fuit
1502 1187 1610 1248 abbas
1625 1185 1821 1259 Zaselasse;
1840 1208 1889 1249 sa-

213 1261 341 1321 m
462 1344 468 1349 -
560 1320 693 1365 crorum
718 1302 879 1365 librorum
903 1301 1044 1366 lectioni
1067 1301 1203 1365 assidue
1225 1303 1370 1373 deditus,
1395 1312 1429 1365 et
1452 1301 1530 1365 ideo
1553 1322 1574 1363 a
1590 1302 1701 1365 carnis
1721 1302 1891 1367 illecebris

560 1417 608 1483 ita
631 1418 763 1481 alienus
786 1428 820 1481 et
842 1416 912 1501 (qui
937 1418 1051 1500 lydius
1073 1418 1129 1480 hic
1152 1428 1205 1481 est
1225 1418 1326 1500 lapis)
1342 1420 1489 1481 tuendae
1504 1418 1726 1481 castimoniae
1741 1428 1892 1484 attentus

560 1544 596 1597 ut
621 1534 734 1597 nullus
756 1553 917 1615 umquam
941 1536 984 1597 de
1007 1532 1179 1598 foemineo
1202 1534 1363 1598 convictu
1390 1555 1520 1598 naevus
1548 1533 1601 1597 illi
1631 1533 1736 1598 fuerit
1765 1537 1812 1599 ab
1835 1537 1890 1598 ad·

559 1650 721 1713 versariis
743 1650 908 1723 obiectus,
934 1660 967 1713 et
995 1660 1067 1713 tota
1087 1650 1194 1732 ipsius
1209 1650 1282 1713 vita
1298 1649 1366 1714 dici
1381 1651 1491 1732 possit
1506 1650 1662 1732 martyrii
1678 1651 1890 1733 praeludium

559 1777 594 1829 et
616 1765 890 1848 praemeditatio.
913 1765 998 1828 Cum
1023 1767 1057 1828 in
1082 1766 1300 1830 Patriarchae
1323 1766 1463 1829 domum
1490 1766 1684 1839 ventitaret,
1715 1768 1768 1831 sic
1799 1768 1834 1830 in
1857 1768 1891 1830 li·

559 1884 696 1947 brorum
720 1882 827 1964 ipsius
850 1882 1175 1965 contemplationem
1192 1884 1388 1967 rapiebatur
1404 1893 1440 1947 ut
1456 1885 1633 1947 clamaret:
1650 1882 1682 1948 Ο
1698 1882 1729 1947 si
1744 1885 1825 1966 quis
1840 1904 1893 1948 me

559 1999 697 2082 linguae
721 1999 847 2062 latinae
871 2000 1053 2062 callentem
1076 2001 1243 2073 redderet,
1267 2012 1304 2064 ut
1328 2002 1361 2065 in
1393 2001 1533 2065 divitias
1562 2001 1619 2064 hic
1648 2003 1808 2065 occlusas
1835 2022 1892 2084 pe·

559 2116 747 2179 netrarem?
771 2113 916 2197 Quando
940 2116 1134 2179 videbimus
1157 2118 1241 2181 haec
1265 2119 1381 2182 omnia
1408 2119 1442 2181 in
1474 2127 1624 2181 nostrum
1656 2116 1787 2180 idioma
1815 2138 1891 2180 oon·

558 2232 679 2295 versa?
702 2230 890 2313 Postquam
915 2232 1110 2295 Romanam
1134 2231 1235 2296 fidem
1260 2244 1313 2298 est
1335 2236 1526 2318 amplexus,
1550 2253 1684 2297 summo
1700 2233 1795 2297 illius
1818 2254 1892 2316 pro·

558 2350 738 2431 pagandae
773 2348 886 2411 studio
914 2345 1120 2412 efferebatur
1150 2360 1194 2421 et,
1225 2360 1399 2414 tortuosas
1427 2352 1618 2433 aliquorum
1647 2350 1890 2413 monachorum

558 2464 633 2527 vias
657 2464 807 2536 intuitus,
832 2465 977 2537 dicebat,
1002 2464 1224 2548 Aethiopiam
1248 2477 1342 2531 recto
1365 2487 1538 2549 nunquam
1562 2467 1682 2530 itinere
1697 2486 1888 2549 gressuram

557 2580 624 2643 nisi
647 2581 859 2663 singulorum
883 2580 1124 2645 caenobiorum
1144 2582 1347 2666 disciplinae
1362 2594 1497 2665 patrum
1515 2583 1640 2666 aliquis
1656 2604 1819 2666 praesens
1833 2604 1889 2647 ex·

558 2697 712 2769 cubaret,
736 2706 770 2759 et
794 2696 828 2758 in
853 2696 946 2759 illius
963 2698 1018 2760 vel
1034 2697 1186 2780 episcopi
1203 2698 1347 2762 Nicaeni
1363 2701 1493 2763 victum
1509 2702 1600 2765 latos
1614 2699 1766 2765 offerens
1782 2720 1890 2784 agros,

557 2812 615 2895 qui
639 2833 700 2877 suo
724 2813 891 2876 caenobio
914 2811 1076 2896 superflui
1099 2813 1305 2879 videbantur
1327 2825 1361 2880 et
1383 2816 1607 2900 Imperatoris
1638 2839 1679 2881 ac
1712 2817 1791 2882 Ras
1812 2815 1888 2880 Seli

558 2926 712 2992 Christds
734 2950 939 2993 consensum
963 2930 1117 2993 obtinere
1141 2933 1361 3004 contendens,
1379 2934 1562 3015 impeditus
1578 2943 1631 2998 est
1646 2956 1667 2996 a
1682 2933 1886 3008 Patriarcha‚
2007 3004 2008 3009 γ

557 3046 702 3108 docente
720 3065 782 3108 nec
798 3046 1007 3129 episcopum,
1025 3066 1088 3110 nec
1104 3058 1220 3130 patres
1236 3050 1281 3112 ad
1296 3048 1473 3132 *agrorum
1489 3051 1550 3112 sed
1567 3053 1609 3113 ad
1625 3049 1704 3113 fidei
1724 3052 1887 3115 sationem
1920 3059 1935 3109 t.
1948 3055 1986 3118 ¹⁴⁸·
2007 3120 2008 3125 ,

556 3160 624 3225 huc
647 3161 874 3227 transmissos
899 3161 985 3226 Cum
1009 3183 1072 3226 nec
1097 3164 1169 3246 ipse
1191 3182 1330 3227 suorum
1356 3165 1569 3229 subditorum
1601 3167 1701 3239 mala,
1733 3188 1796 3230 nec
1817 3167 1886 3250 ipsi

557 3296 673 3340 eorum
697 3279 849 3341 remedia
870 3278 943 3361 pati
967 3289 1116 3361 possent,
1149 3279 1183 3341 in
1213 3299 1291 3342 eum
1322 3281 1571 3365 conspirarunt,
1602 3282 1752 3364 pueriles
1781 3283 1894 3346 eidem·
2007 3292 2008 3375 l

557 3393 697 3456 naenias
719 3413 834 3457 coram
858 3414 1004 3477 prorege
1027 3395 1238 3467 obiicientes,
1262 3415 1366 3479 quarn
1390 3399 1583 3463 molestiam
1606 3410 1640 3463 et
1664 3400 1751 3463 alias
1768 3399 1801 3461 in
1818 3400 1889 3461 dies

556 3507 712 3592 singulos
734 3509 904 3573 malitiose
928 3510 1081 3593 ingestas
1103 3520 1139 3573 ut
1162 3512 1297 3585 vitaret,
1321 3514 1413 3577 ultro
1435 3533 1473 3576 se
1496 3533 1634 3577 munere
1648 3514 1833 3585 abdicavit,
1856 3524 1888 3576 et

558 3624 716 3689 monachi
739 3625 844 3688 alium
868 3627 1150 3691 caenobiarcham
1173 3628 1407 3711 providerunt.
1425 3625 1529 3691 Cuius
1545 3630 1588 3691 ad
1604 3648 1642 3691 se
1656 3629 1797 3692 adducti
1811 3649 1887 3692 con·

557 3738 742 3803 firmationi
765 3740 966 3805 Patriarcha
989 3744 1097 3808 noluit
1122 3745 1289 3818 assentiri,
1313 3755 1348 3808 et
1363 3764 1509 3817 crucem,
1533 3764 1621 3827 quae
1642 3745 1824 3827 potestatis
1839 3758 1889 3809 est
1987 3770 1990 3779 ⁴

558 3855 701 3939 insigne,
726 3857 844 3920 abbati
867 3858 1042 3921 Zaselasse
1064 3861 1309 3924 restituendam
1332 3861 1473 3933 censuit,
1498 3860 1585 3925 etsi
1608 3881 1695 3943 quas
1725 3862 1887 3926 haberent

559 3971 731 4054 legitimas
754 3974 997 4047 accusationes,
1021 3995 1062 4038 eo
1085 3975 1179 4059 prius
1202 3988 1326 4041 vocato
1349 3997 1463 4040 coram
1487 3998 1525 4040 se
1547 3988 1765 4059 competente
1781 3978 1887 4041 iudice

558 4100 795 4170 proponerent.
820 4088 878 4152 Illi
901 4102 1026 4162 tamen,
1050 4092 1108 4173 qui
1132 4113 1199 4155 non
1215 4112 1332 4156 amore
1349 4093 1498 4157 institiae
1514 4094 1576 4157 sed
1591 4093 1734 4157 ultionis
1749 4094 1889 4157 libidine

558 4202 691 4269 tantum
715 4206 825 4269 virum
849 4208 893 4270 ad
922 4208 1080 4291 proregis
1114 4208 1297 4272 tribunalia
1330 4220 1510 4292 raptatum,
1547 4211 1695 4274 ostentui
1722 4222 1758 4274 et
1787 4212 1888 4274 deho-

559 4332 771 4386 nestamento
795 4344 967 4406 exponere
990 4326 1164 4397 volebant,
1195 4346 1272 4389 cum
1303 4328 1406 4390 modo
1432 4327 1468 4390 in
1491 4327 1695 4391 accuratiori
1725 4328 1888 4391 ecclesiae

559 4436 634 4501 foro
657 4439 875 4502 iudicandum
900 4452 1134 4522 agnoscerent,
1158 4444 1296 4526 saepius
1319 4444 1353 4506 in
1377 4445 1430 4507 ius
1452 4444 1564 4517 acciti,
1584 4444 1824 4520 vadimonium
1834 4445 1888 4506 de·

558 4566 745 4627 seruerunt,
770 4567 804 4620 et
827 4558 944 4629 abbas,
968 4559 1130 4622 damnata
1152 4579 1269 4623 eorum
1290 4561 1515 4631 contumacia,
1531 4571 1611 4623 ante
1627 4561 1793 4623 maiorem
1809 4560 1887 4622 heb·

558 4672 739 4735 domadam
763 4673 869 4735 totius
896 4694 1009 4737 noxae
1041 4675 1136 4748 liber,
1169 4676 1204 4738 in
1234 4695 1332 4738 suum
1364 4676 1565 4740 caenobium
1596 4675 1758 4739 dimissus
1788 4685 1841 4739 est
1868 4696 1888 4737 a

559 4787 765 4861 Patriarcha‚
791 4800 872 4852 tunc
896 4791 1033 4870 quidem
1058 4794 1178 4875 ignaro
1202 4793 1338 4856 laureae
1360 4792 1463 4874 paulo
1486 4802 1565 4875 post
1588 4813 1740 4857 mensem
1756 4793 1888 4875 abipso

558 4905 773 4977 obtinendae,
797 4905 852 4968 die
878 4927 1001 4989 nempe
1024 4909 1193 4991 vigesima
1215 4918 1336 4991 quarta
1359 4909 1440 4972 maii
1460 4910 1540 4972 anni
1555 4908 1732 4972 millesimi
1747 4928 1888 4972 sescen-

557 5020 672 5085 tesimi
694 5021 853 5104 vigesimi
872 5022 984 5103 primi,
1001 5044 1090 5105 quae
1105 5026 1286 5088 sabbatum
1309 5035 1382 5088 erat
1398 5035 1432 5088 et
1449 5022 1641 5088 dominicae
1656 5025 1800 5108 quintae
1813 5034 1888 5107 post

559 5136 693 5200 Pascha
715 5137 943 5221 pervigilium.
