4124 6182
505 602 544 660 28
838 610 1111 659 Exennmoms
1136 608 1397 658 ammonicae
1423 610 1502 658 ure.

189 769 321 818 Naraene
344 780 473 829 regnum.
502 758 583 821 Nilo
614 759 825 840 interposito,
859 756 1049 839 Gojamam.
1074 756 1242 819 Naraeam
1267 770 1455 819 extremam
1488 768 1607 819 natura
1635 757 1668 818 in
1696 758 1835 819 australi

502 886 535 937 et
567 874 770 937 occidentali
793 875 894 937 huius
918 875 1052 955 imperii
1084 876 1222 957 angulo
1247 883 1451 935 nontamen
1482 873 1659 935 hominum
1683 872 1834 943 avaritia,

502 994 547 1054 ob
571 993 744 1074 ingentem
769 993 841 1054 auri
858 992 1048 1053 ubertatem
1065 990 1203 1061 locavit,
1220 1010 1307 1072 quae
1323 988 1435 1052 Gallis
1450 999 1485 1052 et
1508 990 1666 1052 barbaris
1688 990 1836 1070 undique

501 1117 609 1190 septa,
633 1107 835 1189 Imperatori
859 1117 893 1168 et
916 1108 987 1169 suis
1010 1105 1203 1189 praefectis,
1228 1107 1286 1188 qui
1304 1106 1424 1187 Reges
1439 1107 1611 1187 quondam
1628 1102 1732 1176 fuere,
1749 1124 1836 1167 nunc

502 1243 617 1286 eorum
653 1225 819 1305 sanguine
850 1235 882 1284 et
917 1223 1129 1285 haereditate
1163 1221 1321 1304 generosi
1356 1224 1559 1303 obsequium
1593 1219 1741 1283 fideliter
1775 1222 1836 1283 im·

502 1339 631 1420 pendit.

596 1476 643 1516 10.
668 1455 766 1516 Nunc
791 1457 835 1518 ab
858 1456 1016 1517 orientali
1040 1466 1073 1516 et
1097 1456 1237 1516 australi
1265 1456 1468 1537 evagatione
1492 1456 1536 1516 ad
1559 1455 1835 1534 septemtrionem

502 1572 721 1633 redeundum.
745 1571 893 1653 Tigraeo
916 1590 1023 1652 regno
1046 1571 1257 1651 provinciam
1283 1568 1421 1651 Ogaran
1447 1569 1592 1632 limitem
1617 1571 1660 1631 ad
1679 1566 1835 1630 Africum

502 1683 753 1767 praefiximus,
769 1705 857 1768 quae
882 1687 985 1767 longa
1007 1696 1060 1748 est
1075 1687 1119 1747 ad
1143 1686 1330 1768 nonaginta
1347 1685 1517 1757 milliaria,
1542 1686 1613 1747 lata
1636 1686 1680 1747 ad
1703 1684 1837 1767 viginti,
1865 1692 1884 1742 t.
1906 1703 1975 1750 20‚v.

502 1803 546 1863 ab
570 1801 711 1864 Holcait
735 1814 768 1864 et
792 1800 950 1883 Seguade
974 1802 1119 1882 Zephiro
1142 1799 1314 1883 perflatur,
1338 1822 1358 1863 a
1380 1801 1529 1884 Tigraeo
1552 1821 1659 1884 regno
1683 1798 1837 1881 Septem·

501 1918 622 1987 trione,
636 1938 655 1979 a
672 1916 828 1981 Semenis
843 1919 1015 1980 montibus
1029 1918 1214 2000 Aquilone,
1232 1920 1276 1980 ab
1293 1919 1471 1999 Abargale
1487 1918 1691 1987 Subsolano,
1709 1937 1729 1979 a
1745 1916 1836 1978 Dan·

502 2036 605 2106 cazio,
630 2036 720 2116 quod
752 2033 957 2115 principium
988 2044 1040 2097 est
1063 2033 1272 2104 Dambaeae,
1304 2033 1446 2104 Austr0,
1471 2035 1515 2095 ab
1538 2034 1617 2096 aliis
1639 2032 1838 2094 Dambaeae

190 2161 357 2210 Dambaeae.
502 2151 709 2212 sectionibus
733 2148 856 2212 Africo
880 2159 914 2211 et
938 2148 1082 2213 Occasu.
1107 2149 1286 2212 Dambaea
1313 2151 1357 2211 ab
1373 2150 1549 2230 Aquilone
1566 2150 1599 2210 in
1620 2146 1780 2211 Africum
1796 2149 1838 2210 ad

502 2265 638 2347 Dangal
663 2265 731 2328 Ber
746 2285 807 2347 per
822 2265 902 2327 bina
926 2275 959 2328 et
983 2278 1151 2349 octogena
1175 2266 1336 2328 milliaria
1352 2266 1546 2347 porrigitur,
1567 2267 1602 2327 in
1618 2264 1749 2326 tricena
1772 2265 1837 2333 vel,

502 2381 530 2442 si
555 2382 700 2443 addatur
723 2383 870 2462 spatium
895 2382 987 2462 quod
1011 2383 1118 2463 ipsius
1141 2400 1235 2444 mare
1258 2391 1413 2463 occupat,
1434 2383 1468 2443 in
1492 2401 1668 2463 sexagena
1691 2380 1747 2442 vel
1764 2398 1838 2460 sep-

502 2508 649 2581 tuagena
672 2499 886 2561 distenditur.
912 2498 1011 2560 Illius
1034 2508 1188 2561 centrum
1212 2509 1264 2561 est
1288 2496 1464 2581 Gorgorra
1480 2500 1566 2560 mari
1581 2495 1735 2568 confinis,
1752 2516 1839 2577 quae

502 2613 762 2676 decimotertio
785 2614 893 2696 gradu
918 2633 995 2675 cum
1027 2613 1169 2675 semisse
1201 2616 1245 2676 ab
1268 2612 1466 2695 Aequatore
1498 2615 1532 2675 in
1560 2614 1838 2695 septemtrionem

189 2738 302 2796 untrts,
342 2738 387 2787 ubi
422 2741 475 2787 Pa·
502 2732 665 2791 elevatur.
690 2729 889 2791 Dambaeae
913 2729 956 2791 ad
987 2726 1218 2792 Subsolanum
1242 2730 1402 2792 obiicitur
1432 2727 1567 2801 Enfras,
1600 2727 1657 2792 ubi
1688 2730 1839 2790 tribusa

153 2808 291 2859 “imm
310 2810 421 2858 domus.
503 2846 587 2907 mari
611 2847 654 2907 ad
678 2845 891 2926 Aquilonem
916 2846 1121 2906 milliaribus
1145 2847 1178 2906 in
1203 2845 1331 2928 oppido
1355 2845 1495 2908 Debsan
1527 2846 1649 2907 domus
1679 2853 1752 2906 erat
1774 2843 1838 2904 Pa-

502 2962 687 3033 triarchae;
711 2972 744 3024 et
769 2960 864 3023 Darei
890 2963 934 3023 ad
965 2961 1187 3030 Euronotum,
1219 2963 1411 3042 quaelicet
1436 2981 1524 3024 nunc
1548 2961 1705 3023 divulsae
1727 2958 1795 3020 sint
1819 2978 1839 3020 a

502 3096 609 3159 regno
633 3077 896 3159 Bagamedrino,
921 3078 1007 3140 illud
1031 3078 1204 3158 quondam
1228 3097 1270 3139 ea
1292 3087 1389 3160 parte
1412 3076 1585 3141 finiebant.

176 3200 308 3283 ι(ὶοῑειιιε
331 3199 475 3282 nereio·
596 3211 644 3252 ιι.
669 3192 762 3253 inter
786 3193 945 3254 ultimum
975 3193 1078 3254 maris
1109 3192 1306 3254 Dambaeae
1330 3193 1364 3253 in
1388 3191 1556 3254 Austrum
1586 3193 1698 3254 sinum
1723 3201 1758 3253 et
1781 3210 1838 3253 an·

154 3272 347 3392 3222?de
361 3280 475 3335 antiqua
503 3308 664 3388 guineum
689 3307 770 3377 Nili,
796 3318 917 3369 ventos
941 3327 1060 3370 omnes
1083 3310 1314 3389 percurrentis
1337 3317 1372 3371 et
1395 3308 1430 3370 in
1450 3328 1550 3370 suum
1566 3328 1654 3389 pene
1670 3316 1773 3390 caput
1788 3327 1839 3369 re·

502 3424 647 3493 deuntis,
676 3442 822 3493 cursum,
855 3425 889 3485 in
909 3425 996 3486 scuti
1028 3424 1169 3506 oblongi
1194 3425 1342 3504 speciem
1370 3424 1472 3507 (quod
1495 3424 1538 3485 de
1562 3422 1679 3485 Meroe
1702 3422 1838 3497 dicitur)

502 3540 592 3600 iacet
616 3537 771 3609 Goiama,
794 3540 894 3602 huius
918 3541 1052 3620 imperii
1077 3541 1216 3610 ocellus
1242 3559 1309 3600 nnn
1333 3541 1470 3621 quidem
1495 3541 1607 3601 insula
1629 3541 1689 3601 sed
1720 3541 1838 3620 penin-

502 3654 579 3715 sula
602 3655 699 3716 brevi
725 3656 850 3716 isthmo
874 3656 1052 3725 disiuncta,
1081 3675 1183 3736 quam
1209 3674 1322 3717 veram
1347 3676 1422 3717 esse
1447 3655 1600 3718 Meroem
1624 3656 1837 3717 arbitramur.

503 3769 648 3851 Antiqui
666 3779 780 3832 tamen
794 3770 848 3853 (ι),
865 3790 941 3833 cum
960 3769 1052 3833 fama
1068 3781 1199 3833 tantum
1217 3782 1368 3839 nossent,
1384 3771 1530 3834 insulam
1542 3773 1717 3852 putabant,
1734 3769 1838 3832 animi

501 3904 637 3968 quoque
662 3888 696 3948 in
720 3906 762 3949 eo
786 3884 876 3957 falsi,
899 3889 992 3968 quod
1016 3908 1091 3950 earn
1119 3898 1284 3969 ponerent
1316 3885 1404 3949 infra
1427 3887 1621 3950 Astaborae
1644 3896 1678 3948 et
1702 3887 1837 3967 Astapi,

503 4003 568 4064 hoc
600 4012 652 4065 est
675 4002 841 4066 Tacasaei
864 4014 899 4065 et
923 4003 993 4064 Nili
1018 4002 1255 4073 confluentem,
1288 4006 1376 4066 inter
1406 4005 1474 4066 duo
1505 4004 1654 4075 brachia,
1688 4005 1722 4066 in
1754 4023 1838 4084 quae

502 4120 640 4180 illorum
664 4139 774 4199 aquae
798 4121 862 4181 sub
886 4121 1089 4182 duodecimo
1113 4120 1321 4201 Aequatoris
1337 4122 1446 4202 gradu
1463 4131 1712 4202 separarentur,
1729 4130 1763 4182 et
1779 4119 1839 4182 ite·

502 4254 576 4296 rum
601 4234 634 4296 in
659 4236 792 4297 decimo
816 4236 962 4316 septimo
986 4234 1283 4299 confunderentur.
1309 4237 1348 4299 In
1376 4238 1580 4299 duodecimo
1611 4238 1703 4299 enim
1730 4237 1839 4319 gradu

156 4431 161 4442 ·
189 4359 475 4410 Nilusetracaeaeus
502 4350 603 4412 Nilus
627 4371 648 4412 a
670 4349 844 4413 Tacasaeo
860 4361 997 4413 centum
1015 4362 1048 4413 et
1063 4353 1239 4435 octoginta
1252 4352 1456 4415 milliaribus
1472 4362 1629 4433 sepostus
1644 4353 1838 4414 universam

153 4433 230 4551 22¹3}
249 4432 475 4552 311(ξὲξῖῃὲιί
502 4464 684 4529 Goiamam
708 4468 818 4539 alluit,
842 4487 904 4529 nec
929 4488 1005 4529 curn
1030 4488 1070 4529 eo
1102 4468 1169 4530 nisi
1200 4469 1307 4530 multo
1339 4467 1482 4530 inferius
1505 4469 1539 4530 in
1563 4487 1671 4551 regno
1702 4468 1837 4549 Dequin

502 4582 749 4655 Nubianorum,
775 4582 807 4645 in
833 4583 968 4645 decimo
999 4585 1146 4665 septimo
1170 4584 1226 4646 vel
1257 4584 1391 4646 decimo
1421 4596 1544 4647 octavo
1575 4586 1685 4667 gradu
1716 4585 1838 4665 permi-

502 4710 632 4772 scetur;
658 4700 717 4760 ubi
741 4701 770 4760 si
794 4699 913 4761 Meroe
936 4699 1002 4761 sita
1026 4709 1126 4770 esset,
1151 4700 1278 4762 habere
1302 4719 1368 4763 non
1392 4711 1509 4781 posset
1532 4721 1608 4764 eam
1632 4701 1676 4763 ab
1699 4700 1838 4784 Egypto

502 4815 700 4876 distantiam
723 4834 825 4896 quam
849 4815 1038 4898 geographi
1063 4817 1248 4898 assignant,
1273 4812 1424 4897 Syenam
1449 4818 1483 4877 in
1503 4816 1714 4898 Aethiopiae
1738 4812 1838 4878 confi·

503 4932 603 4993 nibus
627 4932 671 4993 ab
694 4929 912 4993 Alexandria
936 4932 1086 5013 quinque
1110 4933 1297 4995 stadiorum
1322 4933 1477 4996 millibus
1500 4944 1533 4996 et
1557 4931 1710 4995 Meroem
1738 4950 1839 5013 supra

592 5180 631 5245 (1)
650 5180 796 5235 Strabo,
819 5180 863 5231 lib.
889 5190 932 5239 17:
957 5180 1145 5235 Herodot„
1169 5182 1215 5232 lib.
1240 5194 1247 5228 1
1272 5190 1297 5231 et
1319 5192 1361 5241 17.
