4066 6174
604 575 720 624 imni<
744 576 783 635 11,
807 575 933 625 caras
956 576 1083 626 xxvn.
1443 580 1505 642 345

161 716 303 782 laetitin
322 721 486 804 pervasit,
509 741 584 784 cum
606 726 720 806 aperte
749 721 876 786 dictum
899 721 1027 809 fuerit,
1057 723 1142 786 solos
1164 743 1185 785 a
1207 722 1415 787 Patriarcba
1446 744 1506 786 au·

160 837 315 899 ctoratos
344 837 451 899 sacris
468 842 564 920 posse
585 837 729 922 operari.
752 835 826 901 Sel
845 837 995 921 malefici
1013 838 1122 901 cordis
1143 837 1294 901 homines
1316 842 1350 901 et
1369 842 1507 921 pertur-

163 949 350 1014 bationum
372 951 580 1027 anhelantes,
603 952 643 1016 ia’
662 951 749 1036 quod
768 953 809 1015 ab
830 952 915 1038 i'psis
936 953 1124 1041 consectum
1140 952 1225 1040 fuit
1246 954 1293 1016 aa'
1320 954 1358 1017 V.
1386 952 1506 1015 Domi·

62 1077 65 1085 “
163 1066 346 1129 nationem
370 1065 574 1131 detulerunt.
600 1066 684 1131 Cum
707 1070 817 1154 igitur
838 1069 937 1133 ultra
954 1071 1135 1153 praefixas
1157 1069 1250 1132 nobis
1273 1090 1295 1133 a
1326 1070 1363 1132 V.
1387 1068 1507 1132 Domi·

162 1182 311 1246 natione
345 1187 450 1247 metas
480 1204 549 1247 non
579 1184 911 1260 transultaverimus,
942 1205 1001 1248 nec
1024 1185 1156 1249 accensi
1186 1189 1341 1248 nostrum
1371 1184 1506 1248 verbum

162 1298 419 1382 ampliaverint
447 1305 510 1363 aut
537 1297 797 1375 decurtaverint,
829 1322 892 1385 quo
922 1301 998 1364 iure
1033 1302 1070 1364 V.
1096 1300 1298 1365 Dominatio
1322 1300 1437 1365 Oziam
1467 1302 1505 1364 iu

163 1413 317 1478 medinm
340 1414 545 1500 adducit(1)‚
569 1421 603 1479 et
623 1437 684 1481 nos
706 1416 811 1481 erilem
834 1417 1025 1501 componit?
1047 1417 1119 1481 Ille
1141 1417 1177 1479 ob
1191 1422 1384 1502 ocaipatum
1399 1437 1505 1481 sacer·

155 1528 286 1592 dotum
310 1530 467 1616 officinm,
491 1530 579 1616 quod
598 1532 636 1594 in
659 1553 734 1596 eum
757 1552 825 1595 uon
843 1532 986 1608 cadebat,
1002 1531 1038 1595 ob
1052 1531 1131 1595 tleus
1146 1537 1180 1595 et
1194 1531 1401 1614 sacrificinm
1416 1531 1505 1595 obla-

163 1649 364 1730 itemquae
387 1666 562 1732 nunquam
585 1648 797 1721 tentavimus,
828 1668 849 1711 a
876 1647 949 1713 Deo
973 1648 1068 1733 lepra
1091 1646 1174 1734 fuit
1202 1647 1240 1710 in
1263 1645 1389 1733 fronte
1418 1647 1505 1711 ulce-

162 1764 291 1833 ratus,·
313 1781 374 1824 nos
399 1760 438 1825 ia’
457 1766 592 1826 tantum
610 1762 789 1848 praeconio
803 1762 1036 1847 firmavimus,
1061 1763 1149 1846 quod
1168 1763 1205 1827 V.
1231 1762 1430 1826 Dominatio
1452 1762 1506 1827 in-

162 1875 336 1940 dulserat.
359 1875 481 1941 Fidem
505 1878 705 1954 Romanam,
728 1900 803 1943 cum
822 1879 976 1965 primum
999 1878 1052 1942 liic
1078 1884 1153 1942 sata
1172 1877 1264 1965 suit,
1288 1898 1346 1943 nec
1363 1883 1505 1963 patrum

161 1993 389 2079 praedicatur,
413 2015 472 2058 nec
494 1996 662 2061 miracula
692 1996 731 2060 ab
760 1996 846 2082 ipsis
874 1995 966 2060 edita
996 1995 1147 2060 stabilem
1177 1995 1406 2060 reddiderunt.
1436 1994 1510 2059 Sed

163 2129 246 2172 cum
268 2110 454 2175 viderimus
474 2117 668 2177 nostrorum
692 2112 854 2176 librorum
877 2110 1062 2175 doctrinam
1087 2110 1147 2174 illi
1165 2131 1346 2175 consonare
1368 2115 1402 2175 et
1426 2110 1505 2175 obli·

165 2224 333 2309 quitatem
355 2231 391 2291 et
404 2226 603 2314 falsitatem
626 2228 665 2293 in
694 2234 886 2292 nostrorum
917 2228 1141 2311 interpretum
1172 2226 1321 2291 sensibus
1350 2226 1504 2310 reperiri,

165 2340 364 2407 Romanam
379 2341 498 2427 fidem,
522 2364 590 2408 nou
612 2365 657 2408 ex
674 2343 898 2430 popularium
916 2342 1043 2428 placito
1065 2340 1125 2407 sel
1135 2362 1267 2406 nimma
1292 2341 1416 2406 indicii
1434 2362 1505 2406 ma·

167 2458 326 2530 turitate,
350 2457 438 2543 quod
457 2458 700 2523 Alexandrina
729 2459 892 2523 veriorem
916 2459 1129 2534 noscerimus,
1152 2459 1279 2522 nostris
1302 2457 1506 2522 inssinmbus

43 2587 137 2655 i.164,
166 2573 223 2639 *et
239 2575 435 2659 praecauc'is
456 2575 752 2640 constabilivimus.
778 2576 874 2657 Quae
895 2576 1009 2639 omnia
1032 2595 1053 2638 a
1075 2576 1172 2639 nullo
1194 2576 1299 2638 eoacti
1317 2573 1376 2639 sed
1388 2578 1506 2659 sponte

160 2691 409 2775 praestitimus
429 2691 563 2756 visibili
589 2712 693 2779 regno
709 2691 904 2777 posthabito
927 2697 961 2756 et
988 2692 1154 2756 invisibile
1183 2696 1384 2755 contuentes.
1417 2690 1505 2772 Quo·

167 2807 266 2872 modo
287 2827 367 2894 ergo
390 2828 450 2870 nos
480 2808 518 2871 V.
542 2807 741 2872 Dominatio
759 2795 928 2884 'admonet
951 2813 992 2871 ut
1012 2808 1122 2872 oculos
1144 2828 1165 2871 a
1187 2806 1369 2893 temporali
1391 2826 1504 2892 reguo,

167 2921 259 3008 quod
269 2925 418 3007 fluxum
440 2929 501 2999 est,
524 2930 707 3000 avocantes,
730 2924 808 2987 illos
830 2925 869 2987 in
892 2928 1064 2987 aeternum
1087 2919 1333 3009 conseramus?
1356 2922 1445 3004 Quot
1462 2942 1506 2985 cx

166 3039 298 3103 nostris
319 3039 358 3103 ob
380 3039 468 3103 bana
489 3060 622 3103 causam
646 3038 826 3104 obierunt?
849 3041 939 3122 Quot
963 3038 1076 3102 nostri
1103 3037 1243 3122 imperii
1271 3037 1422 3124 regiones
1447 3044 1505 3125 pe·

168 3151 336 3217 ri‘erunt?
369 3154 463 3236 Qriae
492 3154 700 3241 singillatim
731 3176 799 3218 nou
818 3154 1064 3241 percurrimus,
1087 3152 1167 3237 quia
1198 3153 1233 3215 V
1264 3149 1509 3215 Dominatiaui

166 3272 304 3359 cognita
329 3277 413 3336 sunt
440 3271 625 3356 explorate.
656 3272 864 3336 Persuasum
895 3276 981 3336 certe
1010 3271 1105 3334 nobis
1133 3274 1191 3340 est,
1223 3289 1284 3332 nos
1314 3269 1352 3331 in
1378 3268 1438 3331 bae
1468 3288 1506 3332 re

167 3385 267 3450 ni'lii‘l
286 3392 407 3450 contra
429 3386 542 3451 Deum
565 3388 753 3473 deliquisse.
778 3388 824 3450 Si
835 3388 925 3452 enini
941 3387 1028 3450 viab
1043 3386 1156 3470 aliquo
1171 3383 1384 3449 adactilcanc
1393 3384 1505 3468 fia’em

169 3503 340 3588 complexi
358 3523 513 3578 essemus,
536 3509 617 3568 tum
638 3524 723 3567 ansa
744 3509 829 3568 esset
850 3501 1053 3588 suspicandi,
1076 3523 1149 3566 cam
1172 3523 1194 3565 a
1216 3500 1307 3563 uobis
1324 3507 1422 3585 posse
1452 3498 1505 3563 de·

167 3619 241 3684 scri
260 3624 294 3684 et
314 3620 400 3683 velle
422 3620 471 3683 aa'
489 3620 650 3683 vomitum
673 3620 807 3684 revorti.
830 3620 904 3683 Sed
922 3640 998 3682 cum
1021 3619 1114 3682 ultra
1138 3618 1176 3680 in
1206 3637 1278 3682 eam
1310 3616 1505 3680 concesseri-

170 3755 255 3805 mus,
279 3736 369 3820 quod
373 3735 525 3823 fecimus
547 3735 714 3823 infectum
737 3733 872 3800 reddere
895 3756 962 3798 non
986 3741 1160 3811 possumus
1181 3753 1286 3816 neque
1308 3731 1395 3817 quod
1415 3730 1504 3795 aedi-

160 3851 349 3936 ficavimus
370 3851 536 3915 demoliri.
563 3853 778 3937 Quapropter
801 3852 839 3914 V
863 3850 1065 3914 Dominati‘o
1087 3850 1126 3913 in
1144 3854 1315 3935 posterum
1339 3847 1505 3911 malorum

168 3972 203 4031 et
225 3968 461 4031 mentientium
484 3968 592 4032 verbis
614 3988 716 4032 aures
737 3969 899 4032 occludat.
924 3965 983 4030 Sic
1006 3966 1203 4049 Imperator.

263 4103 312 4146 10.
337 4082 583 4147 Verumtamen
606 4104 682 4147 cum
706 4084 869 4146 haeretici
893 4101 1030 4164 semper
1059 4080 1320 4145 labefactandae
1344 4079 1423 4143 fidei
1454 4082 1504 4143 in·
1566 4086 1632 4137 Allo
1666 4087 1852 4170 praecessio

169 4199 365 4283 vigilarent,
390 4210 466 4282 post
489 4220 618 4282 paucos
639 4201 722 4272 dies,
747 4199 840 4262 illius
864 4200 932 4262 alio
963 4199 1147 4280 praeconio
1178 4197 1423 4260 convellendae
1447 4215 1503 4258 oc·
1530 4157 1851 4282 {ssgffiffifflffl'

169 4318 344 4378 casionem
367 4327 446 4379 sunt
474 4318 644 4398 aucupati,
668 4316 750 4379 licet
780 4316 865 4378 illud
895 4313 997 4376 fidem
1029 4325 1124 4376 recta
1154 4333 1222 4376 non
1252 4322 1417 4393 quateret,
1442 4313 1503 4374 sed

170 4441 305 4495 tantum
338 4432 557 4495 patriarchae
589 4432 856 4495 iurisdictionem
888 4430 1113 4493 admorderet.
1145 4427 1250 4491 Cuius
1276 4427 1362 4490 haec
1394 4428 1502 4510 origo,

169 4545 269 4610 Unus
292 4566 339 4610 ex
362 4550 532 4629 supremis
559 4546 765 4619 Umbaribus,
790 4548 863 4610 sive
887 4547 1066 4617 iudicibus,
1091 4546 1214 4626 quibus
1236 4545 1271 4606 in
1306 4543 1503 4625 proximum

168 4664 383 4726 senatoribus
397 4663 547 4726 tribunal
564 4665 616 4727 ius
632 4674 682 4726 est
697 4663 971 4735 haereditarium,
989 4662 1105 4725 mundi
1122 4680 1248 4724 nausea
1264 4661 1393 4732 ductus,
1406 4659 1503 4721 illum

167 4798 286 4842 secum
310 4798 386 4842 cum
418 4798 527 4842 uxore
558 4789 592 4842 et
623 4780 743 4842 liberis
773 4782 807 4841 in
839 4781 959 4842 eodem
989 4778 1214 4845 contubernio
1244 4774 1448 4845 viventibuS‚
1472 4774 1506 4835 in

167 4897 354 4976 quamdam
377 4897 559 4959 ecclesiam
582 4894 687 4957 Tecla
703 4893 903 4978 Hiymiinot
919 4898 1065 4972 invexit,
1083 4904 1220 4976 praeter
1236 4891 1370 4955 abbatis
1384 4908 1510 4951 nomen

257 5146 299 5213 (ι)
320 5158 335 5194 2
355 5147 457 5204 Paral„
476 5160 499 5198 c.
519 5144 560 5199 26.

249 5267 277 5311 C.
291 5267 399 5310 Bucam.
413 5268 470 5312 Rer.
483 5267 552 5313 Acis.
565 5267 657 5320 Sm'pt.
670 5280 716 5308 occ.
732 5265 797 5309 med.
818 5289 836 5296 -
852 5265 920 5309 VIII.
