4066 6184
564 582 679 629 LIBER
703 583 742 640 ΙΙ,
766 581 891 630 CAPUT
915 582 1030 630 XXIII.
1400 589 1463 650 319

123 728 275 802 admisit,
299 749 401 812 quem
426 729 541 812 aliqua
565 729 640 827 Ras
663 727 745 793 Sela
767 730 921 794 Christds
944 731 1119 793 doctrinae
1142 749 1225 793 aura
1247 728 1462 813 perflaverat,

123 846 233 928 ipsius
256 845 457 909 ministeriis
480 848 731 912 inservientem.
755 846 869 919 Alter,
885 867 985 929 quem
1006 867 1092 911 unus
1115 846 1253 909 illorum
1278 848 1408 911 monuit
1427 856 1464 912 ut

123 960 336 1026 confessioni
360 982 499 1045 operam
524 964 630 1033 daret,
655 984 698 1026 ne
721 964 808 1026 sicut
832 964 938 1026 vitam
962 964 1115 1045 corporis
1137 962 1254 1027 statim
1277 963 1463 1026 amissurus

122 1088 207 1152 erat,
232 1078 383 1142 animam
400 1080 434 1141 in
451 1081 680 1162 perditionem
697 1089 869 1142 aeternam
885 1079 1135 1162 praecipitaret,
1153 1078 1365 1162 impatientia
1381 1078 1463 1143 effe·

122 1207 236 1259 ratus:
261 1194 375 1269 Tute,
398 1196 455 1269 ait,
473 1197 645 1278 perditum
661 1196 737 1266 ibis,
754 1206 866 1277 pater:
890 1216 945 1258 me
968 1196 1095 1258 etenim
1113 1215 1189 1258 mea
1205 1194 1292 1258 fides
1307 1194 1464 1258 Alexan·

122 1312 224 1374 drina
252 1311 415 1375 servabit.
446 1310 805 1393 Animadversumque
837 1309 902 1373 fuit
932 1321 1062 1392 postea,
1094 1320 1282 1374 castrorum
1311 1330 1413 1373 canes
1444 1331 1465 1373 a

122 1437 338 1490 caeterorum
361 1427 561 1508 corporibus
584 1438 809 1508 pernoctem,
834 1428 955 1490 eodem
971 1429 1049 1490 loco
1065 1427 1181 1489 stratis
1197 1428 1412 1499 abstinuisse,
1429 1439 1464 1490 et

123 1542 220 1606 illius
252 1551 385 1606 tantum
417 1543 587 1616 carnibus,
615 1545 658 1607 ad
688 1565 766 1607 ossa
793 1563 880 1626 pene
912 1544 1055 1616 exectis,
1088 1544 1277 1627 ingluviem
1308 1544 1461 1607 satiasse.

122 1657 274 1740 Quidam
299 1679 345 1722 ex
369 1679 511 1722 numero
534 1661 738 1742 proditionis
763 1660 997 1742 impulsorum,
1025 1659 1184 1722 effraenis
1207 1659 1241 1722 in
1265 1659 1462 1723 Romanam

121 1772 229 1838 fidem
253 1786 286 1838 et
310 1775 557 1858 Imperatorem
574 1776 722 1860 linguae,
740 1775 797 1858 qui
822 1787 913 1839 retro
929 1796 991 1857 per
1011 1776 1225 1838 occasionem
1241 1785 1461 1849 remanserat,

122 1913 212 1955 unco
237 1890 349 1955 ferreo
372 1894 511 1956 dorsum
535 1895 706 1965 traiectus,
730 1913 791 1975 per
814 1902 921 1956 totam
946 1892 1037 1955 diem
1065 1913 1111 1955 ex
1142 1894 1263 1955 arbore
1289 1892 1462 1975 pependit,

122 2020 157 2071 et
182 2029 261 2073 cum
285 2030 306 2071 a
329 2009 566 2072 maledicendo
582 2030 650 2072 non
674 2021 833 2082 cessaret,
851 2011 990 2092 linguae
1005 2011 1198 2091 procaciam
1216 2009 1308 2072 illius
1331 2011 1462 2073 excisio

122 2126 167 2187 ad
192 2137 331 2188 noctem
354 2145 460 2208 usque
477 2128 697 2208 compescuit,
713 2147 790 2189 cum
807 2127 988 2189 hastilibus
1003 2127 1297 2188 transverberatus
1313 2126 1462 2189 animam

122 2238 257 2305 effudit.

215 2363 246 2421 8.
271 2359 516 2441 Imperatorem
540 2369 574 2421 et
598 2370 764 2442 cognatos
787 2362 831 2423 ob
856 2360 1046 2422 communis
1062 2380 1138 2422 cum
1159 2379 1200 2422 eo
1215 2359 1393 2441 sanguinis
1409 2377 1461 2421 re·
1525 2365 1657 2417 Proditor
1679 2364 1812 2430 privatim

122 2476 316 2538 verentiam
340 2476 450 2537 visum
475 2485 617 2538 estnon
642 2477 763 2539 decere
787 2478 925 2559 publica
947 2478 1132 2559 proditoris
1155 2477 1259 2538 caede
1283 2474 1461 2539 funestari.
1489 2437 1813 2561 Jffffimcffffi

123 2590 163 2654 In
188 2602 285 2655 arcta
308 2593 465 2655 custodia
488 2612 548 2674 per
563 2594 637 2655 dies
661 2594 791 2674 aliquot
807 2604 961 2656 servatus
984 2602 1047 2663 est,
1071 2593 1151 2673 quin
1169 2611 1359 2655 sermonem
1384 2611 1461 2655 cum

122 2729 165 2772 eo
190 2710 337 2771 miscere
352 2708 533 2792 quisquam
549 2711 725 2773 sineretur.
750 2708 853 2773 Solus
870 2709 1058 2791 Imperator
1073 2729 1150 2772 eum
1174 2710 1217 2771 ad
1239 2730 1274 2772 se
1298 2711 1341 2772 de
1361 2720 1462 2772 nocte

122 2825 318 2897 accersivit,
342 2826 401 2887 ubi
425 2826 574 2888 creditur
589 2836 696 2888 totum
714 2827 899 2889 instructae
915 2826 1158 2889 coniurationis
1180 2828 1333 2907 glomum
1351 2827 1462 2907 expli·

122 2961 222 3005 casse
247 2951 282 3004 et
305 2941 501 3023 Principem
525 2942 619 3005 illius
641 2952 816 3005 auctorem
840 2943 1040 3005 ostendisse.
1065 2940 1170 3004 Cuius
1195 2943 1336 3005 notitiae
1355 2942 1462 3004 index

122 3067 264 3141 putatur
288 3058 393 3120 nimia
417 3058 477 3120 illa
496 3059 729 3140 obsequentia,
753 3079 821 3139 qua
843 3061 1004 3142 deinceps
1020 3059 1210 3140 Imperator
1232 3079 1269 3122 se
1292 3070 1327 3121 et
1347 3060 1463 3121 omnia

122 3175 219 3239 illius
242 3174 386 3238 arbitrio
409 3176 574 3257 permisit,
598 3178 680 3256 quin
705 3176 749 3237 ab
772 3176 879 3257 ipsius
903 3175 1040 3237 nutibus
1058 3185 1288 3238 transversum
1312 3194 1461 3258 unguem

122 3293 304 3356 discedere
327 3293 476 3355 auderet.
500 3291 560 3354 Ad
577 3292 672 3354 illum
697 3312 729 3374 p.
748 3292 899 3354 Didacus
927 3293 1109 3372 aliquoties
1125 3291 1345 3374 Imperatoris
1369 3293 1462 3355 iussu

121 3410 282 3481 tetendit,
307 3418 341 3473 et
364 3419 564 3472 cunctanter
586 3409 786 3472 criminibus
810 3410 965 3491 expiavit
973 3430 981 3482 ;
1007 3410 1065 3490 qui
1089 3409 1224 3491 saepius
1247 3418 1391 3472 testatus
1411 3418 1462 3472 est

122 3545 299 3609 nunquam
334 3545 382 3588 ex
410 3545 471 3588 suo
507 3527 609 3587 corde
641 3526 838 3587 Romanam
869 3524 971 3587 fidem
1002 3527 1245 3607 propulsatam,
1270 3527 1331 3588 sed
1347 3525 1462 3588 omnia

121 3660 185 3723 per
209 3639 326 3704 fucum
350 3643 462 3725 egisse
485 3650 522 3703 ut
545 3643 710 3723 populum
735 3662 775 3703 ea
798 3642 1026 3704 ostentatione
1051 3642 1217 3704 deliniret.
1250 3640 1319 3704 Ubi
1350 3641 1463 3724 Impe-

121 3765 219 3819 rator
242 3757 359 3819 resciit
383 3777 459 3819 eum
483 3757 558 3819 Deo
581 3757 811 3827 conciliatum,
844 3756 936 3819 iubet
959 3777 980 3819 a
1003 3757 1151 3839 quinque
1174 3758 1231 3820 vel
1255 3776 1317 3819 sex
1341 3776 1461 3821 verna·

122 3872 223 3945 culiS,
247 3873 372 3955 quibus
394 3874 577 3955 plurimum
594 3874 766 3945 credebat,
787 3886 1000 3955 pernoctem
1024 3875 1086 3936 sub
1102 3875 1216 3956 specie
1240 3874 1411 3936 missionis
1426 3875 1461 3937 in

122 3990 273 4053 exilium
297 4009 316 4052 e
339 3990 493 4053 custodia
516 3991 629 4071 abripi
652 4001 686 4052 et
710 4009 816 4072 prope
840 3977 990 4052 vicinum
1014 3992 1181 4073 templum
1204 3990 1379 4053 clavarum
1400 3991 1461 4053 mi·

123 4106 344 4170 nuscularum
367 4107 560 4188 pulsatione
584 4107 745 4168 contundi
770 4116 804 4169 et
828 4108 863 4168 in
887 4128 928 4169 eo
951 4107 1122 4171 tumulari.
1157 4106 1244 4189 Ipse,
1268 4126 1336 4188 quo
1360 4107 1461 4170 duce·

122 4230 219 4284 retur
242 4221 449 4304 intelligens,
480 4222 702 4303 stipatoribus
733 4223 859 4286 diserte
890 4224 1035 4285 asseruit
1059 4243 1096 4285 se
1127 4223 1171 4285 ad
1201 4222 1461 4285 similitudinem

121 4335 253 4400 Teclae
276 4335 471 4422 Gueorguis
504 4340 769 4421 haudquaquam
805 4340 964 4411 insanire,
997 4340 1056 4401 sed
1081 4348 1117 4401 ut
1140 4338 1337 4401 Romanam
1358 4337 1461 4402 fidem

123 4473 145 4516 a
170 4452 275 4515 corde
300 4472 483 4533 numquam
507 4455 687 4526 abiecerat,
712 4457 761 4519 sic
785 4457 817 4518 ei
841 4475 950 4537 neque
974 4456 1008 4517 in
1044 4468 1151 4518 morte
1182 4455 1459 4517 renuntiaturum.

215 4566 265 4646 *9.
283 4566 353 4629 Hic
369 4566 433 4632 fuit
450 4571 565 4633 exitus
582 4570 684 4634 Sarsei
700 4571 854 4635 Christos
870 4573 1061 4654 praevalidi
1077 4571 1215 4652 quidem
1232 4571 1374 4643 iuvenis,
1400 4572 1461 4633 sed
1524 4577 1679 4640 Imperator
1712 4577 1813 4628 stem

122 4685 312 4746 inconsulti
337 4704 377 4747 ac
399 4688 581 4759 temerarii,
606 4708 669 4750 nec
704 4697 818 4749 tamen
850 4688 913 4750 hac
945 4697 1055 4750 morte
1086 4687 1270 4749 admodum
1301 4685 1460 4749 infelicis,
1489 4646 1813 4782 fflffdffldffi

122 4800 313 4864 Probabile
336 4802 426 4863 enim
450 4813 512 4875 est,
537 4804 565 4865 si
589 4804 729 4874 viveret,
756 4822 916 4885 magnum
948 4803 1022 4865 fore
1045 4803 1215 4884 Principis
1241 4800 1404 4884 perfidiae
1427 4814 1462 4866 et
1490 4792 1585 4844 ΜΨ·

123 4917 354 4980 immanitatis
376 4919 411 4981 in
433 4920 621 4982 catholicos
644 4921 844 4991 adiutorem,
869 4932 902 4982 et
934 4919 1048 4982 forsan
1073 4920 1275 4983 translatum
1301 4938 1387 4991 esse,
1419 4938 1461 4982 ne

121 5044 374 5117 superventura
397 5036 567 5116 nequitiae
598 5037 774 5097 inundatio
805 5048 1018 5118 praesentem
1049 5035 1172 5098 mentis
1199 5036 1379 5097 sanitatem
1403 5036 1461 5097 de·

120 5152 290 5215 turbaret.
316 5150 417 5213 Felix
448 5153 539 5213 enim
571 5154 770 5223 censendus
801 5173 900 5234 quem
932 5153 1027 5215 Deus
1049 5152 1107 5215 vel
1130 5173 1150 5214 a
1181 5149 1294 5214 medio
1324 5151 1462 5233 gurgite
