4066 6184
551 597 614 659 304
883 593 1159 644 EXPEDlTlONIS
1184 594 1445 645 AETHIOPICAE
1468 595 1547 644 ETC.

550 740 729 813 extollens,
754 741 815 804 sed
836 761 919 804 mox
934 743 979 804 ab
995 742 1038 804 iis
1053 740 1244 814 discedens,
1261 762 1307 805 ex
1323 744 1444 804 eodem
1460 760 1520 805 ore
1542 740 1707 826 frigidum
1731 741 1882 817 efflabat,

550 856 685 936 magnis
697 855 793 919 illam
805 856 999 939 opprobriis
1014 858 1236 939 proscindens
1251 857 1371 937 illique
1383 854 1580 940 praeferens
1595 858 1882 921 Alexandrinam.

549 969 620 1033 Hic
643 981 743 1034 nocte
766 973 969 1054 intempesta
985 994 1031 1035 ex
1046 973 1123 1036 Ras
1146 974 1248 1036 domo
1271 975 1463 1057 egrediens,
1486 984 1520 1037 et
1543 994 1640 1037 suam
1664 984 1787 1056 petens
1807 995 1883 1038 curn

551 1089 627 1152 loca
650 1086 788 1171 fragosa
811 1089 879 1151 sint
902 1099 936 1152 et
959 1102 1151 1172 praerupta,
1175 1111 1194 1153 e
1217 1092 1274 1153 via
1297 1110 1359 1172 per
1380 1110 1529 1155 errorem
1552 1090 1737 1155 deflectens
1759 1113 1779 1155 e
1801 1111 1884 1173 rupe

550 1207 731 1287 prolapsus
761 1204 932 1269 frustatim
962 1216 1015 1269 est
1046 1206 1263 1271 dilaceratus.
1293 1205 1340 1270 Et
1362 1227 1492 1279 omnes,
1521 1209 1646 1291 quibus
1669 1221 1883 1290 perspectum

551 1333 623 1385 erat
646 1323 691 1384 ab
714 1322 789 1403 ipso
820 1323 971 1404 lupinam
995 1334 1143 1386 mentem
1166 1325 1230 1385 sub
1260 1325 1364 1387 ovina
1387 1324 1478 1406 pelle
1501 1324 1677 1396 occultari,
1704 1327 1797 1387 iusto
1820 1325 1882 1388 Dei

551 1439 677 1501 iudicio
701 1458 816 1501 escam
840 1438 929 1520 lupis
952 1436 1058 1502 fuisse
1080 1439 1198 1502 datum
1223 1451 1447 1523 agnoverunt.
1472 1440 1571 1504 Haec
1594 1461 1673 1523 pars
1689 1441 1805 1524 aliqua
1821 1439 1885 1504 fuit

551 1554 679 1636 segetis
701 1575 723 1617 a
748 1555 822 1617 Ras
845 1552 927 1617 Sela
953 1552 1108 1618 Christds
1130 1565 1164 1618 et
1186 1566 1283 1638 patre
1299 1556 1427 1619 Ioanne
1444 1557 1478 1619 in
1494 1558 1680 1621 Amarensi
1700 1576 1809 1641 regno
1825 1578 1885 1639 per

551 1671 699 1733 hiemem
722 1670 873 1734 consitae
896 1680 931 1733 et
958 1673 1143 1744 demessae,
1160 1673 1256 1734 cuius
1273 1672 1426 1735 laborem
1442 1672 1513 1735 illis
1527 1671 1623 1736 Deus
1638 1693 1658 1736 e
1674 1673 1774 1736 coelo
1789 1673 1884 1756 large

551 1788 831 1858 remunerabitur,
847 1798 880 1849 et
897 1806 1022 1869 magna
1037 1786 1114 1850 Ras
1130 1786 1211 1849 Sela
1233 1786 1389 1851 Christds
1404 1798 1501 1851 tanto
1519 1787 1660 1851 effusius
1674 1800 1804 1871 quanto
1822 1789 1884 1850 ini·

551 1906 651 1983 quius
674 1902 726 1963 illi
752 1900 815 1964 fuit
839 1904 882 1965 ab
898 1903 1109 1984 Imperatore
1133 1924 1306 1985 repensus.
1329 1903 1369 1967 In
1396 1904 1585 1985 praemium
1601 1905 1692 1967 enim
1713 1905 1834 1967 horum
1851 1916 1883 1965 et

551 2018 696 2080 aliorum
720 2019 963 2100 obsequiorum
988 2016 1151 2082 Goiamae
1182 2019 1432 2101 praefecturam
1463 2021 1572 2084 abeo
1602 2019 1754 2091 abstulit,
1786 2030 1821 2083 et
1851 2021 1883 2081 in

551 2131 655 2196 Sarsai
667 2133 821 2196 Christos
834 2135 1085 2201 transmutavit.
1102 2134 1204 2217 Quod
1219 2136 1292 2218 ipse
1308 2135 1508 2200 beneficium
1525 2138 1612 2200 tanti
1625 2134 1718 2207 fecit,
1735 2146 1772 2199 ut
1783 2134 1884 2217 paulo

552 2260 629 2330 post
653 2250 876 2313 rebellionem
901 2253 934 2314 in
959 2252 1114 2315 eumdem
1138 2254 1367 2325 intentaverit,
1391 2263 1428 2316 ut
1451 2273 1535 2316 mox
1557 2253 1752 2315 dicendum.

242 2374 333 2424 Patris
363 2372 462 2423 uiuaci
495 2372 526 2427 tn
642 2367 692 2444 *5.
716 2367 777 2430 Ab
800 2367 984 2431 Amarensi
1017 2388 1124 2452 regno
1147 2371 1237 2432 ultra
1266 2370 1531 2453 Bagamedirum
1562 2370 1606 2432 ad
1623 2368 1837 2432 occidentem
1851 2378 1884 2430 et
1908 2389 1979 2449 tin

206 2443 527 2577 {ssgssffifflmlcffi
554 2502 647 2545 mare
662 2483 862 2547 Dambaeae
878 2487 1184 2557 transcurrendum,
1201 2488 1235 2548 in
1251 2506 1319 2568 quo
1335 2487 1424 2550 inter
1440 2506 1541 2549 unam
1554 2497 1588 2549 et
1606 2485 1731 2566 viginti
1747 2486 1884 2555 insulas,

206 2603 255 2639 ⁸¹²⁸
273 2604 412 2642 mm·
552 2601 675 2682 quibus
699 2609 891 2663 consertum
914 2613 977 2671 est,
1002 2603 1154 2665 maxima
1176 2601 1254 2666 Dek
1270 2603 1381 2665 tribus
1398 2603 1432 2665 in
1448 2603 1699 2686 longitudinem
1716 2611 1750 2664 et
1767 2602 1883 2663 itidem

552 2718 588 2778 in
612 2717 826 2780 latitudinem
851 2717 1055 2781 milliaribus
1077 2737 1273 2791 excurrens,
1299 2719 1481 2801 multiplici
1500 2715 1682 2790 frumento,
1700 2719 1802 2780 malis
1816 2736 1883 2779 me-

552 2832 648 2906 dicis,
680 2834 806 2906 citreis,
837 2835 1000 2916 gregibus
1031 2844 1065 2897 et
1096 2835 1259 2898 armentis
1289 2837 1449 2898 abundat.
1481 2836 1566 2897 Alia
1596 2855 1661 2897 non
1694 2834 1815 2916 procul
1842 2835 1884 2894 ad

552 2951 730 3020 orientem,
744 2950 903 3012 obiicitur
914 2952 969 3012 cui
982 2970 1105 3013 nornen
1118 2950 1229 3034 Daga,
1242 2953 1354 3016 minor
1365 2954 1503 3034 quidem
1515 2951 1655 3023 ambitu,
1669 2951 1731 3013 sed
1742 2949 1884 3013 erectior

552 3086 641 3149 quae
664 3067 791 3130 illustri
806 3067 982 3142 caenobio,
998 3070 1094 3131 cuius
1110 3071 1274 3151 magister
1296 3070 1455 3132 omnibus
1474 3067 1604 3131 insulae
1628 3066 1708 3130 Dek
1732 3066 1884 3130 ecclesiis

552 3191 707 3265 pastores
729 3183 903 3256 adscribit,
927 3194 962 3247 et
990 3185 1172 3248 multorum
1189 3184 1437 3267 Imperatorum
1455 3184 1660 3248 mausolaeis
1676 3183 1881 3245 nobilitatur.

553 3297 633 3361 Huc
655 3308 753 3380 pater
776 3297 939 3370 Didacus,
962 3299 1017 3362 cui
1041 3301 1213 3384 regiorum
1238 3309 1425 3364 castrorum
1449 3300 1580 3364 curatio
1595 3301 1789 3371 commissa,
1808 3317 1882 3360 cum

553 3414 775 3496 Imperatoris
798 3416 964 3488 ministre,
989 3417 1130 3499 egregio
1154 3416 1336 3489 catholico,
1355 3436 1471 3480 earum
1496 3417 1682 3480 insularum
1699 3411 1882 3497 praefecto,

552 3541 586 3592 et
610 3540 756 3612 quatuor
779 3532 956 3594 monachis
979 3533 1022 3594 ad
1038 3534 1211 3616 eroganda
1227 3533 1390 3596 coelestia
1410 3534 1575 3614 mysteria
1588 3531 1784 3595 sacerdotio
1807 3531 1881 3592 insi·

553 3647 659 3729 gnitis
680 3668 718 3709 sa
741 3646 893 3710 immisit.
921 3647 1130 3711 Praevidens
1152 3649 1298 3711 daemon
1321 3659 1485 3729 quantam
1508 3649 1564 3711 siti
1587 3650 1753 3710 iacturam
1779 3644 1881 3727 patris

553 3764 678 3826 adeas
701 3764 830 3827 insulas
852 3784 1011 3827 accessus
1034 3774 1275 3848 apportaturus
1305 3776 1404 3837 esset,
1429 3762 1565 3828 foedam
1589 3765 1624 3827 in
1647 3764 1736 3826 mari
1758 3772 1881 3843 tempe

553 3889 677 3942 statem
700 3881 898 3952 concitavit,
922 3899 989 3960 qua
1005 3881 1173 3944 nexilese
1196 3900 1328 3963 papyro
1344 3882 1499 3963 cymbae,
1524 3899 1666 3962 quarum
1683 3880 1734 3942 ibi
1754 3888 1880 3941 tautum

553 4005 604 4057 est
627 4014 717 4066 usus,
734 3996 819 4058 adeo
841 4005 920 4059 sunt
936 3995 1161 4068 conflictatae,
1177 4007 1214 4059 ut
1228 3997 1285 4059 vel
1303 3994 1508 4067 fatiscerent,
1529 3996 1586 4059 vel
1605 3994 1878 4061 dissolverentur,

554 4112 619 4174 nisi
641 4110 737 4174 Deus
760 4112 839 4174 illas
862 4125 1031 4175 servasset
1056 4123 1090 4177 et
1113 4122 1270 4176 vectores
1298 4113 1333 4174 in
1356 4132 1451 4175 oram
1485 4113 1675 4175 incolumes
1706 4110 1878 4175 intulisset,

552 4229 710 4309 quamvis
725 4247 845 4291 omnes
856 4248 893 4291 se
906 4227 974 4292 iam
987 4228 1209 4293 conclamatis
1232 4229 1494 4292 adnumerarent
1506 4238 1540 4291 et
1552 4246 1615 4310 per
1625 4237 1736 4290 totam
1751 4236 1878 4288 noctem

553 4345 654 4408 citius
676 4365 713 4407 se
737 4346 771 4408 in
803 4346 988 4409 coelestem
1010 4364 1113 4427 quam
1145 4345 1180 4407 in
1207 4346 1356 4427 aliquem
1388 4364 1503 4408 earum
1534 4346 1722 4408 insularum
1750 4350 1877 4424 portum

553 4461 756 4543 appulsuros
780 4460 978 4523 iudicarent.

242 4584 320 4632 Haec
337 4581 431 4632 insula
453 4581 527 4631 mul·
642 4579 672 4638 ὁ.
696 4576 766 4640 Eas
781 4577 867 4639 adeo
884 4578 1030 4640 silvosas
1046 4586 1079 4640 et
1096 4577 1242 4640 incultas
1265 4578 1478 4649 invenerunt,
1494 4596 1596 4659 quam
1613 4577 1738 4639 coniici
1753 4580 1878 4657 poterat

206 4654 525 4778 ffiffiuffoedwmm
554 4692 597 4754 de
631 4694 684 4765 iis,
707 4713 792 4774 quas
817 4693 930 4755 nullus
960 4713 1110 4774 unquam
1134 4694 1315 4757 Romanae
1337 4691 1417 4756 fidei
1442 4692 1604 4776 magister
1627 4693 1801 4775 attigerat,
1823 4689 1876 4753 sed

553 4818 625 4872 tuta
652 4818 747 4871 erant
775 4809 1019 4872 monachorum
1042 4829 1118 4872 eam
1141 4809 1378 4893 defugentium
1402 4811 1502 4891 asyla
1516 4820 1550 4872 et
1570 4807 1604 4870 in
1621 4827 1784 4890 praesens
1798 4807 1876 4869 ultra

553 4944 748 5008 sexagenos
766 4926 890 4988 horum
906 4927 1068 5009 anguium
1085 4928 1329 4990 cucullatorum
1346 4925 1416 5009 (qui
1431 4945 1514 5008 prae
1529 4926 1674 4988 caeteris
1690 4933 1770 4987 sunt
1784 4942 1875 4986 vene·

553 5042 636 5125 nati)
652 5043 686 5104 in
702 5043 755 5104 his
771 5045 939 5123 specubus
963 5044 1125 5106 latebant.
1149 5041 1449 5106 Circumcisionem
1466 5042 1651 5105 universim
1668 5041 1736 5103 viri
1759 5061 1799 5104 ac
1813 5036 1876 5101 foe·

554 5159 666 5224 minae
682 5161 900 5242 usurpabant,
921 5160 1065 5224 sabbato
1089 5157 1312 5245 feriabantur:
1336 5158 1468 5222 nullum
1491 5158 1582 5242 apud
1617 5176 1678 5223 eos
1712 5156 1875 5224 ieiunium,
