4124 6182
692 2145 880 2222 CAPUT
906 2147 996 2222 VII.

401 2438 663 2515 Monastic'ae
689 2439 803 2515 vitae
831 2440 875 2515 in
902 2440 1127 2536 Aethiopia
1154 2440 1284 2536 origo.

268 2807 297 2851 1.
324 2786 532 2859 Frumentio,
556 2789 601 2851 ad
624 2789 677 2851 sui
700 2788 814 2852 cordis
836 2799 998 2852 tesseram
1022 2799 1056 2852 et
1079 2808 1215 2851 suorum
1239 2807 1369 2851 morum
1393 2789 1513 2850 simili·
1576 2794 1731 2875 Monaeses
1765 2806 1860 2874 secum

170 2904 329 2966 tudinem
354 2902 520 2976 instituto,
541 2904 707 2967 credibile
729 2913 782 2967 est
805 2905 921 2967 divum
938 2903 1166 2967 Athanasium
1189 2904 1293 2966 alium
1315 2903 1512 2965 comitatum
1540 2863 1861 2999 {Jorfflgpffffieffi

172 3039 243 3081 non
267 3019 454 3091 addidisse,
477 3038 580 3101 quam
603 3019 712 3093 illum,
735 3039 837 3101 quem
853 3019 927 3102 ipse
942 3021 1017 3091 sibi,
1034 3039 1124 3083 anno
1140 3018 1266 3082 Christi
1284 3039 1347 3098 340
1363 3018 1512 3080 Romam
1540 3021 1564 3057 ⁸·
1585 3006 1774 3056 promendus.

171 3135 330 3198 aditurus
353 3136 397 3197 ad
421 3136 631 3199 reddendam
654 3135 737 3198 divo
760 3135 849 3199 lulio
872 3138 1105 3219 impositarum
1128 3138 1194 3199 sibi
1219 3138 1263 3199 ab
1286 3134 1428 3200 Arianis
1458 3153 1514 3197 ca·

172 3251 385 3313 lumniarum
401 3253 579 3325 rationem,
596 3252 737 3334 delegit,
753 3253 972 3334 probatorum
989 3272 1110 3334 nempe
1128 3253 1369 3315 monachorum
1390 3250 1514 3314 Isidori

171 3377 206 3431 et
234 3366 415 3429 Ammonii
438 3369 564 3450 quiex
590 3369 748 3431 omnibus
764 3370 858 3432 urbis
873 3368 967 3431 illius
990 3366 1155 3431 aedificiis
1178 3369 1254 3431 sola
1280 3368 1512 3449 apostolorum

171 3480 271 3544 Petri
294 3492 329 3545 et
352 3481 451 3545 Pauli
482 3484 674 3547 conditoria
703 3486 768 3547 sibi
800 3483 979 3547 invisenda
1008 3494 1267 3566 proposuerunt,
1290 3493 1325 3546 et
1348 3484 1441 3546 illius
1463 3485 1513 3544 in·

171 3600 271 3661 colas
294 3607 329 3661 et
352 3600 535 3681 praecipue
558 3600 720 3662 clariores
742 3599 895 3683 virgines
917 3611 953 3663 et
982 3600 1104 3663 viduas
1134 3600 1177 3662 ad
1207 3599 1338 3681 speculi
1362 3608 1514 3662 contem-

171 3724 272 3796 ptum
296 3724 331 3777 et
354 3714 537 3798 religiosae
560 3716 653 3779 vitae
677 3715 875 3796 amplexum
899 3718 1092 3779 excitarunt
1116 3718 1126 3798 l
1149 3716 1169 3799 ).

267 3850 296 3893 2.
322 3828 427 3893 'sales
448 3849 532 3925 ergo
555 3851 671 3894 secum
695 3831 818 3901 socios,
842 3852 863 3895 a
885 3852 947 3895 suo
973 3841 1210 3895 consecratore
1233 3833 1396 3906 delectos,
1420 3840 1455 3894 et
1478 3834 1512 3895 in
1577 3841 1661 3886 Anno
1684 3835 1789 3918 carini
1808 3850 1860 3899 ³⁷²

172 3948 294 4028 magni
318 3946 476 4019 Antonii,
499 3949 608 4011 vitam
623 3958 703 4011 tunc
720 3949 888 4032 degentis,
904 3948 1086 4030 disciplina
1101 3948 1262 4011 educatos
1281 3949 1416 4011 videtur
1431 3947 1515 4010 Fru-
1541 3909 1861 4042 ffifflffiffiffle'

172 4064 325 4126 mentius
349 4064 384 4124 in
407 4061 634 4145 Aethiopiam
658 4065 842 4128 invexisse.
866 4064 972 4127 Anno
995 4066 1084 4127 enim
1113 4066 1352 4128 tercentesimo
1379 4073 1514 4146 septua-

172 4178 311 4262 gesimo
335 4178 497 4251 secunde,
520 4198 589 4260 quo
612 4181 799 4242 maximam
820 4179 955 4244 Christo
971 4178 1116 4262 frugem,
1133 4179 1350 4243 Frumentius
1366 4181 1515 4243 metebat

172 4314 220 4356 ex
232 4293 453 4356 Bethlemico
468 4313 604 4358 recessu
620 4297 664 4358 ad
676 4294 818 4358 Laetam
835 4297 988 4358 scribens
999 4297 1099 4358 divus
1111 4295 1354 4378 Hieronymus,
1371 4315 1515 4377 eamque

173 4412 367 4473 admonens
396 4420 434 4474 ut
464 4411 708 4474 balbutientem
739 4409 882 4475 filiolam
913 4413 1056 4474 Paulam
1087 4413 1176 4475 inter
1206 4412 1414 4494 virginitatis
1440 4412 1515 4476 lilia

174 4527 446 4590 consecrandam
470 4527 553 4590 illuc
576 4528 620 4590 ad
642 4530 809 4591 seniorem
833 4527 977 4591 Paulam
1004 4530 1116 4590 aviam
1148 4529 1269 4601 mittat,
1301 4529 1386 4591 illud
1409 4526 1515 4592 refert

173 4644 264 4707 inter
287 4651 438 4706 caetera:
462 4642 519 4707 De
539 4643 654 4715 Indzb,
678 4644 718 4707 de
739 4643 882 4707 Perside
914 4649 948 4706 et
968 4642 1152 4728 Aethopia
1174 4643 1411 4707 monachorum
1437 4664 1514 4728 quo·

174 4758 258 4822 tzitta
281 4761 416 4821 turmas
437 4757 648 4842 suscipimur.
672 4758 746 4821 Nec
767 4777 851 4821 vero
873 4759 1097 4840 Aethiopiam
1121 4758 1273 4822 Arabiae
1300 4760 1513 4823 adiacentem

175 4871 352 4957 intelligit,
377 4873 437 4936 sed
461 4893 548 4955 quae
571 4892 674 4956 supra
697 4872 898 4957 Aegyptum
922 4875 1127 4948 extenditur,
1151 4875 1195 4936 de
1217 4894 1285 4956 qua
1308 4876 1352 4937 ad
1368 4874 1514 4937 Marcel·

177 4992 264 5053 lam:
290 4988 396 5070 Quid,
420 4987 539 5071 inquit,
564 4986 758 5074 referamus
786 4990 977 5063 Armenios,
1000 4989 1084 5074 quid
1106 4990 1239 5061 Persas,
1271 4990 1357 5075 quid
1379 4990 1514 5063 Indiae,

264 5143 305 5206 (1)
324 5141 359 5193 D.
380 5141 544 5198 Hieron„
563 5142 653 5205 Epist.
674 5148 706 5191 16
724 5145 761 5192 ad
779 5143 956 5205 Prt'nct'pr'am.
