4166 6182
759 600 1022 651 INTRODUCTIO
1515 604 1558 652 IX

226 747 304 822 Goa
331 762 439 822 entre
467 774 490 822 o
519 748 655 823 cabido
684 775 706 822 e
733 774 800 823 seu
827 750 1067 845 governador
1094 775 1117 823 o
1146 749 1256 846 bispo
1275 751 1323 823 de
1343 750 1559 847 Hierapolis

225 881 308 955 dom
334 882 430 975 Joao
459 883 509 955 da
536 882 706 956 Rocha»
733 882 796 980 (Ι),
827 907 983 979 quarum
1013 907 1146 957 causas
1173 899 1211 958 et
1229 883 1368 957 exitum
1399 910 1473 957 non
1502 900 1559 959 est

225 1040 286 1088 cur
312 1015 375 1089 hic
404 1014 625 1112 singillatim
654 1016 827 1090 referam.

301 1163 336 1239 5.
368 1148 441 1222 His
468 1147 580 1222 dictis
606 1149 654 1221 de
682 1149 755 1223 hoc
783 1149 864 1223 viro
885 1174 959 1222 non
980 1150 1077 1223 bene
1097 1164 1196 1224 certe
1216 1151 1264 1223 de
1293 1149 1472 1224 missione
1500 1175 1556 1223 ae-

224 1281 387 1378 thiopica
416 1307 484 1356 nec
513 1282 561 1356 de
588 1282 776 1356 Societate
805 1284 888 1357 Iesu
919 1282 1062 1369 merito,
1089 1284 1137 1356 ad
1157 1283 1409 1358 Patriarcham
1430 1284 1555 1362 redeo.

224 1419 258 1491 Is
285 1441 424 1490 annum
454 1417 532 1489 fere
570 1415 769 1512 integrum,
808 1416 872 1512 qui
909 1416 1133 1490 electionem
1163 1416 1259 1491 inter
1287 1430 1323 1490 et
1361 1415 1559 1511 inaugura-

222 1552 359 1625 tionem
390 1549 428 1622 in
457 1549 677 1646 episcopum
707 1549 928 1636 intercessit,
960 1549 997 1622 in
1026 1576 1071 1623 eo
1100 1549 1228 1646 posuit
1254 1567 1295 1626 ut
1318 1575 1465 1625 summa
1484 1574 1559 1646 qua

222 1700 348 1783 posset
376 1682 574 1779 diligentia
601 1707 646 1756 ea
674 1682 746 1757 sibi
778 1683 947 1758 subsidia
975 1698 1221 1779 compararet,
1262 1709 1359 1780 quae
1396 1684 1444 1757 ad
1473 1708 1558 1758 con·

221 1817 431 1893 versionem
461 1816 785 1891 schismaticorum
815 1817 1004 1892 efficacius
1032 1818 1330 1914 promovendam
1359 1831 1397 1891 et
1424 1818 1472 1890 ad
1493 1819 1559 1890 Pa-

221 1952 402 2026 triarchae
431 1950 654 2047 dignitatem
684 1950 721 2023 in
751 1949 871 2025 oculis
898 1950 1129 2046 Aethiopum
1167 1951 1380 2048 augendam
1420 1950 1558 2023 condu-

220 2100 357 2160 cerent.
387 2085 552 2180 Ideoque
580 2084 790 2179 supplicem
819 2083 984 2157 libellum
1020 2084 1068 2157 ad
1106 2110 1302 2157 romanum
1340 2083 1556 2180 pontificem

221 2219 414 2293 Urbanum
444 2218 530 2291 VIII
559 2217 669 2303 misit,
700 2243 788 2313 quo,
818 2232 966 2313 praeter
993 2218 1189 2292 facultates
1227 2217 1479 2314 amplissimas
1508 2219 1557 2291 ob

220 2351 491 2447 impedimenta
519 2351 567 2425 ad
596 2375 789 2424 romanam
824 2350 965 2424 curiam
999 2351 1224 2437 recurrendi,
1254 2351 1366 2426 etiam
1401 2350 1555 2447 pallium

221 2500 257 2560 et
284 2484 515 2583 pontificalia
543 2484 764 2558 indumenta
791 2500 828 2559 et
856 2472 1021 2581 insignia
1050 2485 1253 2580 flagitabat,
1283 2500 1323 2558 ut
1347 2500 1493 2559 constat
1510 2509 1556 2558 ex

221 2618 299 2694 eius
335 2618 496 2714 epistola
532 2618 767 2715 autographa
800 2617 1031 2715 Ulyssipone
1059 2618 1148 2691 data
1182 2617 1215 2690 1⁸¹
1246 2617 1333 2691 maii
1368 2621 1464 2690 1622
1491 2617 1504 2711 (
1530 2622 1554 2715 l.

221 2753 377 2826 Pallium
407 2751 559 2848 quidem
588 2766 624 2825 et
652 2752 849 2825 facultates
877 2750 1047 2837 obtinuit,
1079 2750 1297 2846 praesertim
1335 2750 1461 2824 valido
1494 2775 1556 2847 pa-

220 2886 379 2961 trocinio
409 2910 497 2959 usus
526 2885 643 2981 patris
670 2884 786 2958 Nunii
816 2885 1083 2959 Mascarenhas
1113 2885 1259 2958 Romae
1287 2885 1470 2980 degentis,
1496 2883 1556 2957 cui

220 3019 299 3115 ipse
328 3019 366 3093 in
395 3018 556 3115 epistola
585 3023 607 3091 8
637 3019 853 3093 novembris
887 3023 985 3110 1624
1014 3019 1156 3116 gratias
1194 3017 1273 3115 agit
1309 3017 1488 3114 additque
1516 3043 1556 3092 se

219 3169 499 3250 procuratorem
529 3152 743 3227 nominasse
780 3154 828 3227 ad
866 3153 1021 3249 pallium
1060 3179 1081 3226 e
1119 3178 1231 3226 manu
1270 3151 1462 3226 Pontificis
1498 3151 1555 3226 sui

219 3289 301 3362 loco
340 3286 604 3384 accipiendum
627 3287 699 3384 (3);
738 3311 867 3360 verum
905 3287 1031 3383 quoad
1069 3286 1300 3383 pontificalia
1336 3299 1557 3359 ornamenta

218 3446 292 3494 non
322 3419 471 3494 videtur
498 3444 544 3493 ea
571 3419 653 3516 ipse
681 3445 703 3493 a
731 3420 912 3494 Pontifice
941 3420 1154 3516 accepisse;
1181 3421 1230 3493 de
1258 3419 1318 3495 his
1340 3419 1440 3493 enim
1470 3442 1555 3492 eum

219 3568 392 3651 agentem
421 3552 584 3649 legimus
612 3554 714 3650 apud
734 3553 949 3628 Lusitaniae
979 3556 1138 3651 Regem,
1168 3579 1253 3628 cum
1274 3553 1332 3628 bis
1351 3578 1396 3627 ac
1414 3567 1471 3626 ter
1489 3576 1557 3648 per

218 3701 499 3782 procuratorem
528 3686 745 3782 provinciae
774 3701 918 3782 patrem
952 3688 1159 3761 Antonium
1198 3687 1338 3786 Colaco
1376 3687 1556 3760 instanter

218 3819 325 3915 petiit
353 3832 394 3891 ut
420 3817 493 3893 sibi
521 3818 759 3905 bibliotheca,
789 3845 885 3915 quae
917 3819 1008 3894 olim
1046 3821 1094 3893 ad
1132 3835 1277 3917 patrem
1314 3820 1554 3894 Franciscum

218 3952 356 4026 Suarez
384 3951 624 4048 pertinuerat,
656 3951 879 4026 tribueretur
906 3967 942 4026 et
979 3953 1140 4050 pecunia
1177 3954 1328 4029 daretur
1364 3954 1412 4027 ad
1450 3978 1557 4027 orna·

219 4101 343 4160 menta
371 4085 604 4182 pontificalia
631 4084 702 4160 sibi
731 4088 987 4182 comparanda
1006 4087 1069 4185 (4).
1099 4087 1197 4179 Quia
1225 4103 1362 4174 tamen,
1401 4090 1555 4161 absente

219 4220 334 4315 Rege,
365 4218 428 4316 qui
458 4232 546 4292 tunc
574 4218 754 4315 temporis
783 4219 924 4294 Matriti
957 4221 1129 4317 degebat,
1161 4246 1245 4295 cum
1279 4221 1474 4296 Lusitania
1502 4220 1555 4293 hi-

219 4353 394 4448 spanicae
423 4353 556 4426 ditioni
585 4366 683 4427 esset
711 4352 890 4439 subiecta,
917 4356 1187 4451 gubernatores
1207 4354 1396 4428 Indiarum
1417 4353 1556 4450 aliique

220 4486 375 4562 minIStri
404 4484 518 4561 tricas
546 4489 756 4572 nectebant,
785 4487 867 4583 ipse
896 4485 1111 4561 Patriarcha
1139 4487 1187 4560 ad
1222 4489 1367 4583 Regem
1406 4486 1555 4582 scripsit

294 4700 340 4777 (Ι)
363 4697 436 4768 ASI‚
461 4696 565 4755 Goana
584 4696 676 4767 Hor,
702 4694 888 4772 1627-1659,
910 4700 970 4757 doe
973 4740 1098 4756 .....

294 4796 339 4872 (2)
361 4794 435 4865 ASI,
458 4795 496 4852 R.
512 4806 547 4869 p.
569 4794 700 4864 Mendes,
722 4795 814 4862 neth„
836 4796 906 4853 doc.
928 4793 966 4852 II.
1447 4876 1451 4886 ι

293 4892 339 4972 (3)
361 4914 379 4947 a<
394 4891 524 4967 Cbegou
544 4892 678 4949 tambem
699 4912 718 4951 0
739 4893 831 4951 breve
852 4911 911 4967 que
934 4892 968 4949 V.
992 4892 1025 4951 P.
1049 4891 1239 4967 negocioue
1268 4910 1317 4949 me
1346 4893 1481 4950 mandou
1512 4893 1552 4950 do

215 4992 423 5068 supplimento
444 4991 487 5047 do
509 4987 616 5058 Pallio,
639 5009 655 5047 e
677 5008 734 5066 vay
755 4995 941 5067 procuracao
969 5009 1010 5047 na
1037 4989 1283 5048 comformidade
1309 5008 1368 5064 que
1389 4988 1426 5046 V.
1449 4988 1481 5047 P.
1504 5007 1554 5046 me

215 5091 301 5148 aviza
315 5112 342 5143 ».
366 5086 440 5156 ASI,
464 5087 501 5144 R.
519 5098 552 5160 p.
574 5086 704 5157 Mandra,
726 5088 817 5155 Aetli,
839 5090 908 5146 doe.
931 5086 982 5145 IV.

293 5186 339 5265 (4)
362 5183 479 5254 ATTL,
504 5183 606 5242 Collcc.
628 5185 659 5244 S.
690 5184 807 5256 Vicente,
831 5187 881 5244 liv.
903 5185 989 5256 XIX,
1013 5186 1031 5242 I.
1054 5184 1089 5241 81
1114 5196 1144 5243 et
1167 5187 1187 5243 I.
1213 5201 1280 5257 130.Ι
