4124 6182
537 564 578 641 96
870 572 1144 624 EXPEDITIONIS
1167 571 1429 623 AETHIOPICAE
1453 570 1534 622 ETC.

224 729 395 790 cornorum
419 738 509 780 curra
626 743 655 803 9.
680 720 785 784 Anno
805 725 899 793 1611,
915 718 1031 804 Cogae
1045 722 1168 784 castris
1183 720 1322 793 relictis,
1338 719 1541 802 Atqhanam
1560 716 1756 801 Gorgorrae
1771 718 1869 783 finiti-

187 799 509 935 {ffiffffi’ffiffig
536 857 637 911 mam,
654 847 688 900 et
703 839 801 900 brevi
817 846 955 919 propter
971 836 1178 901 insalubrem
1201 854 1317 899 aerem
1340 837 1500 900 damnata
1517 835 1602 918 [sr'c],
1626 838 1662 898 in
1678 837 1870 917 proximam

187 941 507 1001 ⁰²¹m⁰¹²¹¹¹¹¹¹³⁰⁸⁹¹⁶¹¹·
536 954 641 1017 maris
663 953 861 1017 Dambaeae
884 952 1100 1035 peninsulam
1123 952 1299 1016 contendit
1325 951 1526 1035 Imperator.
1559 950 1629 1015 Hic
1660 962 1800 1034 propter
1821 955 1871 1015 vi·

535 1069 661 1133 ciniam
685 1089 810 1153 magna
833 1067 897 1132 fuit
920 1068 1144 1132 castrensium
1167 1087 1244 1131 cum
1267 1069 1424 1150 patribus
1442 1069 1664 1142 consuetudo,
1691 1079 1726 1131 et
1756 1068 1872 1132 catho-

535 1187 623 1249 licae
654 1186 809 1248 veritatis
840 1184 1116 1248 disseminandae
1145 1194 1180 1246 et
1210 1184 1449 1267 agnoscendae
1478 1185 1726 1265 opportunitas
1759 1183 1799 1247 In
1831 1205 1871 1248 eo

536 1303 687 1365 maxime
711 1302 916 1375 laboratum,
938 1310 975 1364 ut
998 1303 1113 1382 palam
1136 1298 1241 1372 fieret,
1266 1302 1302 1363 in
1325 1301 1476 1383 ipsorum
1502 1301 1599 1371 libro,
1624 1320 1725 1381 quem
1753 1299 1870 1363 dicunt

535 1416 736 1499 Haymanot
759 1398 898 1490 Abbau,
923 1418 1010 1480 idest
1033 1416 1155 1480 Fidem
1174 1416 1326 1489 Petrum,
1342 1435 1388 1479 ex
1404 1415 1552 1479 diversis
1574 1418 1791 1498 antiquorum
1814 1436 1871 1478 au·

536 1545 667 1597 ctorum
691 1531 892 1616 fragmentis
914 1542 1165 1616 coagmentato,
1186 1533 1271 1596 duas
1286 1533 1378 1595 acies
1393 1542 1534 1604 certare,
1558 1551 1661 1594 unam
1677 1540 1871 1593 sanctorum

536 1658 670 1731 patrum
693 1648 889 1721 Athanasii,
912 1647 1102 1723 Ambrosii,
1117 1648 1275 1719 Thedoti‚
1292 1646 1419 1718 Procli,
1438 1646 1634 1728 Theophili,
1655 1645 1870 1716 Nazianzeni,

536 1763 786 1848 Chrysostomi,
808 1763 932 1847 Cyrilli
955 1774 991 1828 et
1013 1765 1159 1828 aliorum
1183 1783 1246 1846 pro
1269 1764 1402 1828 duabus
1432 1764 1563 1826 naturis
1586 1763 1717 1825 utiliter
1739 1762 1872 1825 bellan·

535 1881 637 1954 tium,
661 1882 806 1943 alteram
828 1878 1083 1963 *episcoporum
1107 1880 1346 1944 Alexandriae
1368 1889 1403 1943 et
1426 1878 1647 1951 Antiochiae,
1663 1877 1822 1942 Dioscori
1837 1889 1871 1941 et

535 1996 740 2079 Eutychetis
763 1996 935 2060 erroribus
947 2006 981 2059 et
995 2007 1165 2060 venenata
1179 1996 1279 2059 unius
1295 2006 1435 2059 naturae
1451 1993 1656 2077 contagione
1670 1994 1870 2066 tabentium,
1899 1993 1918 2040 f·
1936 1991 2002 2053 4⁸2*-
2054 2078 2055 2083 γ

538 2132 600 2176 nec
623 2132 740 2176 veram
762 2110 865 2175 fidem
889 2132 992 2195 posse
1018 2113 1054 2175 in
1085 2113 1206 2175 castris
1235 2113 1323 2176 adeo
1346 2111 1593 2175 dissidentibus
1623 2109 1780 2173 militaro.
1803 2106 1870 2191 Qui

535 2248 649 2292 sermo
672 2230 808 2310 saepius
831 2228 995 2310 repetitus
1018 2228 1201 2291 multorum
1225 2228 1329 2291 corda
1351 2234 1470 2310 guttae
1493 2228 1601 2289 instar
1625 2227 1811 2289 molliebat.

225 2354 282 2403 Res
299 2352 365 2402 Seli
380 2350 509 2402 christos
629 2364 677 2408 ιο.
701 2341 866 2428 Sequenti
888 2331 979 2407 anno
1000 2353 1159 2425 suscepta
1181 2353 1233 2407 est
1256 2344 1301 2407 ab
1323 2342 1534 2425 Imperatore
1557 2341 1592 2405 in
1615 2340 1796 2406 Goiamam
1812 2364 1872 2405 ex·

189 2424 357 2475 Golamae
395 2438 507 2487 prorex,
607 2461 641 2475 ..
693 2461 699 2475 .
748 2461 753 2473 .
1081 2462 1086 2472 .
1247 2458 1260 2479 Α
1353 2460 1360 2474 .
1399 2458 1413 2480 Α
1463 2458 1483 2472 ..
1601 2460 1608 2473 .
1734 2460 1741 2473 .
1799 2459 1806 2473 .

192 2501 269 2547 ,Μ
536 2462 798 2543 ped1t10,1ps1us
813 2460 964 2543 Prorege
979 2469 1165 2523 constrtuto
1181 2457 1264 2522 Sela
1279 2456 1445 2530 Christos,
1462 2459 1583 2523 usdem
1600 2460 1872 2523 immunitatibus

536 2579 662 2640 donato
684 2576 809 2659 quibus
832 2596 908 2639 cam
931 2577 1144 2657 provinciam
1169 2576 1364 2639 moderatus
1386 2572 1498 2638 fuerat
1527 2574 1756 2645 Athanateus,
1780 2576 1872 2656 quod

535 2693 734 2756 tantundem
758 2701 830 2754 erat
853 2711 893 2754 ac
916 2693 1029 2774 ipsum
1052 2692 1146 2755 illius
1168 2691 1426 2773 Imperatorem,
1450 2691 1515 2754 hoc
1539 2701 1671 2754 tantum
1702 2692 1873 2755 vocabulo

536 2816 693 2890 excepto,
717 2808 902 2870 nominare.
926 2806 1016 2870 Eum
1040 2810 1241 2871 consecutus
1264 2805 1374 2871 fuerat
1390 2818 1488 2889 pater
1502 2807 1656 2880 Paezius,
1672 2827 1789 2871 coram
1805 2827 1874 2889 quo

536 2925 580 2987 ad
602 2921 685 2987 Seli
707 2922 860 2987 Christis
887 2924 1073 3006 aliquando
1103 2922 1311 3005 Imperator:
1342 2923 1455 2991 Fides.
1486 2924 1607 3006 inquit,
1638 2943 1741 3005 quam
1771 2923 1874 2987 Pater

535 3040 667 3112 edocet,
691 3039 776 3101 mihi
798 3039 954 3102 veritatis
977 3048 1011 3102 et
1034 3040 1184 3102 medulla
1207 3049 1241 3103 et
1263 3058 1402 3122 gemma
1424 3040 1570 3103 videtur.
1595 3037 1664 3103 Cur
1686 3039 1784 3103 illam
1805 3059 1872 3101 non

535 3155 747 3218 admittimus
769 3165 803 3217 et
826 3173 904 3218 cum
927 3154 1101 3218 Lusitanis
1123 3154 1199 3237 pari
1222 3156 1338 3218 studio
1360 3156 1616 3219 consociamur?
1638 3152 1785 3219 Vultum
1812 3155 1871 3217 ille

536 3273 605 3335 alio
628 3271 808 3346 convertit,
831 3272 929 3353 quasi
945 3271 980 3334 in
997 3272 1339 3335 mahometanismum
1355 3281 1413 3335 aut
1430 3271 1463 3334 in
1481 3273 1608 3335 malam
1624 3291 1761 3334 crucem
1777 3270 1871 3334 abire

536 3387 716 3450 iuberetur.
741 3385 927 3469 Obstupuit
949 3396 1048 3468 pater
1070 3387 1222 3460 Paezius,
1243 3407 1374 3450 memor
1397 3389 1554 3451 eumdem
1579 3388 1736 3451 lusitanis
1756 3385 1871 3470 pueris

535 3503 742 3567 catechesim
765 3504 998 3585 repetentibus
1013 3504 1200 3566 benevolas
1222 3523 1356 3585 semper
1379 3523 1478 3567 aures
1500 3505 1748 3576 commodasse,
1768 3512 1803 3566 et
1818 3522 1870 3565 ro·

535 3640 656 3683 manae
678 3617 756 3683 fidei
773 3638 965 3681 sermonem
980 3628 1141 3701 caperata
1156 3638 1341 3700 numquam
1357 3618 1471 3682 fronte
1486 3620 1655 3684 reiecisse.
1675 3620 1733 3683 illi
1756 3629 1870 3683 tamen

535 3736 679 3799 seorsim
702 3735 792 3798 dixit
814 3734 1023 3818 Imperator:
1048 3732 1087 3796 Si
1109 3734 1249 3816 quidem
1265 3746 1381 3816 patres
1395 3757 1417 3800 a
1432 3738 1576 3800 veritate
1599 3737 1757 3799 diversos
1775 3736 1869 3798 abire

535 3861 646 3934 putas,
669 3852 805 3932 saepius
828 3871 906 3914 cum
929 3851 1014 3932 ipsis
1036 3870 1228 3914 sermonem
1251 3854 1433 3926 conserite,
1456 3862 1493 3916 et
1516 3853 1653 3915 illorum
1669 3870 1803 3915 errores
1818 3871 1870 3913 so·

536 3968 612 4031 lerti
635 3968 791 4050 quaesitu
816 3968 990 4049 indagato,
1014 3975 1062 4042 ut,
1086 3978 1119 4030 te
1142 3968 1374 4049 exploratore,
1397 3969 1571 4049 quomodo
1593 3968 1676 4029 mihi
1693 3986 1770 4030 cum
1788 3965 1870 4047 ipsis

535 4085 580 4147 sit
603 4085 775 4165 agendum
799 4082 975 4159 diffiniam;
999 4081 1097 4146 nefas
1119 4084 1210 4147 enim
1234 4103 1320 4156 esse,
1343 4102 1550 4166 quemquam
1573 4103 1642 4146 non
1664 4083 1752 4146 bene
1776 4082 1869 4165 agni·

223 4208 305 4259 tulus
324 4208 483 4259 conversio.
536 4210 608 4262 tum
637 4199 823 4282 reprobari.
854 4200 992 4263 Patrem
1023 4199 1182 4263 Paezium
1214 4198 1273 4262 ille
1304 4196 1515 4281 frequentius
1545 4199 1741 4280 quaerebat,
1772 4207 1807 4261 et
1833 4206 1870 4260 ut

535 4314 725 4397 perspicaci
748 4326 820 4378 erat
843 4314 991 4398 ingenio,
1016 4325 1241 4378 monstratore
1264 4316 1369 4379 etiam
1384 4312 1486 4378 Bella
1501 4313 1666 4387 Christis,
1680 4314 1806 4377 maturi
1820 4315 1869 4375 iu·

536 4432 617 4495 dicii
641 4440 675 4494 et
698 4441 872 4513 spectatae
894 4432 1032 4513 pietatis
1054 4433 1140 4502 viro,
1165 4428 1268 4494 facile
1292 4431 1327 4493 in
1351 4451 1413 4494 suo
1437 4431 1525 4493 libro
1555 4430 1724 4493 novitium
1752 4430 1868 4492 haere·

535 4548 682 4609 ticorum
705 4545 1006 4609 alexandrinorum
1030 4555 1064 4608 et
1090 4544 1370 4609 antiochenorum
1387 4566 1407 4609 a
1422 4544 1545 4627 priscis
1571 4544 1750 4608 Ecclesiae
1767 4543 1868 4626 patri·

535 4663 601 4724 bus
612 4662 791 4725 dissidium
812 4671 996 4735 assecutus,
1010 4682 1055 4724 ex
1073 4658 1237 4724 falsitatis
1248 4659 1431 4724 defensore
1442 4661 1478 4724 in
1489 4661 1645 4725 veritatis
1665 4660 1867 4742 discipulum

537 4787 693 4841 mutatus.
718 4777 852 4840 Patrem
879 4779 968 4858 apud
992 4796 1029 4839 se
1052 4786 1195 4840 conatus
1218 4786 1270 4840 est
1293 4776 1467 4850 remorari,
1487 4778 1559 4848 sed,
1575 4775 1788 4859 Imperatore
1803 4795 1868 4839 non

536 4903 717 4966 annuente,
740 4893 829 4974 patri
851 4891 1036 4955 Francisco
1059 4891 1216 4956 Antonio
1239 4894 1284 4956 ab
1306 4892 1457 4977 Angelis
1480 4912 1517 4956 se
1540 4912 1618 4955 cum
1637 4894 1710 4956 suis
1732 4892 1869 4956 tradidit

536 5011 767 5081 imbuendum,
791 5017 825 5071 et
849 5009 946 5070 brevi
970 5009 1004 5071 in
1028 5028 1138 5089 aequo
1162 5010 1285 5073 mentis
1308 5029 1390 5073 suae
1413 5009 1575 5072 tribunali
1599 5009 1798 5080 decernens,
1818 5028 1870 5071 sa·

536 5127 617 5188 lutis
639 5128 732 5188 viam
755 5123 965 5207 Aethiopiae
988 5127 1123 5206 penitus
1146 5127 1190 5188 ad
1214 5125 1309 5188 illam
1331 5127 1422 5189 diem
1446 5128 1651 5209 ignoratam,
1667 5126 1870 5206 praeteritae
