4066 6174
577 549 693 598 LIBER
716 549 755 609 11,
787 549 911 599 CAPUT
935 550 1064 602 XXXII.
1424 560 1486 620 373

149 710 251 773 queam
278 690 385 776 Regis
406 691 618 767 Lusitaniae,
640 694 774 758 domeni
792 695 866 767 mei,
885 702 1066 780 personam
1089 697 1216 783 deliga·
1238 719 1297 763 nea
1315 699 1430 763 manus
1444 702 1492 764 ad

149 804 256 870 turus
281 808 428 892 imperti,
451 830 551 894 qnam
574 808 620 875 ad
642 810 954 897 regniLusitanici
972 814 1138 877 commocio
1149 817 1365 898 procuranda
1387 837 1487 880 exar-

149 924 269 996 desca;
293 928 392 1010 atque
416 925 466 989 ita
483 930 630 1010 paratius
661 947 746 1002 nrm,
784 932 825 990 ut
853 927 889 990 V.
916 926 1098 993 Maiestati
1121 949 1276 993 annuam
1299 930 1336 993 iu
1358 933 1487 996 cuncus

150 1061 237 1129 qnae
260 1042 309 1105 ad
320 1040 422 1105 husus
437 1042 577 1128 imperii
588 1043 850 1107 incolumitatem
873 1044 1103 1129 spectaverant,
1119 1045 1293 1110 inmunda
1303 1047 1398 1131 fidei
1416 1047 1486 1111 sin·

149 1156 293 1222 ceritati
311 1161 346 1220 et
367 1155 501 1223 diurnae
524 1158 609 1244 legis
632 1158 829 1246 integretati
847 1180 915 1222 nan
942 1165 1164 1245 opponantur.
1192 1162 1291 1244 Quod
1310 1162 1400 1227 enirn
1411 1170 1486 1248 pec·

149 1276 263 1335 catum
288 1277 341 1336 est
361 1277 395 1337 et
416 1294 437 1336 a
459 1273 533 1367 Dea
556 1274 707 1350 vatz'tum,
730 1295 833 1361 regma
855 1273 1059 1339 commodum
1089 1296 1159 1340 esse
1180 1297 1248 1341 nan
1274 1283 1407 1362 potest·
1428 1300 1487 1342 nec

149 1386 242 1450 milei
253 1387 323 1474 fas
344 1394 396 1452 est
415 1390 596 1465 cmuedere,
618 1411 677 1454 nec
707 1390 744 1455 V.
769 1390 951 1455 Maiestati
976 1391 1123 1477 exegere,
1150 1398 1215 1456 aut
1235 1394 1389 1478 car’quam
1411 1414 1486 1458 eon·

149 1503 273 1568 saure.
296 1504 476 1590 Bepartita
498 1510 549 1569 est
562 1505 642 1571 haec
656 1507 807 1593 quaestio
822 1506 983 1591 illiusque
997 1506 1126 1570 meana.
1147 1506 1223 1570 Aut
1243 1508 1305 1593 agi
1317 1514 1430 1593 potest
1446 1510 1487 1574 de

150 1620 206 1684 liis
229 1620 292 1705 qui
302 1620 397 1705 fidei
416 1642 535 1687 nomen
557 1644 657 1686 suum
680 1624 829 1687 madum
864 1621 1034 1700 adtinere,
1057 1628 1098 1687 ut
1118 1623 1291 1691 rusticani
1308 1624 1486 1691 [restaures

149 1740 186 1799 et
207 1736 276 1801 alii
294 1738 493 1802 eaamme'les.
517 1739 565 1802 ln
588 1739 656 1815 teas,
687 1739 805 1824 qartus
830 1738 877 1803 ad
903 1739 1050 1824 affictum
1081 1739 1315 1825 cmnpellendrs
1343 1740 1382 1806 V.
1407 1741 1484 1805 Ma·

152 1850 271 1916 testati
288 1854 341 1917 vis
363 1874 423 1916 nas
444 1854 604 1940 suppetit,
626 1853 897 1920 dissimulatione
916 1855 972 1919 uti
985 1860 1098 1941 potest
1118 1861 1153 1919 et
1167 1855 1366 1941 permittere
1387 1857 1484 1921 utin

147 1972 332 2053 pareutum
354 1989 494 2032 suarum
510 1990 606 2033 caena
620 1969 824 2035 volutentur.
847 1971 893 2035 Si
912 1991 989 2036 aera
1005 1991 1113 2036 sermo
1135 1972 1184 2036 sit
1197 1973 1237 2037 de
1258 1972 1312 2046 iis,
1336 1974 1400 2058 qui
1415 1973 1484 2037 ram

149 2103 184 2147 se
190 2081 284 2166 fidei
295 2083 502 2148 r'uramentis
516 2090 551 2149 et
565 2086 859 2172 imprecationibus
873 2087 1095 2163 mbreeerunt,
1118 2087 1163 2151 iis
1177 2086 1355 2176 indulgere
1368 2089 1487 2173 aequit

150 2204 193 2262 at
207 2200 256 2263 aa'
261 2205 448 2285 parentum
464 2221 602 2265 suorum
617 2222 748 2267 errores
760 2208 987 2278 revertantur,
1003 2223 1062 2267 nec
1076 2223 1133 2290 ego
1148 2204 1222 2269 sine
1232 2205 1339 2292 grani
1348 2205 1485 2290 piaculo

149 2334 347 2379 amuensam
369 2318 585 2383 caramaa'are.
608 2317 707 2382 Addo
730 2318 781 2403 (si
795 2319 989 2405 peregrinis
1012 2319 1092 2383 licet
1109 2319 1351 2405 gubernationi
1372 2341 1408 2384 se
1431 2320 1483 2384 in·

147 2451 265 2517 gerere
276 2437 311 2495 et
322 2431 361 2495 in
373 2433 483 2498 ateana
497 2433 566 2497 sola
581 2434 759 2499 cann'linm
771 2434 947 2520 praebere)
962 2434 1065 2499 talem
1074 2434 1282 2521 facultatem
1297 2441 1483 2500 extremam

144 2547 332 2631 pernr'cr'em
363 2549 401 2612 V.
426 2549 624 2613 Maiestatis
646 2549 789 2635 imperia
811 2551 1001 2614 allaturam
1024 2556 1058 2614 et
1078 2548 1302 2617 dissensiones
1334 2572 1373 2615 aa
1397 2551 1484 2616 bella

148 2661 481 2748 amttaparituram.
501 2666 533 2728 T
528 2686 552 2728 u
564 2664 751 2740 Romanus,
762 2686 820 2753 ego
838 2666 1106 2730 Alexandrinus.
1121 2667 1483 2753 Queaastconseqruns

148 2777 382 2867 nrir'glaa'eum
393 2782 538 2858 educere,
550 2788 732 2867 percutere,
746 2781 944 2847 trucidare?
957 2782 1005 2846 Et
1018 2781 1106 2867 quad
1114 2783 1265 2847 onustus
1275 2788 1327 2848 ast
1339 2784 1481 2860 emilens,

147 2893 230 2959 alais
252 2894 420 2971 Abunom,
435 2897 518 2962 aleis
532 2898 773 2963 Patrrarcham
791 2905 931 2984 praesse
944 2903 978 2963 et
999 2897 1080 2962 duos
1102 2899 1211 2985 Reges
1233 2920 1271 2963 aa
1295 2900 1361 2963 duo
1376 2920 1481 2987 regna

148 3010 374 3077 emeruerit»

236 3132 267 3191 ό.
293 3127 418 3192 Audiit
432 3129 517 3192 haec
533 3129 723 3211 Imperator
739 3131 874 3194 nubilus
889 3140 924 3194 et
939 3130 1126 3194 vultuosus.
1148 3131 1270 3194 Paucis
1285 3132 1478 3214 respondit:
1534 3139 1665 3189 uxerem
1678 3141 1829 3204 tmperno-

146 3242 213 3325 Qui
237 3254 350 3327 potest
373 3245 438 3309 hoc
461 3244 555 3308 fieri?
578 3244 662 3309 Rex
684 3255 816 3310 tantum
838 3266 914 3310 sum
938 3247 1092 3309 nomine:
1117 3267 1228 3311 meum
1244 3265 1387 3331 regnum
1410 3247 1478 3310 iam
1507 3209 1547 3258 ¹¹⁸
1564 3212 1601 3263 ’ά
1619 3222 1712 3274 ''m‘'
1732 3214 1826 3263 ΝΜ

146 3361 294 3424 evanuit.
320 3360 417 3425 Illius
441 3371 533 3425 meta
555 3372 607 3425 est
625 3367 703 3446 past
728 3361 800 3427 tria
815 3361 984 3427 milliaria
999 3361 1162 3427 Granhae
1179 3367 1308 3447 partru.
1333 3363 1416 3426 Mox
1436 3363 1480 3426 ad

145 3475 337 3557 aliquorum
361 3476 610 3550 Lusitanorum,
634 3478 692 3559 qui
715 3499 752 3541 se
776 3480 811 3541 in
831 3481 964 3560 proelio
986 3479 1140 3542 comitati
1157 3498 1223 3542 non
1240 3476 1383 3552 fuerant,
1399 3500 1479 3561 que·
1557 3510 1559 3514 ·

145 3591 235 3654 selas
259 3588 410 3655 deflexit.
435 3592 577 3656 Illorum
601 3604 716 3674 partes
738 3593 929 3676 suscipiens
951 3614 983 3676 p.
1007 3593 1193 3667 Antonius,
1218 3595 1308 3658 dixit
1330 3615 1398 3667 eos,
1422 3596 1480 3677 qui

144 3706 239 3769 domi
262 3718 465 3776 manserant.
489 3728 556 3771 non
581 3709 691 3771 solum
716 3729 809 3772 arma
833 3729 900 3773 non
924 3710 1060 3782 habere,
1083 3711 1207 3791 quibus
1230 3709 1264 3772 in
1288 3710 1381 3773 bello
1408 3730 1480 3773 mu·

145 3822 291 3894 niantur,
315 3824 376 3886 sed
400 3843 510 3906 neque
524 3824 628 3906 panni
645 3835 835 3895 centonem,
858 3845 926 3907 quo
944 3826 1095 3888 membra
1110 3836 1278 3909 tegantur.
1294 3823 1353 3889 Sic
1366 3837 1481 3908 patres

145 3939 189 4001 ab
212 3939 293 4002 aula
315 3936 570 4012 *discesserunt
595 3942 728 4004 cunctis
751 3942 819 4002 iam
843 3941 921 4004 aliis
944 3942 1054 4004 oculis
1077 3941 1170 4023 ipsos
1194 3943 1422 4014 obtuentibus,
1446 3953 1481 4004 et

144 4057 243 4137 quasi
267 4055 410 4118 caudam
434 4055 618 4129 traherent,
634 4056 853 4119 irridentibus
869 4076 995 4140 eosque
1018 4077 1039 4119 a
1062 4065 1159 4141 tergo
1178 4057 1339 4120 dexterae
1361 4058 1481 4140 digitis

145 4170 179 4233 in
213 4170 365 4253 speciem
399 4173 500 4235 rostri
530 4173 682 4235 ciconiae
713 4169 943 4243 conformatis,
975 4174 1196 4253 pinsentibus.
1228 4172 1312 4236 Post
1342 4174 1480 4237 illorum

144 4305 320 4370 egressum
343 4284 502 4370 Ichegue,
526 4307 586 4349 seu
609 4289 780 4371 generalis
803 4287 1046 4350 monachorum
1070 4290 1206 4351 abbatis
1232 4288 1358 4351 Teclae
1382 4288 1480 4372 Hay·

144 4412 261 4465 manet
286 4402 329 4464 ad
352 4400 597 4484 Imperatorem
621 4404 667 4465 ob
698 4402 871 4482 antiquam
902 4401 1003 4465 fidem
1032 4404 1221 4467 restitutam
1254 4401 1375 4468 faustis
1405 4425 1479 4487 pre-

143 4518 337 4581 cationibus
360 4519 567 4583 onerandum
584 4530 636 4582 est
652 4520 835 4602 ingressus.
860 4517 932 4581 Vix
948 4520 1087 4581 domum
1111 4539 1149 4582 se
1163 4519 1383 4603 collegerant,
1401 4541 1478 4584 cum

142 4634 279 4716 pulsata
310 4644 387 4697 sunt
421 4645 588 4717 tympana
621 4634 815 4715 imperialia
849 4636 893 4696 ad
923 4635 1141 4716 praeconium
1173 4635 1328 4715 sequenti
1359 4648 1478 4700 tenore

143 4748 345 4812 iaciendum.

233 4882 264 4944 7.
288 4863 349 4927 Ad
372 4876 547 4946 septorum
571 4863 663 4928 fores
679 4866 884 4928 descendere
901 4876 934 4928 et
951 4865 984 4927 in
1001 4866 1042 4928 iis
1059 4867 1244 4929 consedere
1260 4865 1476 4961 Zamarianus
1503 4951 1516 4998 f
1540 4880 1624 4943 impu
1643 4881 1823 4943 praeconii

1515 4966 1605 5001 Ormi·

2022 5058 2023 5089 l

2022 5094 2023 5131 l

140 4983 257 5064 regius
281 4999 496 5053 aeconomus,
517 4981 652 5053 Daniel,
681 4980 802 5062 Asqud
826 4992 859 5044 et
887 4982 985 5044 multi
1012 5001 1058 5044 ex
1082 4983 1301 5064 magnatibus
1323 4993 1358 5046 et
1380 5004 1476 5047 sena·

139 5097 288 5170 toribus;
309 5106 343 5158 et
358 5094 466 5179 Lique
482 5098 551 5179 (qui
567 5117 653 5160 unus
668 5106 719 5159 est
735 5117 781 5158 ex
797 5116 936 5160 numero
953 5097 1102 5160 iudicum
1119 5099 1275 5183 supremi
1289 5099 1477 5180 tribunalis)
