4058 6178
239 2697 263 2742 Α
294 2693 415 2745 fulmine
447 2695 521 2745 idem

202 2773 281 2827 pater
292 2764 389 2814 divina
398 2780 452 2829 ope
464 2781 522 2816 ner-

203 2846 293 2885 vatur.

233 4891 317 4954 Quis
339 4894 518 4955 Imperatoria

197 4971 225 5010 et
250 4974 424 5013 caeterorum
453 4979 517 5013 aen·

197 5046 246 5082 nus
265 5033 351 5083 tuerit
363 5035 397 5083 de
410 5035 461 5084 hac
474 5036 517 5085 lu·

197 5103 342 5157 statione.

556 562 617 621 208
887 569 1162 621 EXPEDITIONIS
1185 569 1446 621 AETHIOPICAE
1469 571 1550 621 E'l'C.

553 726 730 801 acceptum
753 717 933 783 referebat.
950 718 989 781 In
1007 719 1125 781 eadem
1142 718 1246 781 domo
1262 719 1404 790 culmea,
1421 726 1458 781 ut
1474 728 1552 781 sunt
1567 720 1750 801 pleraeque
1765 720 1800 782 in
1812 719 1878 782 Ae·

552 834 694 917 thiopia,
719 837 820 899 ambo
842 835 1098 918 pernoctabant.
1122 834 1323 897 Portatilem
1340 834 1558 897 Patriarchae
1581 834 1708 897 lectum
1729 846 1762 898 et
1778 836 1879 917 patris

551 952 733 1034 grabatum
757 950 876 1015 bovini
899 950 984 1013 corii
1007 950 1134 1014 institis
1156 951 1280 1013 textile
1307 951 1422 1013 velum
1454 949 1645 1022 dirimebat,
1677 951 1771 1013 aliud
1801 971 1878 1013 vero

553 1088 597 1131 ex
613 1068 675 1130 vili
691 1087 804 1149 panno
819 1066 998 1149 gossipino
1020 1067 1128 1149 patris
1151 1065 1277 1129 mulam
1301 1065 1499 1129 retinaculis
1514 1065 1702 1148 alligatam,
1719 1068 1763 1129 ab
1777 1066 1878 1148 ipsius

552 1185 707 1268 grabato,
731 1183 863 1245 Domus
886 1183 975 1245 enim
999 1181 1212 1263 aethiopicae
1235 1201 1341 1264 aeque
1371 1191 1448 1244 sunt
1478 1181 1610 1244 bubilia
1632 1191 1666 1244 et
1689 1182 1815 1264 aquilia
1848 1184 1877 1243 in

552 1301 675 1383 quibus
698 1300 828 1362 domini
850 1297 976 1381 pariter
999 1309 1033 1361 et
1056 1308 1209 1360 armenta
1231 1297 1455 1360 stabulantur.
1479 1297 1562 1360 Post
1580 1316 1723 1379 parvum
1743 1317 1764 1358 a
1779 1316 1877 1360 caena

551 1416 771 1497 colloquium,
788 1413 987 1477 Patriarcha
1009 1413 1127 1475 divino
1152 1413 1269 1475 labore
1292 1410 1404 1474 fessus
1426 1412 1578 1475 cubitum
1598 1411 1771 1485 discessit;
1787 1423 1878 1494 pater

551 1551 641 1602 vero,
666 1543 703 1595 ut
726 1531 860 1613 longior
883 1540 955 1591 erat
979 1529 1012 1591 in
1028 1529 1187 1611 precibus
1202 1538 1236 1594 et
1252 1530 1412 1592 examine
1439 1529 1679 1598 conscientiae,
1706 1529 1874 1611 paululum

551 1656 712 1718 moratus,
736 1664 869 1709 ceream
900 1646 1078 1708 candelam
1109 1647 1144 1708 in
1167 1645 1303 1727 grabati
1330 1644 1504 1726 crepidine
1527 1646 1679 1726 reposuit
1702 1655 1735 1707 et
1758 1646 1876 1715 nescio,

551 1783 594 1826 an
617 1783 659 1825 eo
682 1763 898 1830 dormitante,
922 1781 965 1825 an
989 1760 1135 1824 orationi
1161 1758 1333 1824 efficacius
1364 1769 1505 1833 attento,
1538 1761 1641 1832 mula,
1673 1770 1709 1823 ut
1739 1762 1876 1832 solebat,

550 1880 673 1960 capitis
696 1880 730 1939 in
753 1879 868 1941 velum
893 1877 1064 1940 obiectum
1088 1876 1238 1939 motibus
1260 1876 1423 1939 hordeum
1448 1877 1621 1958 pascebat,
1642 1878 1794 1959 illudque
1808 1886 1876 1939 tan-

550 2006 621 2058 tum
654 1994 789 2075 impulit
820 2002 857 2056 ut
887 1992 931 2055 ad
961 1992 1140 2055 candelam
1171 1991 1368 2073 provexerit
1407 1993 1590 2074 ignemque
1624 1994 1816 2074 conceperit
1845 2003 1876 2054 et

550 2119 722 2172 momento
746 2110 780 2171 in
804 2119 930 2171 tectum
954 2108 1122 2170 culmeum
1146 2106 1381 2170 transmiserit.
1406 2104 1477 2170 Sed
1500 2127 1576 2170 cum
1602 2109 1747 2188 primum
1771 2108 1876 2170 adhuc

550 2235 639 2289 esset
652 2224 882 2292 conticinium.
898 2222 1077 2286 domestici
1094 2224 1329 2286 adolescentes
1345 2223 1461 2304 ignem
1478 2234 1712 2304 erumpentem
1729 2224 1875 2293 contuiti,

549 2340 710 2404 festinato
733 2341 936 2403 advolarunt
959 2348 993 2401 et
1016 2349 1148 2420 patrem
1172 2358 1211 2401 ac
1235 2338 1469 2401 Patriarcham
1491 2348 1666 2420 totamque
1689 2340 1875 2420 supellecti-

549 2459 616 2520 lem
640 2457 793 2540 periculo
816 2465 1024 2528 exemerunt,
1049 2466 1182 2537 praeter
1205 2455 1344 2527 mulam,
1368 2474 1481 2535 quam,
1506 2455 1540 2516 in
1565 2455 1658 2518 illius
1681 2456 1875 2518 turbationis

549 2592 706 2654 poenam,
729 2573 821 2656 ignis
844 2573 993 2653 undique
1016 2570 1135 2639 cinxit,
1160 2571 1242 2651 quin
1267 2571 1339 2633 lora
1361 2573 1533 2652 potuerint
1556 2571 1729 2633 dissecari.

639 2694 668 2751 8.
693 2687 797 2750 Haud
821 2698 916 2749 satur
937 2687 1028 2748 idem
1041 2695 1139 2766 pater
1163 2686 1317 2748 laborum
1334 2696 1404 2748 tam
1422 2685 1545 2769 longae
1561 2687 1778 2757 visitationis,
1793 2689 1873 2750 alios

549 2807 702 2869 duriores
725 2803 918 2866 anhelabat.
942 2798 1045 2865 Solus
1068 2806 1123 2877 (ne
1146 2800 1222 2882 quis
1246 2802 1340 2863 illius
1364 2801 1418 2864 siti
1443 2821 1506 2883 pro
1530 2802 1606 2865 Deo
1634 2804 1785 2884 patiendi
1808 2802 1872 2864 offi-

549 2921 652 3004 ceret)
675 2921 810 3002 aliquos
832 2918 1030 2981 Dambaeae
1053 2919 1149 2979 vicos
1172 2916 1342 2980 tenuiores
1364 2927 1399 2979 et
1418 2917 1593 2980 doctrinae
1613 2919 1806 2999 egentiores
1828 2920 1872 2980 lu·

549 3048 655 3101 strare
678 3036 797 3107 voluit,
820 3034 917 3097 *cum
942 3034 1008 3096 iam
1032 3033 1155 3115 hyems
1178 3034 1386 3115 appetiisset,
1411 3052 1554 3115 cumque
1574 3035 1608 3096 in
1625 3053 1808 3115 pauperem
1823 3054 1872 3096 ca·
1904 3037 1919 3086 t.
1935 3049 1965 3097 99·
1999 3018 2000 3067 ἶ

548 3173 622 3216 sam
645 3154 833 3223 duceretur,
861 3151 1023 3233 ingruens
1052 3160 1239 3231 tempestas
1269 3152 1384 3233 coegit
1415 3158 1452 3213 ut
1482 3151 1516 3211 in
1548 3150 1616 3212 alia
1646 3151 1870 3232 propinquiori

549 3270 642 3331 illius
665 3268 806 3331 iniurias
829 3277 968 3329 arceret.
994 3264 1066 3327 Vix
1090 3267 1263 3347 ingressus
1286 3276 1369 3337 erat,
1392 3285 1469 3328 cum
1498 3264 1639 3337 fulmen,
1666 3286 1712 3328 ex
1736 3267 1871 3328 obscura

549 3396 581 3447 et
604 3384 808 3446 densissima
831 3383 920 3444 nube
943 3400 1019 3443 cum
1043 3382 1170 3443 tonitru
1193 3381 1394 3462 displosum‚
1422 3382 1457 3443 in
1472 3383 1620 3462 priorem
1638 3381 1870 3443 domunculam

548 3499 735 3571 descendit,
759 3508 793 3560 et
816 3498 923 3559 boves
945 3516 1005 3578 per
1031 3516 1105 3558 eam
1138 3507 1272 3559 noctem
1304 3498 1412 3578 ipsius
1442 3497 1585 3559 comites
1615 3495 1747 3559 futuros
1771 3500 1816 3578 (ut
1840 3506 1870 3557 et

549 3617 640 3677 mula
663 3613 798 3696 saepius
822 3610 942 3695 iuerat)
966 3613 1171 3694 absumpsit;
1196 3611 1272 3674 Deo
1295 3613 1402 3674 semel
1427 3624 1460 3675 et
1483 3613 1603 3675 iterum
1620 3614 1818 3693 providente
1832 3630 1870 3672 ne

547 3742 617 3793 tam
641 3729 855 3810 incorruptus
888 3728 995 3809 ipsius
1021 3746 1140 3790 servus
1162 3736 1195 3790 et
1219 3728 1384 3789 insomnis
1417 3729 1592 3809 operarius
1614 3729 1658 3790 ab
1688 3729 1752 3790 hac
1779 3727 1870 3788 vinea

547 3857 617 3909 tarn
648 3845 839 3927 insignibus
869 3839 1064 3904 infortuniis
1098 3840 1294 3905 auferretur.
1327 3840 1406 3913 Sed,
1439 3863 1516 3905 cum
1544 3843 1695 3925 optimus
1718 3843 1761 3905 sit
1784 3843 1816 3904 in
1837 3861 1869 3903 re

547 3963 668 4042 quavis
692 3961 822 4030 modus,
850 3960 1007 4021 duratum
1039 3958 1124 4020 illud
1157 3958 1330 4021 laboribus
1362 3980 1394 4040 p.
1426 3957 1572 4021 Antonii
1603 3978 1728 4040 corpus
1758 3959 1867 4021 horum

547 4076 721 4138 nimietate
745 4086 778 4137 et
801 4075 870 4136 cibi
893 4071 1084 4136 defectione
1109 4075 1156 4136 ita
1179 4084 1230 4136 est
1254 4076 1468 4147 emaciatum,
1493 4084 1530 4136 ut
1549 4076 1610 4136 vix
1626 4074 1729 4156 pellis
1743 4076 1869 4136 ossibus

546 4192 709 4261 haereret,
723 4209 785 4252 nec
809 4190 953 4272 pedibus
976 4190 1039 4251 niti
1063 4200 1188 4271 posset,
1212 4190 1419 4272 domumque
1442 4201 1604 4272 repetere,
1629 4200 1662 4252 et
1685 4190 1806 4252 baculo
1825 4191 1866 4250 uti

546 4307 648 4389 (quod
673 4324 845 4386 nunquam
869 4306 955 4367 alias
986 4306 1145 4381 vidimus)
1172 4306 1215 4367 sit
1246 4306 1451 4386 compulsus,
1483 4324 1565 4386 prae
1595 4307 1645 4368 sui
1676 4305 1756 4368 odio
1785 4304 1867 4367 haud

546 4441 675 4483 memor
687 4421 780 4482 illius
792 4422 966 4502 praecepti
979 4421 1050 4482 divi
1068 4419 1292 4501 Hieronymi:
1309 4421 1357 4483 In
1367 4425 1531 4505 perpetuo
1549 4420 1676 4484 z‘eeiimh
1691 4420 1867 4483 curandum

545 4541 586 4599 ut
600 4536 723 4599 itineri
743 4536 840 4621 longo
863 4536 950 4599 eures
967 4541 1121 4620 perpetes
1141 4542 1308 4621 serperent,
1332 4558 1374 4600 ne
1403 4538 1441 4599 in
1463 4537 1581 4622 pruna
1608 4539 1780 4602 mansione
1800 4557 1867 4599 cur·

547 4657 664 4723 rentes,
689 4652 726 4714 in
752 4652 871 4714 medaii
892 4672 1100 4715 curreremus.
1129 4652 1322 4715 Monachus
1347 4653 1396 4715 sic
1425 4674 1503 4716 reios
1524 4653 1689 4717 admt‘ttal
1712 4674 1806 4739 equos
1832 4656 1869 4713 ul

544 4766 611 4830 sibi
631 4768 831 4839 meminerit,
855 4774 985 4852 semper
1005 4789 1074 4832 esse
1096 4767 1297 4833 currendum
1314 4770 1368 4849 (ιζ’.

634 4903 663 4961 q.
690 4882 781 4963 Quid
812 4885 854 4946 de
885 4884 1086 4946 Patriarcha
1117 4896 1228 4947 actum
1259 4894 1348 4948 esset
1378 4887 1498 4949 crebro
1530 4885 1722 4967 Imperator
1744 4882 1866 4967 quaeri-

544 5000 649 5071 tabat,
673 5011 706 5061 et
730 5000 773 5060 ad
796 5000 926 5061 aulicos
949 5001 1101 5063 dicebat:
1126 5000 1212 5081 Quis
1227 5010 1389 5072 nostrum,
1406 5001 1461 5064 vel
1477 5003 1581 5064 etiam
1602 5002 1797 5065 Abunarum
1811 5016 1867 5081 per

634 5134 669 5193 (Ι)
689 5133 774 5195 Epist.
796 5139 808 5188 ἶ
830 5131 862 5178 ud
883 5133 999 5185 Laetam.
