4066 6184
560 634 622 721 ²38
895 640 1168 699 sxssmrroms
1190 640 1451 699 Assmoercas
1474 638 1556 697 esc.

213 806 418 857 Melchisedech
446 815 473 854 et
496 806 531 855 ne
558 797 697 863 Psalmo
720 796 868 865 ueniae
891 795 1103 879 affingendo;
1126 796 1207 878 quie
1229 795 1273 859 de
1295 814 1338 858 eo
1361 814 1429 859 non
1452 792 1613 876 loquitur,
1635 793 1698 857 ssd
1720 794 1764 856 ds
1778 791 1883 856 Abra·

213 871 370 926 ssesheme
395 877 529 927 loeumm.
557 913 670 987 hamo.
694 932 757 979 nec
780 913 840 979 ills
862 932 884 979 a
907 911 1042 979 Davide
1070 909 1135 977 fuit
1157 912 1218 977 sed
1241 930 1262 977 a
1284 909 1543 977 Melchisedech
1565 908 1797 974 concinnatus.
1819 907 1882 971 Hic

557 1039 691 1093 tumens
713 1029 964 1112 praedictorum
987 1028 1193 1111 indignitate
1214 1026 1428 1093 Petrisrcha:
1451 1023 1628 1099 Salomon,
1654 1026 1774 1106 inquit,
1800 1043 1883 1087 som·

557 1145 614 1208 nia
636 1147 789 1217 somniis,
813 1146 934 1211 deliria
957 1145 1087 1209 delitiis
1108 1153 1145 1209 et
1167 1144 1355 1227 pugnantia
1378 1141 1611 1227 pssgnsntlbus
1631 1140 1777 1214 attexim
1793 1152 1830 1207 et
1843 1140 1883 1203 sd

558 1260 761 1327 christianos
772 1261 949 1327 audientes
964 1278 1166 1327 conversus:
1184 1258 1283 1325 Duos
1299 1268 1434 1325 vestrae
1449 1256 1530 1322 fidei
1544 1257 1709 1323 articulos
1719 1277 1787 1320 uno
1802 1257 1885 1319 iactu

558 1375 708 1460 perfidus
728 1377 786 1441 hic
808 1386 981 1445 veterator
1003 1372 1198 1449 labefactat,
1222 1376 1366 1441 audere
1392 1376 1514 1440 uolens
1543 1374 1721 1439 Paulinum
1750 1373 1886 1437 iliuma

558 1493 694 1559 Davide
716 1513 784 1561 non
807 1513 882 1561 esse
905 1494 1141 1575 compositum.
1166 1511 1229 1557 nec
1252 1493 1297 1557 ad
1320 1491 1495 1565 Messium,
1518 1491 1593 1559 sive
1614 1488 1788 1555 Christum
1817 1508 1885 1571 per-

558 1610 677 1674 tinere.
701 1608 893 1693 Utrumque
914 1628 997 1676 vero
1018 1607 1125 1673 telum
1149 1606 1356 1675 sustinuimus
1377 1605 1458 1673 fidei
1477 1607 1684 1671 monitiones
1698 1605 1885 1669 demolitur.

558 1724 657 1788 Illius
678 1726 770 1789 anim
793 1732 1007 1791 coementum
1029 1724 1130 1791 divus
1153 1723 1275 1789 Petrus
1298 1725 1333 1787 in
1355 1723 1501 1789 solemni
1524 1723 1580 1787 dic
1603 1722 1825 1787 Pentecomss
1840 1719 1886 1782 Ie·

559 1842 753 1922 rosolymaa
777 1841 820 1903 ad
844 1841 1038 1909 univercum
1063 1838 1265 1905 Iudaeorum
1295 1839 1558 1911 multitudinem,
1581 1859 1603 1901 a
1625 1838 1751 1921 quibus
1777 1837 1886 1900 mun

558 1959 656 2039 argui
680 1966 806 2041 posset,
829 1957 933 2027 dixit,
959 1956 1064 2021 Hunc
1085 1956 1202 2021 lessam
1225 1954 1568 2025 reassumimus,
1589 1953 1687 2018 cucur
1708 1972 1821 2017 omnes
1833 1971 1888 2015 sss

561 2078 659 2136 testes
679 2092 805 2137 mame.
830 2072 987 2137 Dextera
1009 2071 1122 2157 agitur
1143 2070 1216 2137 Dcr'
1235 2070 1407 2136 exaltatus
1437 2075 1471 2135 et
1487 2068 1713 2155 Μάσκα
1737 2067 1888 2153 Spiritu

559 2188 684 2254 Sama·
702 2192 832 2272 accepto
854 2208 876 2250 a
898 2187 1006 2253 Patre
1027 2187 1156 2274 efflui&
1176 2186 1266 2251 sune
1285 2207 1381 2272 quem
1396 2206 1453 2252 sos
1466 2185 1586 2251 mmm
1605 2190 1641 2250 et
1656 2183 1798 2251 omui.
1812 2183 1888 2247 Non

560 2303 649 2369 euros
673 2301 792 2369 Dom'd
811 2303 1020 2369 ascenditur
1042 2303 1178 2379 coslum,
1201 2304 1292 2370 dixit
1314 2313 1429 2369 sutem
1459 2304 1552 2386 ipse:
1586 2301 1698 2367 Ducit
1723 2300 1889 2365 Dominus

561 2420 709 2484 Domino
732 2439 809 2485 meo.
834 2420 909 2485 sade
931 2439 952 2482 o
978 2420 1113 2487 dextro
1134 2419 1217 2485 meis
1238 2420 1293 2505 (ι).
1316 2417 1466 2483 Cernitis
1488 2436 1572 2503 ergo
1595 2419 1772 2483 Psalmum
1797 2418 1885 2481 ilium

560 2556 581 2598 a
604 2537 740 2601 Davide
765 2553 905 2608 nexum,
931 2544 965 2601 et
991 2536 1026 2599 in
1051 2555 1092 2599 eo
1116 2535 1159 2599 de
1180 2533 1319 2601 Christo
1342 2535 1418 2599 sive
1447 2532 1576 2601 Massia
1598 2535 1764 2598 locutum.
1784 2532 1887 2595 Lucu·

561 2654 686 2715 lentius
708 2650 819 2725 adhuc
842 2652 1076 2717 testimonium
1097 2651 1142 2715 ab
1165 2652 1240 2733 ipso
1262 2650 1402 2717 Christo
1424 2651 1596 2732 prolatum
1618 2650 1784 2714 auditote.
1809 2648 1889 2711 Piss-

560 2767 689 2835 risaeos
712 2767 802 2833 idem
825 2767 861 2833 in
884 2767 986 2849 plens
1008 2769 1161 2849 ipsorum
1191 2767 1458 2850 congregatione
1488 2766 1674 2847 aliquando
1707 2766 1889 2845 interroga·

561 2884 625 2947 vit:
658 2882 754 2963 Quid
779 2881 869 2947 oobs's
898 2881 1033 2949 undatur
1061 2882 1101 2947 de
1117 2878 1298 2975 Christo?
1321 2880 1430 2947 coeio
1443 2880 1552 2965 filius
1572 2877 1650 2945 ert?
1680 2879 1816 2945 Diem!
1841 2878 1889 2943 ei:

562 2997 688 3065 Dauid.
712 2997 775 3063 Ait
797 2997 891 3063 silis:
914 2995 1082 3079 Quomodo
1103 3017 1183 3083 ergo
1204 2996 1326 3063 Dam'd
1345 2996 1384 3061 in
1407 2995 1537 3081 spris'tu
1559 3000 1654 3060 oocoi
1671 3016 1749 3063 eum
1779 2992 1890 3059 Domi-

562 3134 645 3181 num
667 3113 799 3179 decens:
821 3113 933 3181 Dixit
954 3113 1127 3178 Dominus
1149 3112 1301 3177 Domino
1318 3132 1399 3187 meo,
1414 3110 1489 3178 rade
1502 3132 1525 3177 o
1539 3111 1673 3177 meme
1686 3110 1783 3182 mcs‘s,
1797 3111 1891 3175 donec

558 3235 685 3315 ponom
707 3229 860 3295 sisime'cos
881 3234 957 3295 neor
978 3228 1154 3295 scabellum
1172 3230 1297 3314 pedum
1320 3225 1487 3297 mss?
1507 3227 1555 3293 Si
1577 3248 1657 3315 ergo
1671 3225 1793 3293 Daunii
1805 3230 1892 3291 oocsi

562 3365 638 3409 eum
662 3344 861 3420 Dominum,
885 3345 1043 3429 qoonodo
1057 3344 1165 3428 filim
1187 3343 1261 3411 oros
1286 3340 1365 3409 est?
1394 3344 1444 3410 Et
1472 3363 1568 3411 nemo
1592 3346 1734 3428 poterat
1763 3348 1891 3428 respos-

562 3460 640 3524 dm
660 3458 795 3527 verbum
817 3480 922 3545 παφα
943 3481 1049 3527 ouon
1061 3457 1145 3547 fuit
1165 3460 1343 3545 quoiquam
1364 3480 1409 3525 ex
1431 3459 1497 3527 illo
1518 3458 1575 3525 die
1592 3479 1669 3525 mm
1684 3457 1833 3544 onzplirss
1844 3457 1892 3522 sis·

564 3580 738 3662 terrogare
752 3575 805 3661 (2(
829 3575 881 3643 Tu
903 3596 1049 3660 quoque.
1073 3574 1248 3650 Salomon.
1272 3596 1349 3645 cunr
1371 3577 1440 3643 tuis
1470 3576 1670 3645 doctoribus
1693 3578 1890 3645 obeuntum

563 3710 625 3755 nac
648 3692 775 3759 audeas
790 3694 823 3757 in
848 3701 1020 3775 posterum
1036 3693 1231 3759 rabbinioas
1246 3691 1413 3775 ‘ineptias
1428 3690 1573 3761 effutire.
1589 3691 1756 3759 Eiusdem
1771 3692 1890 3757 Psalmi
1909 3693 1929 3743 r.
1940 3698 1980 3748 na

564 3806 752 3890 inscriptio.
775 3828 863 3893 quae
885 3816 954 3873 est:
977 3806 1141 3875 Psalmur
1162 3806 1286 3884 Doosii,
1309 3828 1349 3873 os
1370 3809 1435 3877 tibi
1457 3809 1612 3877 obstrusi
1634 3820 1670 3875 st
1701 3806 1890 3875 confundet.

655 3944 685 4003 9.
708 3922 869 3991 Mancum
893 3923 979 3987 illud
1002 3933 1064 3997 est,
1089 3924 1200 4005 inquit
1224 3921 1401 3997 Salomon,
1425 3926 1570 4007 petitum
1593 3946 1614 3990 a
1637 3924 1768 3991 Psalmi
1782 3920 1892 3987 immi·

565 4041 681 4121 ptione
704 4049 949 4122 argumentum.
974 4038 1052 4107 Non
1075 4042 1167 4107 enirn
1191 4059 1311 4107 omnes
1334 4041 1465 4111 Psalmi
1488 4062 1509 4106 a
1533 4040 1669 4107 Davida
1700 4038 1890 4120 conaenptu

565 4155 655 4236 quod
679 4155 826 4236 probant
848 4155 1069 4237 plurimorum
1093 4155 1334 4239 inscriptiones
1355 4159 1414 4239 qui
1429 4159 1464 4223 in
1481 4154 1595 4223 fronte
1609 4157 1823 4223 diversomm
1837 4173 1890 4219 su·

565 4279 708 4343 ctorum,
727 4271 888 4352 aquibus
903 4270 1062 4337 videntur
1077 4271 1172 4345 editi,
1188 4273 1327 4338 nornine
1341 4270 1550 4354 praeierunt.
1565 4271 1640 4337 Pro
1654 4269 1823 4343 ludiim,
1836 4267 1890 4333 Fe:

566 4384 625 4448 liis
642 4383 734 4459 Coro,
749 4384 878 4469 Asopi,
885 4385 1046 4469 filsorum
1069 4384 1230 4461 lonadob.
1253 4387 1429 4462 Ieremiou,
1451 4386 1646 4458 Emistin,
1664 4385 1850 4453 Zackorr'sc
1861 4387 1892 4451 ct

566 4498 708 4585 Aggoei.
724 4500 845 4585 Aliqui
861 4504 963 4569 etiem
980 4503 1138 4569 videntur
1149 4503 1194 4569 ab
1206 4503 1284 4570 aliis
1299 4505 1494 4571 auctoribus
1505 4503 1687 4585 compositi
1699 4512 1735 4571 st
1746 4501 1890 4569 simum

566 4615 713 4681 Davidis
724 4617 886 4698 auspiciis
898 4618 1013 4689 dicati,
1025 4628 1063 4685 ut
1075 4619 1157 4683 illae
1168 4627 1338 4687 testantur
1349 4620 1604 4701 inscriptiones:
1620 4618 1699 4703 Ipsi
1707 4614 1829 4687 Daunii.
1841 4616 1890 4677 vel

567 4729 726 4793 Psalmus
738 4730 807 4814 ipsi
815 4731 939 4794 Doozo'.
952 4732 1006 4794 En
1018 4730 1193 4806 Salomon,
1207 4734 1316 4816 inquit
1328 4734 1537 4807 patriarcha,
1551 4735 1686 4798 tertiam
1699 4732 1777 4797 fidei
1789 4732 1890 4796 basim

568 4845 602 4909 in
618 4846 764 4909 concilio
787 4846 986 4911 Tridentino
1001 4846 1045 4931 (3)
1067 4846 1237 4914 firmatam
1261 4850 1432 4923 amolitur,
1456 4852 1491 4913 in
1513 4870 1583 4933 quo
1606 4852 1696 4915 intas·
1718 4849 1891 4914 cmronicas

567 4959 761 5041 Scripturas
784 4961 987 5025 Psalterium
1012 4964 1218 5027 Davidicnm
1249 4975 1386 5029 centum
1417 4967 1667 5050 quinquaginta
1693 4965 1889 5048 psalmorum

656 5122 695 5185 (ι)
713 5121 779 5176 Act..
800 5133 824 5179 2,
843 5137 868 5172 n.
889 5132 930 5185 34.
949 5150 983 5159 -
1003 5124 1039 5185 (a)
1056 5094 1169 5181 Matris„
1190 5137 1232 5181 22,
1251 5140 1276 5174 n.
1296 5138 1340 5187 4²·
1358 5152 1393 5165 -
1411 5124 1452 5192 (3)
1470 5124 1550 5176 cose.
1570 5125 1645 5179 Tria
1663 5122 1726 5180 sesa
1744 5140 1771 5188 4.
1794 5125 1833 5175 oe
1852 5096 1890 5172 eo

569 5225 629 5259 non.
648 5209 749 5271 Script.
