4124 6182
23 2170 40 2218 l.
58 2182 128 2231 29,r.

638 623 754 671 LIBER
777 623 802 680 1,
826 621 951 671 capua
975 623 1026 673 iv.
1457 628 1493 687 51

150 768 235 829 toris
257 764 432 841 familiae,
455 789 542 850 quae
569 769 770 850 plerumque
801 788 845 830 ex
878 770 1059 850 mancipiis
1090 770 1301 833 diversarum
1333 772 1498 852 gentium,

154 880 279 966 Agais,
303 880 452 967 Gongis,
475 883 707 966 Aethiopibus
729 895 763 947 et
787 884 955 947 Nubianis
982 896 1126 957 constat,
1158 905 1245 967 quos
1272 885 1356 968 ipse,
1379 884 1499 950 fideles

155 1018 261 1081 supra
284 1000 470 1082 indigenas
492 1002 526 1063 in
550 999 697 1082 publicis
721 1002 917 1064 muneribus
939 1014 1113 1083 expertus,
1140 1022 1209 1065 non
1239 1004 1325 1065 citra
1348 1004 1498 1084 ipsorum

156 1115 327 1178 invidiam
351 1117 545 1197 praeponit.

250 1253 281 1310 4.
306 1231 474 1294 Abassini
497 1234 687 1315 generatim
712 1234 853 1296 militari
876 1244 909 1296 et
940 1236 1090 1316 equestri
1121 1235 1233 1317 gloria
1262 1233 1500 1318 praefulgent;
1564 1236 1681 1324 militari
1712 1249 1740 1288 et
1763 1253 1850 1303 “1¹²0-

156 1346 267 1411 firmis
290 1359 325 1411 et
348 1350 483 1432 vegetis
505 1359 585 1412 sunt
607 1351 816 1431 corporibus,
841 1351 1016 1413 laboribus
1039 1351 1153 1413 durati
1176 1360 1210 1413 et
1236 1353 1373 1421 recocti,
1397 1348 1501 1413 famis
1528 1326 1579 1365 εἴη
1608 1309 1699 1372 ‘¹⁰⁸⁸
1721 1309 1850 1374 praetul-

156 1484 197 1526 ac
222 1465 301 1526 sitis
324 1466 414 1527 ultra
436 1462 538 1528 fidem
562 1467 741 1546 patientes.
765 1465 806 1528 In
829 1465 922 1528 bello
949 1466 1159 1539 adolescunt,
1191 1467 1225 1528 in
1257 1467 1350 1529 bello
1381 1486 1500 1530 conse-

157 1590 315 1653 nescunt,
340 1591 377 1644 ut
401 1584 521 1644 merito
551 1602 667 1645 eorum
691 1584 764 1645 vita
794 1584 862 1645 dici
886 1582 995 1664 possit
1018 1580 1150 1645 militia
1172 1587 1276 1667 super
1300 1586 1455 1666 terram(
1479 1583 1500 1665 ).

156 1695 272 1758 Fundi
296 1697 388 1759 enim
412 1697 456 1759 ab
479 1696 689 1779 Imperatore
712 1699 878 1782 assignati
894 1707 1003 1761 totum
1019 1709 1097 1761 sunt
1113 1699 1266 1780 ipsorum
1282 1700 1499 1781 stipendium,

156 1814 249 1895 quod
273 1814 405 1876 tamdiu
429 1825 569 1895 perstat,
593 1816 755 1896 quamdiu
780 1816 846 1896 ipsi
870 1816 964 1878 bello
988 1825 1204 1887 exercentur;
1228 1816 1287 1877 ubi
1310 1816 1499 1896 depontaui

157 1926 253 1999 fiunt,
279 1930 347 2009 ipsi
371 1947 506 2011 quoque
530 1929 573 1992 ad
589 1929 677 1992 alios
692 1950 916 2012 possessores,
932 1940 1107 2013 tamquam
1124 1952 1144 1994 a
1159 1942 1264 2013 ponte
1281 1932 1500 1994 deiiciuntur.

157 2043 262 2107 Unde
285 2043 324 2107 fit
348 2056 385 2108 ut
408 2046 453 2108 ad
468 2045 714 2126 Imperatorem
731 2048 766 2109 in
783 2048 910 2109 bellum
927 2049 1151 2129 prodeuntem
1168 2049 1298 2129 absque
1314 2047 1394 2110 ullis
1410 2067 1501 2110 sum-

155 2162 275 2243 ptibus
300 2163 425 2243 ingens
447 2159 637 2225 exerci*tus
662 2162 891 2246 quadraginta
922 2161 994 2226 fere
1026 2164 1171 2226 millium
1202 2164 1439 2247 conglobetur.
1470 2162 1501 2225 E

154 2278 284 2359 quibus
308 2286 455 2358 quatuor
477 2278 534 2340 vel
557 2279 707 2360 qninque
730 2279 841 2341 millia
864 2278 897 2341 in
922 2281 1074 2361 equitatu
1098 2290 1288 2351 censentur,
1313 2280 1440 2342 caeteri
1465 2281 1499 2341 in

152 2394 327 2475 peditatu.
350 2391 527 2474 Equorum
551 2394 647 2456 mille
669 2404 704 2456 et
733 2395 912 2477 quingenti
936 2396 1038 2457 valde
1069 2404 1149 2457 sunt
1178 2396 1351 2477 generosi3
1383 2394 1502 2476 plures

153 2509 383 2572 cantherinae
408 2509 558 2571 vilitatis.
591 2509 685 2572 Inter
714 2511 846 2592 equites
876 2511 920 2573 ad
943 2513 1178 2593 septingentos
1205 2510 1260 2573 vel
1285 2509 1503 2593 octingentos

155 2625 294 2687 loricati
319 2634 400 2687 sunt
424 2634 458 2687 et
480 2625 628 2707 galeati;
652 2626 774 2708 reliqui
798 2626 924 2689 hastati
948 2637 982 2689 et
998 2626 1161 2709 clypeati.
1181 2624 1304 2708 Clypei
1321 2646 1367 2688 ex
1383 2627 1501 2689 bubali
1566 2629 1850 2680 Munimenuetteu.

155 2741 330 2803 silvestris
353 2742 448 2802 corio
470 2750 650 2814 texuntur;
673 2742 771 2804 hasta
794 2742 924 2823 duplex
940 2753 992 2805 est
1009 2743 1064 2804 vel
1081 2742 1227 2824 triplex:
1253 2762 1342 2805 nunc
1363 2743 1503 2805 brevior

158 2857 192 2917 in
206 2855 352 2919 missilis
363 2858 526 2937 speciem,
537 2877 625 2939 quae
640 2876 777 2940 pugnae
793 2860 962 2940 principio
978 2860 1133 2921 coniecta
1148 2859 1290 2939 clypeos
1306 2859 1502 2939 loricasque

158 2970 349 3055 transfigit;
375 2992 464 3035 nunc
487 2973 624 3056 longior
647 2984 681 3036 et
705 2974 807 3036 latius
834 2976 1023 3056 cuspidata,
1054 2994 1142 3055 quae
1173 2975 1298 3037 dextra
1328 2994 1501 3055 nunquam

159 3089 355 3161 dimittitur,
388 3088 526 3153 sinistra
556 3092 643 3152 scuti
675 3091 904 3153 circumvectu
929 3092 1102 3172 impedita.
1128 3091 1274 3153 Ferreae
1297 3087 1432 3153 fistulae
1456 3090 1501 3152 ad

160 3204 256 3267 mille
280 3215 315 3267 et
337 3205 546 3287 quingentas
569 3218 804 3279 numerantur:
829 3208 889 3270 sed
913 3207 1116 3288 plerumque
1140 3209 1175 3269 in
1199 3207 1339 3288 praeliis
1370 3207 1502 3287 sclope·

158 3321 238 3383 rarii
261 3330 548 3401 quatercentenos
563 3332 623 3385 aut
638 3325 844 3404 quingentos
860 3343 927 3385 nou
943 3324 1129 3397 excedunt;
1157 3324 1182 3385 ii
1198 3342 1279 3384 vero
1295 3323 1382 3385 adeo
1397 3322 1503 3383 rudes

160 3446 240 3498 sunt
263 3437 357 3499 illius
380 3437 474 3505 artis,
498 3447 535 3500 ut
551 3438 595 3499 ad
611 3440 756 3519 primam
772 3436 1042 3522 fulgurationem
1058 3449 1263 3520 torpescant.
1280 3438 1392 3500 Tanta
1410 3438 1503 3499 enim

161 3560 214 3613 est
237 3553 328 3633 apud
352 3572 412 3615 eos
436 3554 612 3634 sulphurei
636 3555 790 3636 pulveris
806 3564 840 3618 et
856 3555 1093 3636 plumbeorum
1110 3555 1328 3638 globulorum
1349 3556 1503 3636 penuria,

161 3677 199 3729 ut
221 3667 283 3730 vix
305 3688 368 3751 per
390 3679 501 3732 totum
525 3690 652 3733 annum
677 3671 784 3733 semel
809 3682 866 3734 aut
890 3672 944 3734 bis
960 3673 995 3734 iu
1011 3691 1154 3754 scopum
1170 3671 1357 3743 colliment‚
1375 3683 1408 3735 et
1424 3691 1503 3735 raro

161 3781 294 3847 fistulas
316 3786 359 3848 ad
384 3786 504 3848 oculos
526 3787 695 3857 attollant,
720 3788 780 3850 sed
804 3789 1001 3852 bicornibus
1025 3787 1130 3872 lignis
1160 3788 1205 3850 ad
1236 3788 1500 3868 displodendum

163 3896 322 3972 fulciant,
353 3901 467 3964 inutili
498 3903 541 3964 ad
565 3903 749 3965 subitarios
773 3900 950 3967 Gallarum
974 3903 1130 3966 incursus
1160 3902 1387 3966 cunctatione.
1417 3899 1503 3966 Gla-

163 4017 297 4079 diorum
321 4016 436 4080 nullus
466 4018 501 4080 in
530 4018 636 4088 bello,
667 4021 727 4082 sed
759 4020 879 4082 creber
910 4021 944 4081 in
974 4038 1070 4101 pace,
1100 4021 1272 4101 argenteis
1302 4019 1435 4099 capulis
1458 4020 1501 4081 ad

162 4133 383 4216 elegantiam,
407 4153 497 4196 usus.
520 4132 674 4217 Egregia
696 4145 775 4197 sunt
797 4135 878 4207 tela,
902 4154 1028 4217 parvae
1049 4155 1095 4197 ex
1110 4136 1303 4217 ponderoso
1322 4135 1419 4218 ligno
1442 4137 1502 4197 vel

163 4247 416 4312 rhinocerontis
438 4268 544 4311 comu
560 4250 690 4321 clavae,
707 4269 792 4331 quas
808 4248 951 4313 Bolotris
973 4252 1099 4323 dicunt,
1113 4260 1147 4313 et
1163 4251 1342 4334 pugiones,
1360 4270 1446 4332 quos
1469 4261 1503 4313 et

164 4364 243 4427 illas
262 4383 352 4427 nunc
376 4365 412 4426 in
435 4364 551 4428 hostes
575 4367 712 4435 iaciunt,
738 4386 838 4438 nunc,
862 4386 939 4428 cum
963 4376 1102 4429 ventum
1127 4377 1178 4429 est
1194 4368 1238 4429 ad
1253 4367 1404 4437 brachia,
1421 4386 1502 4429 con·

163 4477 283 4563 figunt.

1529 1392 1605 1448 gent.

252 4614 281 4675 5.
307 4593 531 4660 Servulorum
555 4607 589 4659 et
620 4595 845 4661 foeminarum
868 4599 912 4660 ad
937 4599 1133 4661 molituram
1157 4599 1405 4679 placentarum,
1428 4598 1501 4660 vini
1533 4681 1539 4693 ι
1566 4600 1762 4685 Mtnletrorum
1793 4616 1853 4656 ma·

161 4724 196 4777 et
217 4715 350 4777 sicerae
374 4709 626 4776 confectionem
650 4723 746 4777 tanto
770 4716 879 4777 maior
894 4724 945 4776 est
964 4734 1066 4796 quam
1087 4713 1235 4776 militum
1251 4715 1362 4795 copia,
1380 4723 1426 4784 ut,
1443 4714 1503 4777 ubi
1530 4682 1852 4801 ssi'flssmmffiffffi

159 4830 193 4893 hi
217 4828 337 4893 decies
362 4827 493 4892 milleni
519 4838 748 4901 numerantur,
764 4830 905 4893 inermis
924 4831 1018 4893 illius
1041 4831 1243 4912 plebeculae
1260 4849 1381 4893 census
1397 4829 1503 4909 triplo

156 4947 201 5013 sit
223 4945 380 5018 auctior;
405 4944 493 5006 adeo
516 4953 554 5007 ut
577 4946 797 5027 quadragena
830 4948 892 5010 illa
922 4947 1034 5009 millia
1064 4949 1107 5010 ad
1140 4958 1282 5009 centena
1306 4946 1427 5007 vicena
1450 4946 1504 5008 his

246 5194 290 5264 (1)
311 5194 370 5252 Iob,
390 5204 416 5254 9,
436 5208 461 5244 n.
483 5203 505 5245 1.
