4066 6184
583 594 644 658 292
915 588 1189 644 expsnmroms
1212 589 1475 647 nermomcnr
1498 592 1577 647 arc.

578 741 734 804 rantibus
767 750 802 805 et
835 760 934 805 sacro
967 743 1096 824 pabulo
1129 743 1379 819 roborantibus,
1414 764 1558 828 quorum
1593 743 1819 829 frequentiam
1851 767 1904 812 sua
2006 740 2007 803 l

578 858 771 940 praesentia
794 857 941 922 exauxit
963 857 1165 942 Imperator,
1188 862 1247 941 qui
1269 880 1334 944 per
1356 881 1415 925 eos
1439 863 1513 926 dies
1535 863 1590 926 bis
1612 864 1668 927 vel
1691 873 1745 927 ter
1771 864 1904 928 coelesti
2006 836 2007 909 }

577 974 679 1056 epulo
703 982 756 1037 est
778 972 936 1038 refectus.
2006 1044 2007 1055 ,

228 1098 408 1222 “gqtqmmqln
440 1100 549 1165 nupptt·
666 1093 696 1153 6.
722 1089 788 1153 Die
812 1090 994 1165 dominica,
1018 1111 1106 1173 quae
1137 1091 1294 1176 Virginis
1324 1102 1434 1157 ortum
1465 1096 1662 1177 praecessit,
1693 1095 1739 1158 ad
1769 1107 1905 1178 quatuor

228 1242 330 1293 W„
347 1186 549 1309 hffiffi
575 1207 636 1270 illa
666 1208 795 1289 templa
826 1206 974 1270 iubilaeo
1005 1210 1237 1291 comparando
1267 1210 1412 1283 delecta,
1443 1212 1607 1275 solemnis
1637 1213 1843 1294 supplicatio
1876 1223 1904 1275 et

574 1310 711 1406 qualem
735 1342 908 1407 nunquam
931 1324 1050 1387 videre
1073 1324 1250 1399 Abassini‚
1274 1335 1328 1389 est
1350 1327 1498 1391 decreta.
1522 1326 1564 1390 In
1579 1347 1621 1391 ea
1635 1337 1706 1391 tres
1725 1328 1903 1413 insignium

574 1442 818 1505 coenobiorum
842 1440 997 1524 magistri
1019 1442 1086 1506 tria
1108 1442 1240 1505 vexilla
1263 1453 1458 1508 sanctorum
1478 1445 1687 1528 imaginibus
1709 1445 1903 1528 phrygiam

573 1575 659 1620 unus
693 1576 739 1620 ex
773 1557 928 1639 patribus
962 1557 1126 1641 grandius
1148 1555 1276 1622 Christi
1304 1559 1445 1623 Domini
1475 1579 1495 1623 e
1525 1579 1626 1624 cruce
1655 1561 1837 1643 pendentis
1865 1561 1904 1624 si·

573 1673 772 1746 mulacrum,
796 1673 993 1737 Patriarcha
1016 1694 1098 1738 vero
1122 1675 1289 1739 inclusam
1314 1677 1347 1738 in
1364 1686 1482 1739 aurata
1504 1677 1637 1759 argenti
1658 1676 1762 1740 theca
1777 1675 1902 1741 mirifici

572 1789 658 1873 ligni
682 1791 885 1873 particulam
908 1792 973 1854 sub
997 1791 1197 1854 umbraculo
1221 1792 1264 1853 ad
1288 1811 1436 1874 pompae
1459 1793 1589 1856 calcem
1613 1790 1801 1857 deferebat.
1825 1793 1904 1858 Tres
2006 1840 2007 1887 t

573 1908 779 1970 musicorum
803 1907 898 1971 chori
922 1908 1187 1990 praecedebant:
1210 1909 1341 1990 primus
1363 1910 1515 1972 omnium
1546 1908 1769 1973 castrensium
1800 1911 1902 1974 eccle·
2006 1940 2007 2001 3

572 2023 700 2087 siarum
723 2023 988 2106 simphoniacos,
1012 2025 1182 2088 secundus
1205 2044 1250 2088 ex
1273 2034 1407 2107 patrum
1430 2025 1623 2089 seminariis
1646 2026 1822 2098 collectos,
1842 2036 1901 2090 ter·
2006 2072 2007 2099 ,

571 2143 639 2205 tius
661 2141 869 2204 lectissimos
892 2140 1113 2204 Patriarchae
1136 2151 1294 2205 cantores
1320 2142 1531 2205 numerabat.
1555 2142 1612 2205 Ex
1636 2143 1732 2205 illius
1765 2142 1901 2206 delubro
2006 2146 2007 2225 l

571 2277 711 2343 egressa
733 2258 949 2340 supplicatio,
974 2259 1069 2340 prius
1093 2259 1127 2321 iu
1151 2268 1287 2341 patrum
1311 2260 1487 2332 sacellum,
1504 2268 1624 2341 postea
1639 2260 1675 2322 in
1699 2256 1817 2322 fanum
1840 2256 1900 2321 Ga·
2006 2234 2007 2277 t

570 2376 687 2457 nJabet
710 2376 872 2446 excurrit,
897 2384 931 2437 et
954 2376 1093 2438 tandem
1118 2377 1153 2437 in
1181 2374 1259 2438 Iesu
1281 2375 1413 2458 templo
1444 2376 1652 2456 conquievit.
1676 2374 1738 2437 Ad
1761 2384 1831 2438 tam
1852 2393 1899 2437 sa·

571 2509 665 2554 crum
685 2500 719 2553 et
742 2490 918 2554 insolitum
935 2491 1168 2575 spectaculum
1184 2490 1376 2575 Imperator
1394 2510 1471 2554 cum
1487 2501 1560 2555 tota
1574 2491 1756 2554 nobilitate
1771 2501 1806 2554 et
1821 2490 1899 2553 mul·
2006 2520 2007 2549 t

569 2606 715 2669 titudine
742 2609 886 2680 excitus,
919 2609 955 2671 in
986 2627 1164 2672 occursum
1195 2607 1374 2690 procurrit,
1409 2618 1444 2671 et
1478 2606 1713 2671 Patriarcham
1748 2626 1897 2670 sermone
2006 2614 2007 2631 ¹

569 2722 621 2784 illi
644 2742 792 2806 pompae
815 2725 973 2805 apposito
1004 2723 1229 2806 colophonem
1260 2725 1495 2806 imponentem
1518 2724 1658 2788 audivit.
1694 2721 1774 2805 Quo
1806 2725 1896 2786 abso·
2006 2714 2007 2735 ἢ

568 2840 650 2913 luto,
686 2840 835 2902 aulicum
859 2839 1071 2922 Imperatore
1102 2842 1137 2903 in
1167 2841 1334 2922 palatium
1365 2842 1537 2913 tendente,
1571 2841 1758 2903 iubilaeum
1789 2850 1823 2903 et
1842 2860 1895 2921 ap·

566 2956 714 3038 petentis
744 2958 823 3019 anni
859 2958 1022 3039 auspicia,
1059 2956 1148 3020 laeta
1174 2953 1361 3020 ferrearum
1385 2954 1575 3020 fistularum
1614 2957 1834 3040 displosione‚
1864 2964 1895 3018 et

567 3073 782 3155 equestribus
804 3074 840 3135 in
863 3073 950 3135 atrio
973 3074 1096 3136 domus
1118 3071 1245 3156 regiae,
1268 3073 1357 3155 quod
1383 3073 1617 3137 vastissimum
1640 3084 1693 3136 est
1720 3083 1756 3136 et
1778 3072 1894 3154 planis·

566 3191 699 3263 simum,
724 3188 994 3262 excursionibus,
1015 3190 1239 3253 celebrarunt.
1263 3188 1334 3253 Ubi
1357 3191 1517 3273 princeps
1540 3189 1713 3253 Basilides
1735 3188 1829 3253 visus
1848 3197 1894 3250 est

566 3306 741 3389 equitandi
764 3306 884 3387 peritia
909 3314 944 3369 et
966 3306 1122 3388 agilitate
1138 3306 1297 3369 omnihus
1312 3307 1452 3378 anteire,
1476 3305 1682 3388 illorumque
1706 3305 1742 3368 in
1765 3326 1802 3368 se
1823 3324 1894 3367 ocu-

566 3424 627 3496 los,
645 3424 798 3505 parentis
812 3422 1040 3504 potissimum,
1057 3423 1090 3484 in
1108 3441 1149 3485 eo
1165 3442 1212 3495 se,
1232 3434 1406 3504 tamquam
1424 3424 1458 3485 in
1474 3423 1615 3505 speculo
1627 3421 1893 3503 contemplantis,
2006 3430 2007 3515 ζ

565 3541 784 3603 convertisse.

255 3661 311 3711 Res
335 3661 365 3712 tn
389 3661 538 3713 ammi
656 3674 685 3734 7.
710 3655 750 3718 In
774 3656 1035 3738 opulentissimo
1058 3657 1166 3718 sancti
1190 3655 1290 3719 huius
1312 3665 1347 3719 et
1374 3655 1635 3718 inaestimabilis
1661 3654 1802 3718 iubilaei
1827 3653 1892 3716 the·

217 3733 538 3869 ffiqffidssuffllffi
565 3791 666 3835 sauro
707 3768 981 3857 magnifaciendo
1012 3782 1046 3835 et
1077 3773 1202 3835 debitis
1233 3771 1384 3836 laetitiae
1414 3772 1766 3835 demonstrationibus
1794 3769 1892 3833 hono·

217 3889 318 3938 ΡΜ
336 3876 423 3927 vinci.
566 3889 673 3950 raudo
696 3886 773 3951 Ras
796 3885 878 3951 Seli
900 3887 1054 3951 Christos
1076 3888 1338 3970 haudquaquam
1362 3908 1400 3951 se
1422 3907 1545 3970 passus
1567 3896 1619 3950 est
1642 3888 1687 3949 ab
1710 3885 1784 3949 ullo
1800 3903 1891 3967 supe

565 4007 642 4069 rari.
664 4004 710 4068 Et
732 4006 891 4087 quamvis
914 4005 1018 4089 longe
1041 4006 1181 4069 dissitus
1204 4014 1295 4069 esset
1318 4027 1338 4069 a
1362 4006 1456 4068 curia
1478 4014 1512 4068 et
1535 4004 1675 4067 adorno
1689 4013 1725 4067 et
1739 4003 1892 4086 hyemem

564 4123 629 4185 sub
651 4122 800 4204 pellibus
822 4123 1037 4204 transigeret,
1054 4140 1132 4183 cum
1155 4141 1270 4185 secum
1294 4122 1436 4185 haberet
1458 4142 1491 4203 p.
1516 4120 1679 4184 Ioannem
1695 4141 1716 4184 a
1738 4117 1848 4183 Souza
1860 4120 1891 4179 et

563 4238 679 4320 plures
702 4237 889 4300 monachos
912 4247 946 4300 et
969 4236 1113 4300 clericos
1140 4239 1378 4320 mysteriorum
1394 4235 1474 4301 fidei
1488 4236 1724 4319 peritissimos,
1749 4245 1784 4299 et
1802 4244 1891 4318 pater

563 4352 718 4434 repetitis
734 4354 769 4416 in
785 4352 940 4436 singulos
956 4352 1029 4415 dies
1045 4352 1266 4415 concionibus
1282 4352 1484 4435 explanaret
1499 4351 1580 4435 quid
1597 4360 1688 4414 esset
1711 4351 1891 4413 iubilaeum

563 4478 598 4532 et
620 4490 723 4552 quam
748 4489 829 4532 vero
853 4470 957 4532 animi
982 4468 1102 4531 dolore
1125 4479 1159 4532 et
1183 4479 1400 4551 peccatorum
1432 4467 1678 4534 detesta*tione
1705 4468 1792 4530 illud
1821 4484 1890 4548 per·
1912 4475 1977 4531 tus

563 4588 692 4668 cepturi
716 4606 752 4649 se
779 4586 942 4648 deberent
972 4585 1016 4647 ad
1049 4582 1298 4648 confessionem
1322 4595 1356 4648 et
1384 4586 1656 4648 communionem
1679 4593 1715 4648 et
1738 4584 1782 4647 ad
1804 4582 1890 4647 exci-

562 4703 706 4785 piendas
730 4703 959 4765 exuberantes
982 4702 1106 4783 plenae
1123 4703 1357 4786 indulgentiae
1373 4702 1513 4766 divitias
1527 4702 1710 4785 perpolire,
1726 4702 1890 4765 maximus

561 4816 627 4882 fuit
651 4821 803 4881 omnium
827 4819 870 4881 ad
894 4817 1161 4899 frequentandas
1184 4838 1244 4901 per
1263 4828 1355 4882 totos
1369 4820 1564 4901 quindecim
1579 4819 1655 4882 dies
1676 4817 1839 4880 ecclesias
1860 4822 1890 4877 et

562 4935 679 4997 divina
703 4937 866 5017 mysteria
890 4936 1127 5017 participanda
1142 4955 1182 4998 ac
1198 4935 1419 4999 obtinendam
1435 4934 1529 4998 illius
1544 4936 1691 5018 gratiam
1707 4931 1887 4997 confluxus.

248 5054 387 5109 Militares
405 5059 441 5109 ob
460 5056 534 5109 iubi—
651 5055 680 5113 8.
705 5050 773 5113 Die
796 5052 954 5132 quadam,
979 5072 1046 5133 qua
1069 5051 1146 5114 Ras
1169 5068 1206 5115 se
1230 5053 1385 5133 pluribus
1411 5050 1589 5123 militibus,
1619 5069 1707 5132 quos
1736 5060 1816 5114 ante
1842 5048 1887 5109 di·

212 5126 268 5177 lael
292 5130 409 5191 gratiam
438 5145 534 5181 excur·
598 5169 605 5183 .
1124 5169 1130 5182 ,
1389 5167 1396 5181 ,
1631 5167 1639 5181 ,
1791 5167 1798 5180 .

212 5198 319 5251 ,im
561 5177 699 5232 miserat
722 5169 766 5230 ad
790 5187 959 5231 annonam
982 5168 1282 5250 pervestigandam
1305 5176 1340 5230 et
1363 5168 1522 5231 vitandas
1544 5166 1682 5249 pluvtas
1700 5185 1742 5229 ac
1757 5164 1886 5250 frigora,
