4166 6182
550 574 572 621 L
1085 569 1348 620 INTRODUCTIO

553 744 567 776 ‹
586 721 642 780 die
665 720 924 781 decumbentem
950 718 1092 799 maligni
1115 717 1254 798 spiritus
1278 716 1429 778 calcibus
1446 726 1481 779 et
1497 716 1622 797 pugnis
1637 714 1794 777 valenter
1809 734 1887 776 cen-

550 836 754 906 ‹tuderunt,
786 853 848 896 nec
878 852 954 896 rare
985 843 1103 914 postea
1133 831 1276 913 spectris
1310 841 1344 894 et
1380 831 1549 894 terriculis
1576 828 1804 904 infestarunt;
1828 847 1886 913 ge·

550 951 688 1013 ‹mitus
709 959 745 1012 et
768 950 942 1030 lacrymae
966 969 986 1010 a
1010 949 1174 1011 moriente
1198 948 1233 1008 in
1258 956 1321 1009 etc.
1344 970 1372 1010 ›.

639 1066 694 1127 Ne
719 1066 754 1145 3⁰
776 1066 865 1127 livre
889 1084 932 1126 ne
956 1084 1031 1146 cap.
1058 1083 1109 1143 33,
1134 1082 1178 1125 no
1201 1059 1259 1125 fim
1282 1063 1328 1125 de
1344 1080 1436 1126 num.
1453 1061 1490 1124 8⁰
1505 1080 1543 1125 se
1566 1070 1696 1125 mettae
1712 1082 1751 1124 as
1771 1080 1889 1144 regras

549 1203 615 1266 que
638 1191 799 1260 comecao
823 1202 867 1243 na
889 1180 1036 1262 septima
1063 1197 1162 1261 tegra
1193 1179 1237 1241 da
1267 1179 1421 1261 segunda
1451 1196 1587 1261 pagena
1609 1197 1629 1240 e
1653 1176 1748 1241 della
1778 1178 1889 1240 saltae

549 1319 593 1360 na
618 1317 780 1380 margem,
805 1318 823 1359 e
846 1298 954 1359 dizem
978 1297 1099 1359 assim:
1130 1293 1263 1357 <Illum
1286 1294 1525 1357 serenissimus
1549 1292 1634 1356 Rex
1659 1303 1786 1366 noster,
1810 1301 1890 1374 post

554 1423 745 1478 «exactum
777 1434 798 1476 a
826 1412 938 1496 prima
967 1411 1262 1475 administratione
1292 1408 1484 1481 triennium,
1517 1411 1642 1472 iterum
1677 1427 1769 1471 aune
1805 1412 1888 1488 1649

552 1530 704 1592 «Indiae
728 1547 909 1612 preregem
940 1527 1158 1598 renuntiavit,
1190 1527 1249 1589 sed
1280 1536 1421 1607 prepter
1451 1524 1622 1588 serotinae
1655 1524 1890 1607 navigationis

552 1671 566 1705 ι
586 1646 937 1727 intempestivitatem,
961 1646 996 1706 in
1020 1653 1178 1707 aestuoso
1198 1652 1232 1705 et
1248 1661 1392 1705 arenoso
1407 1641 1590 1705 exterioris
1605 1640 1818 1723 Aethiopiae
1835 1641 1888 1704 lit·

551 1770 658 1825 ‹tore
681 1762 847 1842 sepultus,
870 1779 890 1822 a
913 1759 1207 1841 praetereuntibus
1230 1769 1263 1821 et
1289 1756 1394 1839 ipsius
1418 1758 1666 1839 benignitatem
1691 1766 1727 1820 et
1751 1757 1887 1819 clarita·

552 1886 656 1940 «tem
679 1875 845 1938 memoria
867 1875 1105 1947 recolentibus,
1129 1875 1290 1956 ploratur,
1315 1892 1417 1953 quam
1440 1870 1584 1935 fallaces
1611 1872 1679 1934 sint
1710 1872 1888 1935 hominum

552 2016 566 2051 ι
585 1995 734 2056 rationes
756 2000 790 2054 et
813 1992 931 2053 inanes
954 1991 1190 2053 contentiones
1212 1990 1291 2052 inde
1314 1990 1499 2051 ostendens
1515 2012 1545 2048 ›.

637 2108 692 2171 As
722 2108 885 2171 emendas
915 2128 933 2169 e
963 2114 1287 2177 acrecentamentes,
1318 2123 1385 2185 que
1414 2114 1588 2185 pertecem
1612 2124 1655 2166 ae
1679 2113 1714 2181 4⁰
1739 2103 1829 2166 livre
1851 2123 1888 2167 se

549 2235 655 2307 perae
678 2243 723 2286 ne
746 2221 916 2305 principie
939 2223 984 2284 do
1010 2221 1045 2285 2⁰
1067 2239 1172 2302 corpo
1196 2221 1293 2283 desta
1318 2220 1352 2298 3⁸
1375 2221 1442 2282 via.

639 2339 826 2403 Advirtase
850 2358 915 2420 que
939 2338 1022 2402 tudo
1045 2357 1066 2399 o
1089 2357 1155 2418 que
1181 2346 1279 2398 nesta
1309 2337 1394 2399 ebra
1424 2355 1492 2417 vay
1522 2338 1649 2399 escrite
1681 2355 1702 2397 a
1732 2354 1886 2419 margem

549 2477 622 2522 sem
645 2456 733 2519 sinal
757 2456 885 2539 algum,
908 2474 945 2518 se
968 2454 1014 2516 ha
1036 2455 1079 2516 de
1111 2471 1266 2516 escrever
1289 2474 1308 2514 e
1332 2454 1500 2534 imprimir
1530 2470 1606 2515 com
1638 2452 1728 2514 letra
1759 2470 1886 2523 menet,

550 2594 569 2636 e
592 2594 613 2636 e
635 2592 703 2655 que
726 2583 795 2635 tem
818 2572 906 2633 sinai
930 2572 1049 2631 dentro
1072 2589 1117 2631 no
1139 2576 1239 2631 texto
1263 2588 1282 2629 e
1305 2564 1379 2630 fora
1403 2587 1446 2629 na
1471 2585 1624 2649 margem
1647 2587 1684 2631 se
1704 2567 1750 2630 ha
1767 2570 1811 2630 de
1827 2568 1887 2630 im·

549 2690 669 2771 primir
692 2689 812 2750 dentre
836 2686 880 2748 do
903 2694 1000 2748 texto
1024 2703 1100 2747 com
1125 2704 1145 2746 a
1168 2683 1255 2746 letra
1277 2683 1450 2746 ordinaria
1476 2684 1578 2755 delle,
1610 2702 1630 2746 e
1659 2702 1727 2765 que
1760 2683 1888 2746 tudee

549 2823 614 2887 que
638 2823 707 2886 vay
729 2803 851 2866 dentro
874 2803 919 2865 de
943 2811 1039 2866 texte
1062 2820 1139 2864 com
1162 2802 1269 2863 riscas
1292 2798 1356 2882 p'er
1377 2801 1484 2862 baixe
1514 2819 1553 2862 se
1583 2799 1628 2862 ha
1659 2799 1703 2861 de
1731 2816 1889 2863 escrever

548 2922 635 2984 letra
657 2919 792 3002 grypha
815 2936 897 3000 pera
919 2917 1087 2996 distinete
1110 2918 1155 2979 da
1177 2916 1376 2998 ordinaria(
1398 2915 1420 2994 l.

638 3034 746 3097 Nesta
770 3034 804 3112 3⁸
828 3035 885 3096 via
908 3043 973 3096 vae
997 3032 1122 3096 muitas
1145 3051 1266 3094 ceuzas
1289 3030 1497 3094 emendadas
1519 3054 1538 3094 e
1561 3030 1714 3094 riscadas
1746 3032 1792 3093 de
1818 3050 1886 3112 que

548 3152 606 3215 hia
629 3171 691 3214 nas
713 3159 828 3212 eutras
852 3150 936 3212 duas
959 3148 1033 3211 vias
1057 3168 1076 3211 e
1102 3148 1225 3230 alguns
1256 3147 1425 3227 capitulos
1456 3148 1600 3208 inteires
1631 3146 1887 3209 acrecentades.

549 3268 618 3330 Per
640 3266 729 3328 ende
752 3285 774 3328 a
796 3267 985 3346 impressae
1008 3283 1045 3326 se
1068 3264 1155 3325 deve
1185 3264 1228 3325 de
1259 3260 1350 3324 fazer
1371 3280 1435 3343 per
1457 3271 1531 3325 esta
1557 3261 1591 3339 3⁸
1615 3262 1683 3323 via.
1709 3259 1789 3325 Mas
1812 3281 1889 3344 por·

549 3403 615 3465 que
640 3382 706 3445 isto
730 3381 819 3463 pede
841 3399 896 3444 ser
918 3399 1047 3462 penese
1070 3399 1130 3442 aes
1156 3378 1437 3461 compenaderes,
1468 3397 1532 3459 per
1561 3386 1638 3441 esta
1669 3380 1757 3441 letra
1790 3379 1890 3442 desta

549 3500 606 3561 via
639 3517 696 3561 ser
730 3498 838 3560 muite
875 3496 1000 3568 minda,
1036 3496 1116 3557 bem
1150 3494 1274 3576 podem
1309 3497 1338 3556 ir
1373 3493 1566 3575 compendo
1599 3494 1694 3575 pella
1726 3494 1814 3556 letra
1846 3494 1891 3555 da

551 3613 585 3678 2²
608 3616 666 3676 via
688 3614 738 3698 (se
761 3613 795 3675 la
826 3609 881 3674 fer
911 3610 1080 3695 chegada)
1115 3630 1134 3672 e
1166 3628 1319 3672 recorrer
1348 3629 1368 3671 a
1393 3620 1466 3672 esta
1491 3608 1525 3687 3⁸
1556 3606 1595 3672 sd
1628 3609 1810 3691 naquelles
1840 3610 1889 3671 lu-

549 3747 658 3813 gares,
690 3747 745 3790 em
775 3747 842 3808 que
872 3744 961 3788 euve
992 3725 1159 3805 mudanca
1185 3745 1229 3787 eu
1264 3734 1570 3795 aerecentamente‚
1603 3744 1670 3805 que
1702 3724 1784 3808 aqui
1816 3726 1889 3788 irae

549 3845 775 3926 appontados.

638 3958 693 4020 Ne
716 3959 788 4020 dite
811 3959 899 4020 livre
923 3967 966 4036 4⁰,
991 3977 1065 4039 cap.
1090 3967 1135 4036 7⁰,
1161 3976 1204 4019 ne
1228 3977 1259 4019 n.
1286 3962 1317 4030 8,
1342 3977 1387 4018 na
1411 3957 1601 4038 penultima
1624 3974 1736 4038 tegra,
1756 3976 1795 4019 se
1810 3957 1888 4020 ham

549 4075 592 4137 de
615 4085 725 4137 meter
747 4093 785 4136 as
815 4073 973 4154 palavras
1002 4093 1068 4154 que
1099 4083 1195 4136 estae
1227 4093 1271 4135 na
1303 4091 1458 4155 margem
1489 4073 1532 4135 de
1563 4072 1710 4155 ilharga,
1735 4092 1756 4134 e
1778 4073 1889 4135 dizem

549 4191 638 4253 ende
662 4191 735 4253 esta
757 4199 829 4252 este
852 4189 940 4251 sinal
957 4190 996 4267 †²
1023 4213 1037 4246 ‹
1056 4198 1090 4251 et
1112 4189 1261 4270 quedam
1285 4188 1399 4250 valide
1417 4189 1543 4251 librato
1570 4188 1708 4251 oculum
1725 4190 1889 4270 episcope

549 4306 767 4370 extuderunt.
791 4304 900 4367 Lusca
924 4304 1087 4367 remansit
1109 4304 1299 4385 Aethiopia
1322 4323 1399 4366 cum
1424 4303 1670 4377 Patriarcham,
1687 4322 1788 4367 suum
1805 4306 1890 4367 dex·

549 4434 638 4485 trum
664 4422 777 4483 lumen
803 4422 922 4503 (inquit
946 4430 1042 4501 pater
1064 4421 1198 4482 Brunus
1222 4439 1243 4481 a
1265 4417 1393 4482 Sancta
1416 4417 1523 4482 Cruce
1546 4420 1581 4481 in
1607 4420 1757 4500 epistola
1773 4422 1808 4483 in
1825 4421 1889 4482 hoc

547 4538 743 4621 suspendio)
776 4538 810 4599 in
834 4536 968 4600 Indiam
991 4538 1112 4607 emisit,
1141 4537 1299 4617 poenitus
1329 4554 1443 4608 coeca,
1477 4554 1554 4597 cum
1585 4537 1676 4598 intra
1707 4554 1745 4597 se
1780 4537 1890 4617 ipsam

549 4658 663 4718 lumen
688 4656 843 4723 alterum,
869 4653 1065 4733 episcopum
1088 4671 1175 4714 saxo
1199 4652 1419 4714 exoculatum
1443 4651 1605 4713 amisit».

638 4770 694 4831 No
718 4789 847 4831 mesmo
871 4787 943 4849 cap.
971 4767 1027 4845 13⁰
1049 4776 1143 4829 entre
1167 4787 1188 4829 0
1212 4788 1243 4829 n.
1273 4772 1309 4828 16
1335 4785 1354 4827 e
1381 4785 1430 4844 17,
1454 4785 1520 4847 que
1536 4775 1632 4828 estao
1652 4787 1696 4829 na
1715 4767 1752 4830 2a
1768 4768 1837 4837 via,
1854 4786 1890 4829 se

547 4889 627 4951 ham
651 4887 694 4949 de
717 4894 887 4947 meteres
910 4901 1067 4945 numeres
1090 4901 1155 4962 que
1179 4892 1244 4944 vae
1268 4892 1365 4945 nesta
1390 4882 1424 4959 3¹¹
1448 4884 1514 4952 via,
1540 4883 1584 4944 do
1608 4901 1752 4945 numero
1774 4887 1812 4945 16
1830 4900 1891 4964 per

630 5124 675 5200 (Ι)
696 5120 785 5194 Quae
807 5128 974 5194 sequuntur
994 5119 1029 5174 A.
1052 5119 1226 5194 praeposuit
1249 5119 1338 5176 initio
1361 5119 1429 5175 libri
1452 5118 1505 5177 IV.
