4058 6178
189 1862 316 1912 Ecclesia
339 1862 477 1913 Aethio-

153 1934 217 1997 pica
234 1948 251 1983 a
269 1934 336 1983 divo
353 1934 478 1984 Athana·

154 2006 199 2056 aio
218 2006 345 2056 lundata.

193 2791 222 2840 S.
251 2790 422 2841 Athanasius
449 2790 480 2841 in

157 2863 210 2910 hac
240 2860 390 2925 Aethiopia
420 2877 480 2913 non

157 2932 337 2996 praedicavit,
357 2933 407 2983 sed
431 2948 480 2985 eu·

158 3006 268 3056 nuchus
278 3005 391 3067 reginae
406 3004 479 3056 can·

158 3076 245 3129 dacis.

198 4411 304 4460 Docere
310 4424 369 4460 non
378 4420 486 4474 poterat

162 4481 269 4533 divus
305 4481 486 4532 Frumentius

161 4552 219 4603 nisi
228 4553 304 4616 quod
316 4555 351 4602 ab
362 4553 486 4603 Athana·

162 4623 207 4674 sio
226 4633 377 4687 acceperat.

501 537 562 611 164
831 543 1104 595 EXPEDITIONIS
1127 544 1386 596 AETHIOPICAE
1410 544 1490 594 ETC.

498 702 551 758 est
574 704 683 757 mater
705 692 788 767 filia,
812 692 889 757 fons
911 695 996 766 rivo,
1021 694 1113 777 ignis
1134 690 1284 765 flamma,
1312 695 1367 756 sol
1397 695 1494 756 radio
1524 703 1558 757 et
1588 694 1689 756 arbor
1719 711 1822 755 erum·

499 810 658 892 pentibus
680 812 726 873 ab
748 811 824 892 ipsa
847 807 989 872 floribus
1011 829 1052 872 ac
1075 806 1250 873 fructibus.
1267 809 1360 873 Illud
1374 810 1512 875 tandem
1529 811 1713 872 memoriae
1735 828 1822 872 man·

499 927 659 997 dandum,
683 926 774 1009 quod
798 927 843 989 ad
865 924 1095 1007 Theophilum
1118 925 1346 1008 patriarcham
1361 923 1500 1007 scripsit
1535 925 1636 988 divus
1658 922 1823 1006 Hierony·

502 1061 592 1104 mus:
617 1042 760 1126 Semper
781 1046 910 1127 oportet
932 1041 1124 1106 meminisse
1146 1040 1338 1105 Romanam
1353 1037 1463 1125 fidem
1482 1039 1663 1124 apostolam
1684 1059 1740 1103 ore
1753 1040 1823 1103 lau-

501 1157 626 1232 datam,
649 1157 748 1221 cuim
768 1178 804 1222 se
825 1178 896 1222 esse
912 1157 1115 1243 participem
1138 1156 1382 1221 Alexandrum
1414 1154 1549 1221 ecclesiis
1575 1155 1751 1242 gloriatam
1770 1154 1824 1237 (ι).

652 1503 848 1568 *Ecclesiae
878 1506 1101 1584 Aethiopicae
1131 1508 1209 1569 iona
1239 1516 1293 1569 est
1323 1507 1479 1569 Ecclesia
1509 1508 1677 1575 Romana,

959 1623 1129 1700 adquam
1152 1623 1372 1685 redeundum.

594 1869 609 1911 2
616 1867 645 1927 5.
670 1849 751 1912 Duo
772 1872 818 1914 ex
841 1851 943 1914 dictis
964 1852 1128 1916 hactenus
1155 1853 1338 1915 corollaria
1363 1852 1531 1935 legeretur.
1563 1851 1725 1924 Primum,
1748 1851 1830 1915 Ale·

504 1965 707 2028 xandrinam
731 1966 923 2031 Ecclesiam
947 1988 967 2030 a
990 1967 1152 2031 Romana
1174 1978 1324 2031 erectam
1343 1977 1377 2031 et
1400 1968 1507 2050 ipsius
1530 1965 1632 2031 fidem
1655 1970 1700 2031 ab
1715 1969 1830 2032 eadem

504 2083 704 2146 derivatam.
727 2080 934 2155 Secundum,
949 2103 1051 2147 unam
1077 2094 1110 2148 et
1134 2085 1290 2147 eamdem
1314 2084 1386 2147 divi
1410 2082 1606 2155 Athanasii,
1630 2091 1666 2146 et
1688 2086 1832 2165 quinque

504 2200 740 2263 Romanorum
756 2197 959 2263 Pontificum
976 2201 1041 2282 ipsi
1057 2201 1355 2282 patrocinantium,
1371 2208 1497 2263 etcum
1514 2200 1556 2262 iis
1571 2201 1723 2262 omnium
1738 2219 1832 2281 prae·

504 2316 707 2385 cedentium,
742 2313 844 2378 fidem
879 2316 1044 2380 extitisse.
1069 2314 1206 2387 Restat,
1230 2327 1266 2379 ut
1288 2316 1428 2379 tertium
1452 2317 1687 2389 ostendamus;
1716 2314 1832 2378 Eccle-

505 2433 591 2494 siam
615 2432 747 2494 scilicet
770 2430 1014 2513 Aethiopicam
1037 2450 1059 2492 a
1081 2431 1162 2494 divo
1185 2430 1379 2495 Athanasio
1401 2429 1579 2494 fundatam
1597 2442 1632 2495 et
1648 2432 1693 2495 ab
1712 2451 1753 2495 eo
1768 2432 1833 2512 pri·

507 2567 599 2610 rnum
624 2547 731 2630 ipsius
753 2549 953 2630 episcopum
977 2567 1074 2611 sacro
1098 2547 1281 2611 chrismate
1304 2548 1503 2619 delibutum,
1527 2558 1562 2610 et
1585 2548 1719 2621 eadem,
1734 2566 1831 2628 quam

507 2664 581 2745 ipse
604 2664 749 2736 colebat,
773 2661 842 2726 fide
865 2673 899 2726 et
922 2663 1078 2726 doctrina
1101 2661 1302 2727 institutum.

598 2783 648 2842 26.
673 2778 751 2841 Non
775 2781 866 2841 enim
890 2780 1001 2861 prima
1024 2788 1159 2841 vestrae
1175 2776 1256 2841 fidei
1271 2780 1446 2862 scaturigo
1462 2780 1600 2842 emicuit
1614 2799 1635 2840 a
1651 2778 1734 2840 divo
1749 2778 1834 2841 Mat·

508 2894 587 2957 theo
610 2895 767 2977 apostolo
791 2906 825 2957 et
848 2896 1073 2977 evangelista,
1096 2895 1156 2975 qui
1180 2914 1247 2957 non
1270 2894 1305 2957 in
1328 2895 1495 2977 superiori
1521 2894 1723 2976 Aethiopia,
1753 2913 1836 2975 quae

506 3019 622 3073 vestra
644 3020 705 3084 est,
729 3012 791 3073 sed
818 3012 852 3073 in
887 3008 1050 3081 inferiori,
1072 3029 1160 3091 quae
1186 3018 1240 3073 est
1262 3009 1385 3084 Nubis,
1414 3011 1503 3073 inter
1532 3019 1684 3074 vestram
1711 3020 1746 3074 et
1767 3009 1835 3071 Ae-

506 3135 652 3208 gyptum
675 3127 751 3199 sita,
775 3126 990 3209 evangelium
1008 3126 1218 3208 divulgavit;
1242 3127 1302 3188 sed
1319 3127 1363 3189 ab
1378 3127 1533 3188 eunucho
1548 3126 1688 3210 reginae
1709 3124 1836 3189 Canda-

507 3243 568 3314 cis,
584 3240 712 3314 Meroe,
729 3261 816 3322 quae
832 3242 952 3304 eadem
973 3250 1026 3304 est
1041 3260 1119 3303 cum
1136 3238 1290 3314 Goiama,
1308 3242 1517 3323 imperantis,
1534 3260 1611 3304 cum
1627 3239 1837 3323 lerosolyma

508 3357 644 3428 rediret,
667 3377 688 3418 a
711 3356 873 3438 Philippo
890 3356 1035 3420 diacono
1050 3356 1148 3437 aquis
1164 3357 1369 3419 salutaribus
1385 3357 1528 3420 lustrato
1541 3358 1595 3440 (2).
1608 3355 1740 3422 Verum
1755 3357 1838 3438 ipse,

508 3493 584 3536 cum
612 3493 674 3536 nec
705 3474 886 3555 episcopus
913 3483 1012 3545 esset,
1044 3492 1107 3537 nec
1130 3474 1322 3555 presbyter,
1353 3492 1416 3536 nec
1447 3472 1574 3535 divinis
1603 3471 1728 3536 ritibus
1756 3472 1839 3536 satis

509 3589 670 3663 eruditus,
695 3599 811 3670 utpote
835 3609 894 3652 eos
917 3591 951 3652 in
975 3591 1032 3652 via
1055 3599 1185 3653 tantum
1209 3590 1360 3661 edoctus,
1383 3607 1591 3670 quamquem
1607 3586 1737 3650 famam
1752 3589 1839 3649 ultra

512 3705 706 3768 mortalium
734 3716 814 3769 tunc
836 3708 943 3768 vitam
967 3707 1141 3788 agentium
1166 3713 1315 3768 aretatem
1338 3706 1573 3786 transmiserit,
1604 3706 1702 3768 illam
1726 3712 1837 3765 tamen

510 3819 618 3901 ipsius
640 3818 726 3884 fides
748 3840 816 3883 non
839 3822 1023 3902 superavit,
1047 3822 1108 3883 sed
1131 3839 1207 3883 eam
1230 3821 1299 3883 iam
1321 3821 1468 3902 sopitam
1491 3839 1531 3883 ac
1547 3838 1635 3902 pene
1651 3820 1839 3883 extinctam

509 3937 688 3999 suscitavit
707 3947 785 4018 post
808 3954 932 3999 annum
958 3935 1085 3998 Christi
1111 3955 1172 4014 3²7
1197 3936 1298 3998 divus
1324 3934 1541 3998 Frumentius
1563 3956 1584 3998 a
1607 3937 1709 3998 vobis
1731 3936 1840 3997 dictus

510 4049 743 4122 Fremonatos,
775 4053 831 4115 vel
862 4051 968 4114 Abba
995 4049 1144 4123 Selami,
1169 4052 1257 4114 idest
1280 4060 1377 4132 pater
1399 4049 1573 4132 pacificus,
1595 4052 1689 4132 quod
1712 4053 1841 4132 primus

510 4168 555 4230 ad
578 4187 640 4230 vos
664 4168 787 4230 missus
810 4188 831 4230 a
853 4168 935 4230 divo
958 4166 1151 4230 Athanasio
1167 4167 1357 4247 episcopus,
1373 4166 1581 4248 Aethiopiae
1596 4182 1675 4230 cum
1691 4166 1766 4230 Deo
1781 4185 1840 4247 pa-

512 4301 585 4344 cem
610 4293 644 4344 et
666 4284 810 4345 salutem
834 4284 1066 4365 apportaverit
1088 4282 1141 4366 (3).
1444 4284 1446 4288 '

604 4419 653 4478 ²7·
678 4398 771 4461 Vera
795 4419 837 4462 ne
858 4399 944 4461 haee
967 4400 1046 4469 sint,
1070 4418 1112 4462 an
1137 4396 1236 4469 falsa,
1255 4417 1384 4480 quaeso
1399 4400 1644 4481 respondeatis
1661 4397 1783 4462 Vester
1799 4417 1842 4459 ne

514 4513 578 4579 fuit
601 4515 778 4596 apostolus
801 4514 1019 4577 Frumentius
1041 4534 1085 4577 an
1108 4514 1198 4577 alius
1220 4514 1359 4579 aliunde
1381 4515 1530 4596 petitus?
1556 4510 1784 4577 Consecratus
1797 4531 1842 4575 ne

513 4641 547 4693 et
571 4631 614 4693 ad
637 4648 700 4693 vos
723 4632 767 4693 ab
788 4629 992 4703 Athanasi0,
1016 4649 1060 4692 an
1091 4631 1135 4693 ab
1164 4630 1234 4693 alio
1263 4630 1505 4693 transmissus?
1535 4625 1622 4709 Quis
1652 4629 1689 4691 id
1718 4627 1841 4709 poterit

513 4745 657 4809 inficiari
681 4756 714 4810 et
737 4754 866 4810 tantam
890 4746 980 4809 ausit
1002 4766 1023 4809 a
1045 4747 1145 4809 vobis
1175 4745 1323 4828 gloriam
1353 4745 1524 4807 evellere?
1550 4740 1589 4806 Si
1618 4760 1703 4825 ergo
1730 4751 1842 4805 vester

513 4864 687 4944 apostolus
710 4875 761 4926 est
783 4863 1012 4935 Frumentius,
1039 4862 1069 4925 si
1101 4860 1194 4925 illius
1225 4860 1400 4924 institutor
1422 4870 1456 4923 et
1483 4867 1702 4922 consecrator
1732 4856 1841 4920 Atha·

601 5108 642 5176 (ι)
661 5110 744 5173 Epist.
765 5107 807 5158 68.
827 5137 861 5145 -
880 5108 921 5175 (2)
939 5109 1022 5174 Supra
1041 5109 1086 5161 lib.
1110 5121 1130 5165 l,
1150 5123 1206 5172 cap.
1226 5120 1250 5172 5,
1269 5123 1295 5160 n.
1319 5120 1340 5160 1.
1361 5134 1394 5145 -
1414 5106 1548 5168 (3l1bid.,
1568 5122 1593 5157 n.
1613 5117 1637 5170 5.

1866 1510 1887 1561 f.
1908 1512 1952 1560 80.
