4058 6178
604 575 722 625 LIBER
745 576 783 633 11,
807 574 932 625 CAPUT
956 577 1008 628 IV.
1410 570 1471 645 183

143 721 273 801 rigeret,
298 719 378 784 Ras
400 732 477 803 post
501 724 601 786 unius
622 723 679 785 vel
703 723 843 786 alterius
857 725 1004 807 paginae
1019 725 1202 789 lectionem
1223 728 1385 789 materiae
1400 746 1472 791 am·

142 836 307 915 plitudine
330 847 366 900 et
388 838 491 920 patrii
514 837 689 902 idiomatis
711 839 886 923 elegantia
908 839 1091 903 delenitus:
1118 839 1225 922 Quod,
1248 843 1370 922 inquit,
1393 841 1471 905 leuz'e

141 950 232 1034 operi
251 971 374 1015 nomen
397 951 620 1038 impositum?
642 953 705 1017 Cui
728 964 864 1018 senator
890 952 982 1018 Olda
1012 953 1184 1019 Christos:
1213 956 1359 1021 Tenn'rle
1381 957 1471 1021 Hai-

141 1072 260 1142 manot,
296 1068 387 1132 idest
419 1070 576 1133 doctrina
608 1068 700 1133 fidei.
734 1070 822 1134 Tum
849 1072 926 1135 Ras
957 1073 1054 1154 quasi
1085 1093 1131 1135 ex
1162 1074 1283 1155 templi
1313 1075 1470 1137 oraculo:

140 1183 194 1245 Ne
216 1183 368 1248 ulterius
389 1182 525 1249 dr'eatur
550 1185 701 1251 Temirte
732 1187 943 1270 Haymanot,
967 1189 1029 1253 sel
1055 1188 1147 1252 Bran
1172 1189 1381 1272 Haymanot,
1412 1188 1473 1252 lroc

140 1303 196 1369 est,
219 1298 286 1362 lux
300 1300 402 1384 fider}
425 1302 505 1385 quia
528 1302 566 1365 in
585 1323 632 1378 eo,
647 1300 782 1366 demotis
796 1303 932 1366 omnino
959 1304 1117 1379 tenebris,
1134 1304 1229 1389 fidei
1250 1305 1473 1393 deffiaeltates

140 1414 176 1476 in
209 1415 318 1479 lucem
348 1415 609 1501 lr'anilrssr'rnam
638 1424 817 1483 eruuntur.
849 1418 974 1484 Haesit
1003 1440 1138 1492 nomen,
1173 1430 1290 1502 utpote
1324 1442 1345 1483 a
1374 1431 1471 1483 tanto

139 1531 210 1592 viro
234 1533 368 1595 editum
392 1544 525 1598 etcum
550 1535 640 1597 libro
663 1536 876 1617 perennabit.
899 1535 1020 1600 Plures
1043 1537 1136 1600 illius
1163 1537 1302 1600 chartae
1324 1546 1395 1600 tam
1423 1538 1470 1599 la-

139 1646 198 1709 tini
221 1667 327 1729 quam
353 1649 539 1733 aethiopici
563 1651 738 1714 idiomatis
772 1651 806 1713 in
835 1662 952 1715 nostra
974 1652 1187 1734 expulsione,
1219 1655 1265 1715 ob
1294 1653 1470 1715 custodum

138 1763 172 1824 in
193 1776 409 1846 grassatores
432 1784 676 1830 conversorum
707 1768 931 1849 rapacitatem
955 1769 1139 1849 perierunt,
1163 1788 1249 1851 quas
1270 1767 1412 1851 proinde
1436 1768 1471 1830 in

138 1878 234 1942 India
258 1900 348 1963 opus
371 1879 437 1945 fuit
459 1883 634 1954 resarcire,
658 1892 692 1946 et
715 1882 813 1955 liber,
836 1884 962 1965 quibus
980 1883 1091 1966 potuit
1107 1885 1267 1957 numeris,
1284 1885 1470 1957 absolutus

137 2013 224 2057 anno
256 1999 341 2074 1646
373 1996 524 2060 Romam
548 1997 709 2060 dimissus
733 1996 797 2061 fuit
820 1994 948 2061 Sacrae
971 1997 1238 2082 Congregationi
1269 2000 1312 2062 de
1342 1999 1470 2080 Propa-

135 2111 248 2192 ganda
271 2112 361 2176 Fide
383 2112 564 2176 Catholica
586 2114 763 2187 dicandus,
780 2134 799 2176 e
814 2134 882 2197 qua
896 2115 983 2177 illud
1006 2114 1227 2177 Patriarchae
1246 2116 1388 2178 missum
1405 2113 1470 2178 fuit

135 2227 168 2287 in
190 2228 324 2291 laboris
346 2229 493 2312 gratiam
516 2230 728 2312 rescriptum.

29 2397 36 2410 .
82 2378 111 2419 ,ι
222 2344 272 2407 ³¹¹8.
298 2343 523 2408 Perillustris
545 2350 580 2408 el
600 2346 874 2410 reverendissime
896 2346 1044 2410 Domine
1067 2346 1124 2411 uli
1135 2347 1268 2435 frater.
1288 2347 1406 2410 Lrlros
1428 2348 1470 2410 ab
1531 2355 1693 2420 Epistola
1721 2368 1817 2406 uerae

136 2458 378 2544 Amplrluline
404 2460 437 2522 T
432 2481 480 2525 ua
502 2482 626 2546 magna
649 2462 829 2548 diligentia
860 2467 894 2526 el
915 2462 1027 2541 stredm
1058 2461 1163 2547 (quod
1182 2461 1470 2550 frequentissima
1495 2426 1817 2562 {ssffifflfflss

133 2575 171 2637 in
193 2577 244 2639 eis
262 2576 381 2660 posita
402 2597 579 2641 sacrarum
603 2578 798 2641 litterarum
821 2578 1012 2641 testirnonra
1030 2578 1131 2661 plene
1154 2577 1323 2662 indr'cant)
1346 2584 1470 2663 compo·
1495 2570 1695 2620 mmm·

132 2691 212 2755 sitos
226 2697 263 2756 et
276 2692 526 2778 elegantissima
541 2693 680 2778 epistola
696 2693 773 2756 lure
787 2713 902 2758 sacrae
914 2692 1177 2780 Congregatroni
1187 2694 1228 2757 de
1242 2691 1470 2780 Propaganda

131 2806 218 2871 Fide
240 2807 382 2883 ditatos,
411 2807 524 2872 alacri
542 2809 657 2873 animo
677 2810 940 2875 eminentissimi
959 2810 1082 2874 Patres
1103 2807 1251 2874 eiusdem
1281 2808 1469 2896 Congrega·

132 2924 236 2988 leones
256 2930 487 3010 anteperunt,
510 2930 544 2988 el
563 2924 652 2988 circa
675 2924 768 2989 illud
786 2926 853 2990 luo
870 2925 1087 3011 polissemum
1109 2923 1274 3012 facienda
1303 2946 1371 2989 esse
1397 2946 1469 2988 cen·

129 3046 303 3113 sreerunt,·
318 3060 459 3124 quorum
474 3041 620 3104 alterum
628 3040 711 3128 suit
725 3046 766 3104 ut
778 3040 982 3105 Lusitaniae
996 3040 1187 3104 Assistenti
1198 3041 1379 3104 Societatir
1389 3040 1470 3104 Iesu

124 3155 294 3244 praefati
313 3155 397 3219 libri
416 3156 688 3231 restituerentur,
711 3177 785 3220 curn
808 3157 968 3221 mandato
990 3162 1031 3220 ut
1052 3176 1135 3241 quae
1156 3156 1194 3219 in
1216 3157 1265 3219 eis
1294 3157 1335 3220 ele
1362 3154 1469 3219 Abas·

129 3272 287 3336 senorum
308 3273 478 3337 erroribus
493 3294 531 3336 ae
541 3279 607 3358 pro
622 3273 760 3336 illorum
776 3270 1006 3359 confutatione
1021 3270 1223 3358 Amplitudo
1244 3273 1276 3336 T
1272 3293 1318 3336 ua
1332 3271 1473 3356 scripsit

128 3387 175 3453 ad
188 3395 314 3475 partes
337 3393 589 3454 annotarentur
611 3394 645 3454 el
663 3395 840 3475 postquam
856 3389 948 3454 eain
963 3411 1031 3452 uno
1046 3389 1157 3453 libello
1172 3387 1470 3474 ordenatedrgesta

122 3506 274 3592 suerr'nt
290 3506 329 3569 in
344 3505 569 3592 typographia
583 3526 701 3569 sacrae
716 3504 999 3591 Congregatronis
1008 3505 1201 3590 praedictae
1216 3504 1265 3567 ad
1276 3526 1374 3568 umm
1389 3504 1469 3568 mrs-

128 3624 364 3689 sionariorum
379 3622 579 3706 Aethiopiae
594 3622 884 3708 imprimerentur.
900 3621 1061 3686 Alterum
1070 3620 1156 3708 suit
1169 3626 1209 3684 ut
1222 3621 1386 3684 nonnulli
1400 3621 1474 3685 uiri

127 3742 228 3816 docti,
252 3738 310 3805 vel
329 3740 519 3803 saeculares
541 3738 596 3801 ael
616 3738 802 3823 regulares,
827 3758 969 3822 quorum
991 3737 1084 3822 copr'a
1104 3737 1246 3800 liabetur
1267 3737 1305 3800 in
1321 3738 1401 3802 urle
1416 3735 1469 3802 de·

124 3859 355 3942 putarentur,
386 3854 447 3939 qui
475 3853 552 3918 illos
582 3859 851 3940 recogrwscerent
879 3851 1140 3939 diligentissime
1169 3857 1203 3917 et
1231 3851 1404 3940 referrent
1431 3851 1470 3917 cle

129 3973 255 4037 eisdem
279 3990 396 4033 eorum
417 3969 632 4034 sententiam.
657 3970 753 4051 Quae
774 3970 890 4032 omnr'a
905 3967 1144 4054 Ampliluelini
1161 3969 1253 4032 Tuae
1272 3969 1374 4032 r'rilem
1389 3971 1469 4032 emi-

128 4085 334 4152 nentissimi
345 4085 471 4149 Patres
492 4086 690 4171 significari
708 4091 743 4149 et
758 4085 934 4170 plurimas
951 4084 1012 4147 illi
1018 4084 1155 4171 gratias
1168 4085 1230 4170 agl
1241 4085 1418 4148 iusserunt
1430 4086 1471 4148 de

128 4204 300 4269 librorum
318 4202 570 4286 palaearum
592 4221 706 4265 sacrae
729 4199 994 4287 Congregatronr'
1013 4200 1226 4264 dedr‘catrime.
1255 4197 1354 4282 Qreod
1368 4207 1469 4286 prac-

126 4319 284 4384 sentitus
298 4337 413 4381 eorum
437 4319 571 4389 nemine
587 4316 686 4404 facio
709 4317 928 4381 retentatam
946 4321 981 4380 et
994 4316 1234 4401 Amplituelini
1251 4316 1283 4378 T
1279 4336 1344 4379 uae
1359 4315 1470 4400 officia

127 4457 202 4499 mea
223 4436 335 4523 offero
344 4433 571 4519 paratissima
578 4457 593 4503 ,·
615 4437 650 4496 et
662 4434 769 4497 simul
781 4454 802 4496 a
819 4432 958 4496 Clrrr'sto
969 4431 1118 4495 Domino
1130 4434 1244 4494 nostro
1258 4436 1378 4494 cuncta
1388 4438 1469 4516 pro·

126 4557 230 4637 spera
247 4571 294 4615 ex
309 4549 423 4614 anr‘rno
433 4556 560 4635 precor.
577 4548 715 4623 Romae,
729 4548 786 4613 die
802 4571 841 4630 14
857 4548 994 4611 octobris
1009 4548 1203 4628 anni1647.
1218 4545 1470 4632 Amplitudinir

134 4668 230 4732 Tuae
244 4663 432 4753 ulr'frater
444 4664 723 4730 snedronssimus.

740 4781 937 4845 Aaousrus
960 4779 1148 4844 cardinalis
1170 4777 1402 4843 Careamus.

220 5036 252 5095 o.
277 5014 420 5077 Praeter
441 5015 528 5077 duos
550 5014 631 5075 illos
654 5013 836 5094 plusquam
859 5015 969 5076 iustae
988 5013 1234 5096 magnitudinis
1250 5014 1367 5082 libros,
1384 5013 1470 5074 duos
1533 5020 1597 5070 nuo
1625 5018 1675 5068 alii
1705 5019 1771 5069 libri
1801 5032 1819 5068 ι

126 5134 219 5197 alios
247 5131 448 5194 minutiores
470 5129 669 5193 Patriarcha
693 5131 896 5210 composuit,
919 5130 1064 5194 alterum
1088 5125 1127 5191 de
1157 5127 1345 5211 Venefien's,
1372 5147 1469 5191 occa.
1496 5090 1659 5214 ww*
1685 5104 1818 5153 ⁰⁰⁰¹P0·
