4066 6174
594 633 711 683 LIBER
735 634 773 692 11,
798 632 923 682 CAPUT
950 633 1051 683 XXX.
1426 638 1489 699 359

150 778 372 858 panderetur,
396 780 440 842 ad
463 782 566 862 ipsos,
594 779 807 862 Imperatore
838 781 984 853 deserto,
1015 782 1246 844 transiturum.
1274 779 1383 862 Apud
1413 799 1489 842 eum

32 900 124 963 trion.
148 894 273 957 vicena
297 896 505 958 bellatorum
528 896 637 959 millia
660 898 926 979 reperiebantur,
942 905 976 959 et
993 896 1028 959 in
1052 897 1093 959 iis
1110 896 1241 959 milleni
1257 894 1390 969 Gallae,
1413 895 1490 977 *qui

149 1011 247 1092 equis
272 1012 503 1082 merebantur.
527 1022 561 1077 et
583 1013 725 1075 totidem
750 1013 954 1076 illustriores
983 1011 1160 1085 Abassini,
1184 1022 1218 1076 et
1241 1013 1330 1075 inter
1353 1031 1412 1075 eos
1435 1032 1490 1075 ca·

147 1125 270 1188 tholici
287 1128 522 1208 probatissimi
534 1128 577 1190 ad
589 1137 769 1201 trecentos,
782 1129 827 1191 ad
839 1129 1059 1211 pugnandum
1077 1129 1357 1209 moriendumque
1370 1129 1489 1210 parati,

147 1242 206 1323 qui
231 1243 389 1306 maxima
412 1261 492 1327 pars
515 1245 680 1307 victoriae
704 1242 851 1308 fuerunt.
885 1242 1037 1308 Caeteris
1060 1244 1231 1327 peditibus
1254 1254 1289 1307 et
1316 1244 1489 1325 equitibus

146 1375 268 1437 parum
294 1346 481 1431 fidendum,
497 1377 576 1422 nam
591 1360 648 1422 vel
663 1361 843 1423 rusticanis
858 1360 948 1422 ultro
964 1359 1158 1432 adiiciendi,
1174 1360 1240 1430 vel,
1258 1360 1287 1422 si
1304 1360 1370 1440 ipsi
1391 1360 1489 1440 quid·

146 1491 250 1553 quam
276 1474 493 1547 obsisterent,
517 1474 551 1537 in
577 1494 656 1537 suos
678 1476 782 1557 pedes
805 1483 904 1538 erant
926 1475 1140 1537 coniiciendi.

238 1591 270 1651 6.
297 1588 498 1670 Imperator,
521 1590 580 1653 ubi
603 1591 750 1673 septima
772 1589 857 1652 iunii
879 1588 964 1663 dies,
987 1608 1074 1670 quae
1090 1589 1190 1652 lunae
1212 1597 1294 1660 erat,
1311 1589 1392 1652 anni
1412 1589 1488 1651 mil·
1551 1594 1668 1644 elatam
1691 1597 1833 1659 specimen

147 1703 260 1766 lesimi
286 1705 530 1769 sexcentesimi
561 1707 729 1789 trigesimi
752 1706 893 1769 secundi
916 1706 1043 1777 illuxit,
1067 1714 1311 1777 antecursores,
1335 1705 1485 1769 hostium
1515 1675 1542 1715 θ’
1561 1664 1726 1717 iuramenta.

146 1840 166 1881 a
189 1840 227 1882 se
252 1821 473 1884 intervallum
497 1831 531 1884 et
554 1821 657 1885 situm
687 1822 915 1903 exploratum,
939 1822 1080 1884 dimisit.
1115 1819 1202 1882 Mox
1232 1839 1330 1883 sacro
1350 1829 1385 1882 et
1408 1839 1486 1883 con·

146 1934 239 1997 cioni
264 1934 431 2009 interfuit,
456 1936 492 1999 in
513 1956 582 2018 qua
597 1957 629 2019 p.
647 1936 799 2000 Didacus
815 1957 942 2021 magna
964 1938 1104 2020 spiritus
1119 1935 1320 2000 efficacitate
1344 1946 1487 2000 cunctos

145 2053 190 2115 ad
213 2054 449 2135 pugnandum,
480 2062 515 2117 et
537 2063 596 2118 aut
618 2053 768 2136 gloriose
793 2055 1007 2127 vincendum,
1032 2063 1091 2117 aut
1114 2051 1249 2117 fortiter
1272 2053 1485 2117 moriendum

146 2188 209 2250 pro
234 2169 370 2251 imperii
394 2178 430 2232 et
452 2165 531 2232 fidei
547 2169 782 2233 incolumitate
797 2172 962 2234 incitavit.
979 2170 1229 2253 Exploratores
1251 2171 1486 2233 renuntiarunt

144 2284 267 2348 hostes
283 2303 352 2346 non
367 2285 485 2366 procul
502 2284 631 2357 abesse,
648 2293 683 2348 et
698 2287 821 2367 pedem
837 2306 956 2350 versus
971 2286 1216 2368 Imperatorem
1232 2282 1398 2349 conferre.
1414 2284 1485 2347 Ex·

145 2401 280 2482 templo
304 2398 474 2481 dispansis
496 2401 647 2474 vexillis,
679 2412 713 2464 et
736 2402 896 2482 praeliari
920 2403 1039 2464 ordine
1070 2400 1259 2483 imperialis
1286 2400 1378 2464 acies
1407 2419 1484 2482 pro-

144 2518 270 2580 cedere
294 2517 416 2598 coepit,
441 2525 475 2578 et
498 2517 572 2599 ipse
596 2516 739 2579 meridie
754 2519 789 2579 in
813 2517 902 2580 colle
925 2519 969 2580 ad
985 2517 1156 2580 sinistram
1180 2517 1355 2599 paululum
1375 2536 1485 2580 assur·

143 2642 251 2715 gente
286 2631 513 2713 interquievit.
545 2629 681 2694 Moram
715 2632 832 2695 hostes
855 2632 985 2695 nullam
1015 2634 1256 2713 interposuere,
1292 2632 1353 2695 sed
1387 2632 1485 2695 brevi

143 2767 225 2812 suas
248 2747 408 2809 cohortes
430 2766 536 2829 prope
551 2748 708 2810 eumdem
725 2757 874 2811 montem
892 2748 1078 2811 intulerunt
1094 2758 1129 2810 et
1144 2757 1311 2830 tympana
1326 2768 1367 2811 ac
1383 2749 1484 2810 tubae

143 2864 311 2926 bellicum
335 2863 492 2945 utrinque
515 2863 719 2926 cecinerunt.
745 2862 905 2926 Proxime
928 2872 1112 2946 antequam
1139 2863 1305 2945 proelium
1330 2863 1482 2934 iniretur,

142 2979 350 3060 Imperator,
374 2979 533 3061 princeps
556 2987 590 3041 et
614 2979 674 3041 alii
689 2998 736 3041 ex
752 2979 970 3063 magnatibus
993 2999 1145 3042 summae
1160 2980 1298 3061 pietatis
1313 2976 1483 3062 significa·

97 3081 101 3089 ’
143 3096 239 3157 tione
264 3094 506 3158 conscientiam
531 3095 768 3178 exomologesi
792 3114 868 3157 cum
893 3116 925 3177 p.
942 3095 1077 3158 Didaco
1101 3104 1336 3177 repurgarunt,
1362 3095 1483 3157 iureiu-

143 3212 254 3275 rando
278 3209 380 3274 fidem
403 3230 500 3273 suam
515 3211 779 3293 obstringentes,
803 3231 851 3284 se,
868 3212 897 3273 si
920 3213 1070 3274 victores
1085 3211 1279 3282 evaderent,
1301 3207 1375 3273 fore
1390 3211 1483 3273 inde·

143 3323 257 3389 fessos
287 3326 477 3389 catholicae
504 3324 585 3389 fidei
618 3325 776 3399 fautores,
809 3336 843 3390 et
877 3328 911 3389 in
942 3323 1028 3390 fines
1058 3327 1193 3408 imperii
1224 3336 1481 3410 propagatores.

144 3440 290 3505 Utinam
314 3438 459 3504 fuissent
482 3444 705 3505 executoresl

237 3575 267 3635 7.
291 3556 483 3638 Equitibus‚
508 3559 541 3619 in
567 3559 691 3638 quibus
714 3569 785 3622 tota
809 3568 882 3621 erat
910 3556 1044 3630 fiducia,
1073 3560 1275 3640 imperatum
1303 3557 1406 3639 (quod
1431 3560 1482 3621 vi·
1544 3562 1687 3627 equitatui
1705 3566 1772 3615 haec
1787 3564 1832 3616 vl·

143 3675 273 3736 ctoriae
297 3681 399 3755 caput
422 3671 507 3755 fuit),
528 3684 566 3736 ut
597 3694 717 3737 omnes
739 3676 877 3737 ordines
904 3675 1092 3755 praeirent;
1123 3675 1266 3736 sienim
1289 3674 1423 3755 pedites
1446 3675 1480 3737 in
1508 3635 1598 3686 ⁰⁸⁰¹¹⁸
1615 3635 1777 3687 dmm

142 3788 324 3870 principiis
348 3789 551 3861 locarentur,
579 3797 614 3851 et
637 3790 746 3852 hostis
775 3762 996 3860 obniteretur,
1027 3801 1085 3854 aut
1108 3802 1208 3873 terga
1230 3789 1342 3852 daturi
1373 3801 1480 3865 erant,
1515 3852 1521 3863 ,

143 3913 203 3966 aut
227 3903 280 3966 illi
302 3923 339 3966 se
363 3913 397 3966 et
421 3923 516 3967 arma
539 3906 698 3968 dedituri.
722 3903 793 3967 Ubi
816 3906 986 3987 equitatus
1010 3908 1052 3968 ad
1076 3907 1136 3968 teli
1152 3906 1279 3968 iactum
1302 3906 1481 3987 processit,

142 4019 303 4100 utrinque
326 4020 475 4081 incursio
498 4039 664 4101 suspenso
687 4021 796 4102 gradu
820 4020 973 4093 inhibita,
997 4020 1220 4084 Lastensibus
1243 4022 1481 4103 trepidationis

142 4132 272 4196 indicia
295 4133 549 4214 praebentibus,
574 4143 609 4196 et
632 4135 866 4216 imperialibus
889 4136 1113 4219 aggrediendi
1134 4136 1270 4218 signum
1294 4145 1479 4216 expectan-

140 4250 246 4312 tibus.
272 4248 390 4312 Duces
405 4249 512 4330 aliqui
528 4249 773 4333 generosiores,
790 4250 1035 4333 Imperatorem
1055 4253 1228 4323 adeuntes,
1252 4269 1414 4313 monuere
1438 4271 1481 4313 ne

138 4376 304 4448 punctum
327 4376 551 4437 cunctaretur,
576 4365 688 4428 Deum
703 4368 795 4428 enim
813 4364 980 4428 fautorem
1003 4365 1207 4429 habiturum.
1234 4366 1370 4429 Primus
1395 4365 1480 4448 ipse,

141 4482 243 4564 signo
267 4500 403 4565 pugnae
427 4481 518 4552 date,
551 4500 676 4562 equum
700 4483 733 4543 in
759 4479 1028 4544 confertissimos
1051 4482 1175 4564 globos
1199 4480 1386 4564 instigavit.
1411 4478 1481 4544 Sed

143 4596 293 4659 medium
318 4615 355 4659 se
378 4595 505 4659 obiecit
528 4597 641 4658 senior
665 4597 769 4678 ipsius
793 4594 898 4660 frater
921 4596 996 4658 Ras
1019 4596 1151 4660 Emana
1174 4594 1330 4658 Christos
1354 4603 1391 4658 ut
1407 4605 1480 4658 tan·

142 4713 259 4795 tisper,
282 4710 380 4792 quasi
403 4712 447 4774 ad
463 4710 651 4793 periculum
668 4710 892 4774 differendum
910 4722 1110 4787 moraretur;
1135 4712 1195 4774 ille
1219 4722 1332 4774 tamen
1350 4711 1478 4794 insigni

142 4827 327 4891 turbatoris
350 4827 572 4909 despicientia
596 4847 719 4909 equum
743 4828 855 4890 acrius
879 4829 1118 4900 instimulavit3
1142 4838 1176 4891 et
1192 4847 1274 4889 mox
1298 4829 1480 4909 equitatus,

141 4963 209 5006 non
241 4939 406 5006 Sanctum
438 4941 599 5005 Iacobum
632 4952 747 5006 nostro
778 4962 881 5015 more,
906 4943 967 5005 sed
993 4942 1071 5005 Iesu
1102 4963 1236 5014 nomen,
1268 4961 1313 5005 ex
1345 4953 1478 5024 patrum

139 5060 298 5123 doctrina
321 5058 530 5132 inclamavit,
555 5068 589 5121 et
605 5060 772 5122 auxilium
789 5059 1003 5140 imploravit;
1029 5058 1184 5141 idemque
1200 5056 1265 5121 fuit
1289 5058 1477 5141 irrumpere

23 5191 112 5252 [170.
139 5175 235 5258 quod
259 5170 427 5245 *vincere
452 5175 601 5236 clamare
625 5177 715 5255 quod
732 5193 903 5255 superare.
924 5174 1008 5237 Cum
1026 5176 1115 5237 onim
1133 5174 1312 5236 vulnerare
1337 5175 1479 5250 vellent,
