4124 6182
663 603 781 652 LIBER
804 602 977 671 &CAPUT
1001 603 1085 652 xm.
1479 605 1537 663 115

199 757 265 834 pus
291 750 367 835 ipse
399 751 438 814 in
468 749 699 814 sanctissimae
736 748 892 835 Virginis
929 748 1071 813 Marioe
1105 748 1180 813 aloa
1213 748 1260 812 sit
1292 747 1539 817 architectatus,

203 865 418 951 animamque
440 886 457 930 c
478 864 589 929 nihilo
611 864 778 930 eduxerit.
803 863 902 948 Qicod
921 870 1042 936 antem,
1057 864 1198 950 Spiritu
1212 865 1340 928 Saiuto
1356 863 1538 933 nominato,

203 1003 223 1044 a
244 981 371 1046 Patris
392 985 429 1045 et
449 981 544 1045 Filii
563 982 812 1067 nuncupatione
834 981 1069 1053 abstinuerint,
1098 981 1171 1046 ideo
1184 978 1333 1068 factum,
1356 985 1398 1044 ut
1420 980 1540 1043 innue-

203 1101 309 1170 retur,
333 1097 372 1160 in
395 1097 610 1161 sanctissima
638 1097 670 1160 T
666 1096 811 1161 ri'uitate
833 1097 929 1160 ultra
951 1097 1160 1182 operationes
1182 1097 1230 1161 ad
1250 1096 1346 1160 intra
1369 1095 1463 1159 nabis
1482 1101 1539 1180 pc·

203 1214 297 1277 ni'tus
319 1213 502 1285 abstrusas,
526 1213 616 1276 alios
638 1214 685 1277 ad
696 1218 806 1286 extra,
830 1213 931 1277 i'iixta
953 1218 1146 1277 sanctorum
1170 1213 1316 1276 Patrum
1339 1210 1539 1279 doctrinam,

202 1331 354 1394 cmioorc.
378 1330 413 1394 E
434 1329 553 1413 quibus
575 1350 660 1415 quae
677 1329 864 1415 potentiam
890 1336 977 1415 prae
1007 1350 1042 1394 se
1063 1328 1204 1416 ferunt,
1228 1327 1344 1400 Patri,
1373 1348 1456 1412 quac
1487 1349 1539 1391 sa·
1844 1395 1847 1403 ,

197 1446 368 1530 psontiam
398 1444 501 1519 Filio,
529 1465 613 1529 quoe
642 1466 788 1509 amorem
825 1444 988 1531 Spiritui
1014 1445 1142 1509 Sancto
1172 1444 1420 1509 adscribuntur.
1453 1442 1540 1507 Cum
1603 1448 1753 1511 Spiritui
1783 1450 1888 1499 sinito

202 1568 316 1625 autem
339 1560 433 1625 Filii
451 1560 525 1625 Dei
543 1560 737 1624 incarnatio
759 1582 927 1625 summum
943 1559 1067 1648 fuerit
1088 1559 1279 1625 dilectionis
1293 1580 1374 1646 erga
1390 1559 1541 1623 homines
1567 1519 1770 1640 Quinum
1795 1519 1887 1571 ἰωῇ

202 1679 450 1751 documentum,
473 1677 521 1741 ad
538 1697 612 1741 eom
639 1674 929 1763 manifestandam
948 1676 1175 1762 peculiariter
1206 1680 1391 1740 tercentum
1421 1676 1538 1749 decem,

202 1798 236 1857 et
256 1797 325 1857 octo
348 1792 474 1857 Patres
494 1792 654 1877 Spiritus
675 1792 801 1856 Sancti
827 1813 947 1856 nomen
977 1798 1228 1877 expresserunt.
1260 1792 1396 1856 Virtute
1426 1796 1539 1855 tamen

103 1957 109 1968 .
162 1961 169 1975 .
197 1909 356 1995 potentia
379 1913 414 1974 ct
433 1910 574 1973 creandi
585 1907 762 1996 facieltotc
783 1909 902 1983 Pater,
926 1908 1042 1973 Filius
1057 1913 1091 1973 et
1102 1908 1259 1994 Spiritus
1276 1909 1425 1973 Sanctus
1439 1907 1539 1971 *nen-

202 2026 334 2111 tiquam
357 2023 648 2089 discriminantur.

291 2164 323 2220 4.
349 2142 450 2224 Quod
467 2146 583 2204 antem
605 2138 781 2205 diocerint:
808 2142 900 2207 ‹Ex
921 2142 1052 2205 Sancta
1079 2141 1199 2205 Mario
1224 2141 1364 2227 Virgine
1383 2166 1411 2214 2,
1431 2139 1539 2228 idfa·
1567 2139 1886 2262 chfflffiffffiuffiiff

200 2263 290 2321 ctum
313 2257 484 2322 humanae
506 2262 652 2323 naturae
675 2259 813 2331 ratione,
838 2279 922 2343 quae
940 2258 1050 2322 eodem
1066 2263 1230 2321 momento
1245 2257 1341 2321 Filii
1360 2256 1541 2322 diuinitate
1566 2283 1643 2333 vim,

200 2373 312 2437 Patri
332 2373 485 2459 aequali's
501 2381 667 2460 personae
689 2375 844 2460 copulata
860 2373 954 2461 ,fuit
979 2374 1079 2456 Quod
1097 2378 1210 2437 autem
1240 2373 1376 2437 unicam
1409 2372 1544 2437 Christi

200 2489 353 2553 Domini
369 2496 550 2575 personam
585 2488 671 2554 dicae
704 2495 851 2555 naturae
883 2496 1058 2564 exornent,
1095 2490 1178 2554 libri
1201 2510 1313 2554 omnes
1346 2512 1367 2553 a
1401 2489 1539 2575 Spiritu

200 2608 331 2671 Sancto
357 2606 479 2670 di'ctoti
505 2611 684 2671 testantur.
714 2607 827 2671 Diuus
860 2606 1046 2683 Mattheus,
1076 2606 1246 2670 humanae
1275 2612 1422 2670 naturae
1452 2626 1539 2691 crgo,

200 2723 240 2785 in
262 2722 403 2785 exordio
424 2721 486 2785 sui
504 2723 675 2809 evangelii
692 2723 761 2787 ait:
791 2748 806 2781 ι
824 2723 926 2787 Liber
943 2723 1176 2810 generationis
1198 2723 1281 2786 lesu
1305 2721 1444 2798 Christi,
1460 2723 1544 2806 filii

201 2838 328 2910 Dauid,
354 2837 439 2922 filii
465 2838 670 2903 Abraham»
703 2840 757 2921 (1),
790 2840 950 2915 Ioannes,
979 2837 1114 2902 dioi'riae
1143 2838 1377 2903 aeternitatem
1403 2838 1539 2901 subodo-

200 2960 324 3018 ratus:
351 2955 432 3018 «In
454 2954 627 3039 principio
649 2960 726 3019 crat
754 2955 896 3019 Verbum
920 2960 953 3019 ct
982 2955 1124 3019 Verbum
1147 2959 1224 3019 erat
1244 2955 1339 3040 apud
1358 2955 1482 3019 Deum.
1505 2960 1539 3018 et

200 3071 300 3135 Deus
323 3075 400 3135 erot
435 3070 612 3134 Verbum»
634 3071 687 3156 (2).
720 3070 854 3136 Dioi‘na
884 3077 1012 3136 natura
1037 3076 1168 3157 tempus
1190 3076 1224 3135 ct
1244 3071 1362 3135 horam
1392 3071 1539 3156 ignorat.

199 3186 354 3250 humana
376 3186 509 3251 hoetate
538 3208 576 3251 ac
606 3188 751 3252 termino
779 3186 999 3254 concluditur.
1032 3188 1132 3271 Quod
1157 3208 1231 3252 cum
1263 3188 1301 3250 in
1324 3187 1476 3250 omnious
1498 3186 1539 3249 li-

199 3301 271 3366 bris
301 3302 350 3366 sit
373 3302 620 3389 consignatum,
646 3308 804 3388 proterve
833 3304 873 3367 ab
901 3304 1093 3390 Eutychete,
1129 3301 1375 3367 mendaciorum
1405 3303 1541 3386 artifice

199 3417 310 3482 nnius
333 3423 481 3482 naturae
511 3424 728 3494 transactore,
758 3425 792 3484 et
815 3419 1015 3485 dioiui'tatis
1040 3426 1139 3505 atque
1164 3418 1392 3483 humanitatis
1421 3423 1540 3503 tempe-

200 3540 328 3610 ratore,
344 3532 431 3621 fuit
450 3536 659 3621 denegatum.
688 3535 854 3599 Rebellem
877 3534 968 3599 hunc
989 3540 1122 3599 secutus
1144 3534 1340 3606 Dioscorus,
1370 3533 1481 3619 ipsum
1508 3538 1542 3596 et

200 3650 288 3715 alios
315 3647 488 3714 seditiosos
517 3650 625 3715 verbi's
655 3654 689 3715 ct
709 3650 823 3739 sactis
852 3652 900 3716 od
919 3650 1088 3715 Flavioni'
1106 3648 1468 3734 constantinopolitani
1487 3649 1540 3711 in-

200 3767 424 3830 ternecionem
442 3767 619 3851 promouit,
644 3765 732 3852 quod
743 3767 923 3852 ipsummet
937 3772 972 3830 ct
985 3765 1123 3837 Arium,
1148 3765 1394 3840 Macedonium,
1418 3765 1539 3828 Nesto-

201 3882 304 3956 rium,
328 3882 519 3946 Sabellium
546 3882 698 3968 aliosque
722 3883 904 3947 haeretioos
925 3888 1062 3946 sanctae
1084 3881 1261 3945 Romanae
1279 3881 1457 3955 Ecclesioe,
1481 3879 1544 3965 qui

199 3998 261 4062 sui
274 3998 452 4083 primatus
474 3999 603 4071 merita,
622 4004 723 4085 caput
735 4003 787 4063 est
800 3999 949 4062 omnium
964 3998 1204 4069 Ecclesi'arum,
1221 3996 1450 4061 anathematis
1460 4002 1540 4080 pro·

199 4114 320 4178 sei'ssas
342 4114 524 4178 nibiocerit.

293 4248 323 4309 5.
357 4231 458 4293 Hane
490 4230 528 4293 ob
553 4251 688 4295 causam
714 4230 938 4295 Patriorchoc
968 4228 1201 4304 alexandrini,
1228 4228 1388 4292 Dioscori
1417 4249 1539 4291 nuces·
1603 4228 1764 4276 Abummm
1790 4240 1887 4307 teet·

199 4368 301 4423 sores,
325 4350 359 4409 et
380 4346 443 4431 qui
463 4347 503 4409 ab
525 4348 574 4411 eis
601 4347 639 4410 in
665 4347 884 4432 Aethiopiam
912 4347 1140 4418 mittebantur,
1167 4343 1322 4409 ueritatis
1347 4341 1461 4407 inedia
1489 4344 1539 4407 la·
1567 4297 1690 4419 mum
1715 4296 1828 4361 Μαι
1852 4297 1887 4346 ¹¹·

201 4464 364 4527 borantes
395 4461 571 4527 Christum
601 4464 640 4526 i'n
671 4464 777 4526 uni'us
806 4453 955 4527 naturae
987 4461 1205 4527 sterilitatem
1239 4459 1481 4524 contrahebant
1508 4465 1542 4523 et

201 4577 387 4663 aequitatis
416 4578 515 4653 dem'i,
546 4578 707 4666 indignas
736 4578 961 4666 inferioribus
990 4578 1157 4642 Ecclesioe
1183 4576 1363 4650 ministris,
1387 4596 1430 4638 ue
1459 4576 1539 4638 diem

200 4693 379 4779 Episcopi‘s
400 4700 436 4758 et
456 4695 684 4767 Patriorchis,
712 4695 850 4758 semitas
876 4694 1086 4765 insistebant,
1107 4693 1295 4778 procaciter
1322 4692 1481 4755 nubentes
1507 4698 1542 4754 et

192 4809 295 4894 ‚filios
313 4815 540 4896 procreantes,
565 4831 706 4896 quorum
729 4811 814 4887 nati,
837 4815 871 4875 ct
894 4811 972 4874 nati
991 4815 1150 4873 natarum
1173 4814 1207 4872 et
1225 4808 1287 4893 qui
1302 4812 1486 4871 nascentur
1500 4807 1541 4869 ab

203 4924 289 4996 illis,
310 4931 497 5011 paternam
524 4924 771 5011 impudicitiam
800 4926 838 4989 iu
865 4925 1049 5010 Aethiopia
1077 4925 1299 4989 testabuntur.
1323 4923 1469 4985 Nubiles
1496 4919 1543 4983 ad

291 5173 334 5244 (1)
351 5175 465 5231 Metili..
488 5186 509 5231 1,
529 5190 554 5227 n.
577 5186 598 5226 1.
618 5202 653 5213 -
670 5186 712 5235 (α)
733 5177 815 5231 loon,
839 5186 859 5231 1,
879 5192 904 5226 n,
928 5187 948 5227 ι.
