4066 6174
648 2078 835 2155 CAPUT
863 2079 1030 2163 XXXII.

222 2352 226 2364 ¹
341 2372 474 2468 impio
502 2373 727 2469 praeconio
755 2375 949 2449 Romana
976 2374 1078 2449 fides
1105 2372 1331 2459 dimittitur,

469 2507 754 2582 Alexandrina
776 2507 948 2603 perfidia
975 2517 1202 2584 revocatur.

258 2873 285 2916 1.
310 2852 394 2916 Dies
417 2854 527 2917 sancti
550 2852 689 2918 Ioannis
712 2854 890 2937 Baptistae
913 2855 1085 2918 nativitati
1115 2856 1237 2927 dicata,
1262 2873 1350 2935 quae
1373 2857 1408 2916 in
1435 2853 1501 2916 Lu·
1563 2862 1736 2913 univiras
1758 2863 1849 2913 uncti
1926 2866 1930 2872 ·

163 2971 275 3031 sitana
287 2970 516 3032 communium
528 2988 689 3051 pyrarum
702 2970 899 3032 incensione
910 2971 1108 3041 celebratur,
1121 2980 1157 3032 et
1168 2967 1245 3033 finis
1257 2980 1309 3033 est
1320 2970 1501 3033 locationis
1528 2935 1849 3069 {fflssfflgffif

163 3086 314 3167 priorum
338 3084 485 3158 aedium,
509 3085 797 3166 locandarumque
820 3086 1034 3167 principium,
1060 3086 1103 3147 ab
1125 3086 1279 3150 haeresis
1310 3084 1501 3149 fautoribus
1527 3076 1638 3126 ’‘lm-

42 3240 48 3253 ·
101 3239 137 3263 .·
164 3210 197 3263 et
220 3202 462 3283 impulsoribus
485 3200 614 3265 *electa
637 3210 689 3265 est
713 3213 748 3264 ut
771 3201 952 3264 Romanae
975 3198 1053 3262 fidei
1078 3202 1121 3263 ab
1145 3201 1275 3264 eisdem
1298 3204 1341 3264 ad
1372 3214 1500 3265 certum

164 3327 299 3399 tempus
321 3318 449 3381 locatio
472 3315 564 3380 facta
581 3318 816 3381 absolveretur
839 3326 874 3379 et
894 3318 928 3378 in
944 3309 1066 3398 pyram
1094 3317 1284 3379 lactaretur.
1308 3317 1394 3380 Cum
1410 3319 1500 3380 enirn

164 3433 208 3494 ab
231 3434 274 3495 iis
297 3434 412 3496 omnia
434 3434 502 3495 iam
526 3453 572 3495 ex
595 3433 701 3496 animi
723 3433 893 3495 sententia
912 3442 1108 3512 comparata
1130 3442 1253 3504 essent,
1278 3433 1322 3496 ad
1344 3433 1501 3496 matutini

164 3549 310 3610 rumoris
333 3567 449 3611 auram
473 3551 586 3612 curiae
610 3550 730 3611 atrium
748 3568 787 3611 ac
811 3558 906 3629 septa
929 3548 1090 3610 viliorum
1107 3547 1254 3611 militum
1269 3567 1376 3631 grege
1391 3558 1426 3612 et
1441 3568 1501 3630 po·

164 3665 275 3746 pulari
298 3666 514 3728 multitudine
545 3675 752 3729 aestuarunt.
783 3664 823 3727 In
850 3665 964 3727 aulam
996 3663 1217 3745 imperatoris
1248 3666 1393 3748 ingressi
1424 3676 1501 3727 sunt

162 3798 321 3862 proceres
343 3799 421 3843 cum
446 3779 587 3844 Abbate
611 3780 840 3853 Athanataeo,
865 3778 962 3864 Agdi
979 3782 1134 3844 coenobii
1152 3779 1186 3842 in
1203 3790 1376 3862 postremo
1392 3782 1501 3844 limite

163 3893 316 3959 Enfrazii
333 3898 508 3980 magistro,
524 3898 583 3979 qui
599 3897 692 3960 velut
709 3896 860 3959 omnium
875 3916 915 3960 os
934 3896 1044 3959 eidem
1061 3897 1168 3959 dixit:
1192 3896 1377 3979 Imperium
1401 3897 1501 3960 huius

161 4009 242 4075 fidei
266 4032 368 4076 causa
392 4031 566 4085 corruere;
589 4020 721 4075 tantam
737 4013 868 4074 ruinam
885 4013 954 4075 iam
969 4013 1115 4084 sisteret,
1139 4021 1173 4075 et
1197 4021 1339 4075 cunctos
1361 4009 1427 4076 fide
1442 4032 1500 4094 pa·

161 4140 261 4193 terna
284 4139 318 4193 et
341 4129 435 4192 avita
459 4128 658 4211 impertiret.
689 4127 729 4190 In
753 4129 891 4192 easdem
915 4148 1033 4210 preces
1055 4130 1179 4192 caeteri
1211 4132 1332 4194 ierunt.
1368 4128 1500 4192 Horam

162 4247 232 4309 iam
244 4245 425 4309 advenisse
437 4243 645 4327 significavit
657 4244 857 4326 Imperator,
869 4244 930 4306 sed
942 4254 1083 4307 cunctos
1096 4245 1130 4306 in
1142 4247 1292 4326 speciem
1304 4244 1352 4323 (ut
1367 4254 1501 4325 tempus

162 4362 325 4443 ostendit)
348 4362 391 4424 ad
416 4360 649 4424 Patriarcham
673 4361 812 4431 dimisit,
844 4379 958 4421 coram
982 4380 1059 4440 qu0,
1091 4360 1253 4442 episcopo
1283 4370 1317 4422 et
1348 4360 1501 4440 patribus

162 4488 279 4548 stans,
293 4476 341 4539 ita
364 4475 497 4539 locutus
520 4487 572 4539 est
595 4477 710 4557 regius
733 4494 937 4538 aeconomus
961 4473 1187 4537 Zamarianus

255 4612 283 4654 2.
309 4591 505 4654 Romanam
529 4589 631 4653 fidem
655 4610 771 4654 sumus
786 4590 950 4672 amplexi,
973 4600 1008 4653 et
1029 4600 1067 4653 ut
1083 4591 1215 4654 radices
1237 4600 1365 4674 ageret,
1389 4610 1430 4653 ac
1444 4589 1500 4653 fir·
1556 4602 1783 4664 1mpenrorlrad
1795 4604 1849 4651 Ρι-

163 4718 323 4779 meretur,
363 4726 488 4790 magna
519 4707 737 4771 solicitudine
768 4721 804 4776 et
836 4710 993 4776 excubiis
1023 4707 1172 4771 connixi.
1203 4708 1260 4770 illi
1291 4720 1404 4770 tamen
1435 4726 1501 4769 non
1528 4671 1677 4721 mmm
1708 4673 1849 4724 aunuum.

163 4823 349 4886 admodum
362 4822 460 4885 multi
473 4823 726 4904 applauserunt.
744 4825 867 4901 Iulius,
885 4850 932 4895 ex
947 4825 1108 4889 intestino
1124 4824 1158 4885 in
1170 4822 1247 4886 Ras
1258 4820 1340 4885 Sela
1350 4821 1505 4885 Christds

162 4939 252 5011 odio,
278 4940 313 5002 in
337 4958 400 5001 nos
430 4936 617 5009 rebellavit.
648 4941 821 5026 antiquae
854 4943 938 5010 fidei
968 4940 1271 5024 propugnationem
1302 4939 1506 5009 obtendens,

163 5073 231 5135 qua
254 5072 341 5117 voce
358 5054 481 5115 multos
497 5054 559 5115 sibi
575 5065 788 5139 aggregavit
808 5069 846 5122 et
865 5079 945 5127 cum
970 5060 1010 5120 iis
1034 5074 1152 5119 caesus
1167 5064 1228 5117 est.
1252 5053 1348 5115 idern
1364 5049 1511 5133 Caprael
