4166 6182
513 592 614 640 XVIII
1053 593 1314 642 INTRODUCTIO

510 756 567 813 est
585 741 598 831 (
606 740 648 837 1),
670 739 762 813 illud
783 741 884 813 brevi
904 766 1092 837 exponam
1124 742 1226 836 quod
1255 742 1400 814 Romae
1428 740 1600 836 patravit.
1629 740 1772 813 Urbem
1798 754 1849 814 at·

511 873 596 968 tigit
614 875 683 947 sub
703 875 814 947 tinem
834 874 922 946 anni
949 877 1043 962 1632
1062 888 1098 947 et
1115 873 1262 948 traditis
1277 874 1315 946 S.
1333 872 1631 969 Congregationi
1647 873 1696 946 de
1711 874 1850 968 Propa-

509 1002 636 1101 ganda
655 1006 746 1079 Fide
766 1005 1083 1080 commendatitiis
1102 1006 1274 1102 epistolis
1296 1007 1573 1080 moderatorum
1595 1021 1846 1079 conventuum

510 1138 680 1213 Fratrum
702 1138 888 1213 Minorum
909 1140 1007 1213 Cairi
1027 1155 1064 1213 et
1084 1138 1448 1236 Hierosolymorum,
1465 1140 1600 1235 quibus
1622 1140 1746 1236 ipsum
1762 1164 1846 1213 esse

509 1272 736 1369 Aethiopiae
774 1272 981 1369 principem
1011 1287 1047 1346 et
1076 1272 1200 1346 lacobi
1233 1272 1468 1369 imperatoris
1498 1287 1674 1369 nepotem
1708 1298 1848 1347 assere-

510 1407 618 1479 batur
633 1405 695 1502 (2),
718 1406 834 1479 multa
861 1422 898 1479 et
925 1406 1056 1500 gravia
1084 1420 1214 1479 contra
1243 1405 1500 1479 Patriarcham
1521 1420 1558 1479 et
1577 1419 1702 1502 patres
1722 1403 1848 1479 Socie-

511 1538 598 1612 tatis
615 1537 762 1623 effutiit,
784 1563 954 1612 asserens
975 1539 1203 1635 Aethiopum
1223 1538 1350 1611 odium
1373 1564 1446 1612 non
1468 1554 1600 1613 contra
1623 1538 1846 1634 religionem

511 1671 748 1757 catholicam,
769 1673 834 1746 sed
855 1687 984 1746 contra
1004 1671 1160 1745 lesuitas
1179 1688 1217 1744 et
1235 1671 1434 1745 Lusitanos
1452 1671 1648 1749 exarsisse.
1670 1671 1796 1764 Quare
1815 1670 1846 1745 si

511 1807 645 1878 eodem
675 1804 908 1878 mitterentur
936 1804 1172 1892 missionarii,
1201 1804 1264 1900 qui
1294 1829 1362 1878 nec
1391 1805 1549 1878 lesuitae
1578 1830 1647 1878 nec
1676 1803 1845 1878 Lusitani

511 1951 646 2022 essent,
676 1962 827 2011 omnem
856 1937 1152 2034 persecutionem
1181 1937 1285 2011 brevi
1324 1939 1434 2010 finem
1473 1938 1694 2011 habituram.
1734 1936 1847 2029 Quod

511 2071 542 2145 si
570 2071 686 2144 Sacra
713 2069 968 2167 Congregatio
996 2071 1102 2144 daret
1130 2071 1271 2145 litteras
1299 2072 1347 2144 ad
1375 2070 1569 2167 Principes
1598 2072 1775 2166 Europae
1808 2070 1846 2145 in

511 2204 568 2278 sui
597 2205 764 2277 favorem
795 2206 846 2278 ita
873 2218 913 2277 ut
941 2229 1098 2300 regnum
1127 2203 1286 2300 adipisci
1316 2219 1455 2299 posset,
1485 2202 1659 2300 promisit
1695 2230 1736 2278 se
1770 2210 1850 2277 om-'

512 2362 596 2409 nem
626 2361 778 2432 operam
817 2337 989 2410 daturum
1027 2352 1067 2411 ut
1104 2337 1237 2433 religio
1275 2336 1461 2411 catholica
1493 2336 1530 2410 in
1560 2335 1767 2432 Aethiopia
1795 2337 1846 2409 in·

511 2484 746 2556 stauraretur,
777 2470 893 2543 immo
921 2484 958 2543 et
987 2469 1154 2565 pristinis
1173 2469 1363 2543 favoribus
1383 2471 1642 2543 cumularetur.
1669 2470 1718 2543 Et
1738 2469 1845 2543 initio

590 2717 636 2795 (1)
659 2718 811 2776 Commeat.
835 2718 875 2776 ad
893 2718 1017 2787 Histor„
1040 2716 1078 2787 ll,
1101 2734 1129 2791 t),
1150 2730 1198 2790 35,
1219 2720 1250 2789 ἓξ
1272 2730 1332 2789 5-7.

591 2819 636 2888 (2)
661 2815 800 2890 «Copia.
825 2850 862 2860 -
885 2814 951 2874 Nos
972 2815 1064 2874 frater
1087 2815 1196 2874 Paulus
1216 2833 1235 2874 a
1257 2814 1363 2872 Lauda
1378 2812 1505 2873 Ordinis
1520 2814 1597 2872 MM.
1616 2815 1779 2874 strictioris
1793 2817 1846 2875 ob·

510 2913 680 2972 servantiae
693 2957 710 2971 ..
731 2915 918 2989 apostolicus
939 2915 1175 2983 commissarius,
1190 2912 1302 2971 Terrae
1317 2912 1449 2971 Sanctae
1467 2921 1569 2972 custos
1584 2931 1621 2971 ac
1635 2913 1716 2971 sacri
1732 2915 1846 2972 montis

509 3009 584 3068 Sion
606 3011 792 3086 guardianus
813 3021 843 3068 et
864 3029 967 3070 servus
981 3022 1038 3070 etc.
1055 3011 1212 3069 Universis
1226 3020 1256 3068 et
1271 3011 1428 3084 singulis...
1446 3010 1538 3068 tidem
1553 3010 1685 3069 facimus
1699 3028 1738 3069 ac
1753 3012 1845 3070 verbo

510 3108 646 3166 veritatis
667 3117 847 3167 attestamur
867 3110 997 3184 qualiter
1018 3109 1113 3167 lll.¹²²¹¹
1131 3108 1337 3184 praesentium
1360 3109 1438 3165 lator
1452 3108 1578 3166 nomine
1593 3108 1688 3166 Aabel
1705 3107 1844 3166 Messinh

510 3224 562 3263 seu
584 3206 778 3276 Athanasius,
800 3207 908 3264 aetatis
929 3224 1079 3265 annorum
1100 3206 1255 3263 sexdecim
1276 3215 1323 3281 tut
1345 3205 1410 3280 ipse
1432 3204 1497 3281 ait),
1519 3206 1593 3262 dum
1616 3223 1673 3263 nos
1694 3206 1727 3263 in
1743 3205 1844 3282 Cayro

510 3304 657 3379 praefecti
678 3304 779 3363 officio
802 3304 963 3379 iungentes
985 3304 1166 3361 missionum
1187 3303 1219 3360 iu
1234 3320 1329 3378 regno
1343 3302 1482 3378 Aegypti,
1498 3302 1631 3360 visitavit
1645 3301 1751 3360 Ill.mum
1763 3304 1845 3362 Con·

510 3402 607 3459 sulem
628 3400 781 3459 Venetum
802 3401 966 3459 comitatus
986 3420 1005 3458 a
1025 3401 1120 3458 tribus
1141 3400 1235 3459 servis
1256 3401 1319 3457 suis
1339 3410 1370 3458 et
1384 3400 1488 3458 medio
1503 3400 1667 3475 interprete
1682 3400 1761 3458 dixit
1775 3420 1844 3459 cum

511 3517 623 3574 magna
643 3500 738 3556 animi
760 3499 881 3556 tristitia
902 3517 934 3555 se
955 3516 1021 3556 esse
1044 3497 1138 3555 lilium
1161 3498 1283 3555 Claudii
1305 3495 1382 3555 Arni
1404 3498 1482 3573 regis
1503 3497 1601 3567 labes,
1616 3498 1679 3572 qui,
1695 3516 1767 3556 cum
1781 3517 1844 3557 non

510 3606 590 3653 esset
610 3596 789 3665 catholicus,
812 3615 829 3653 a
851 3595 976 3671 proprio
998 3597 1090 3653 fratre
1112 3596 1174 3652 iam
1190 3594 1281 3651 tidem
1296 3603 1432 3653 nostram
1448 3594 1611 3671 profitente
1626 3594 1844 3654 Lusitanorum

510 3693 664 3768 praesidio
686 3693 743 3750 suit
764 3694 893 3762 occisus,
917 3692 1047 3767 filiisque
1068 3692 1146 3767 regis
1167 3690 1240 3749 hinc
1262 3693 1335 3749 inde
1364 3692 1559 3768 fugientibus,
1589 3711 1718 3768 regnum
1747 3694 1845 3752 fratri·

510 3791 581 3850 cida
602 3791 766 3865 usurpavit.
791 3789 865 3858 Nos,
887 3790 963 3848 haec
985 3800 1015 3847 et
1037 3790 1133 3846 multa
1159 3789 1220 3847 alia
1249 3789 1408 3847 audientes
1436 3800 1467 3847 et
1495 3791 1624 3848 senilem
1653 3791 1792 3849 animum
1814 3792 1844 3849 in

510 3907 548 3947 eo
569 3888 801 3964 prospicientes,
822 3906 876 3962 pro
898 3888 994 3945 nostri
1016 3888 1149 3944 muneris
1171 3886 1290 3944 ratione
1312 3886 1397 3944 illum
1419 3888 1458 3945 ad
1481 3896 1619 3945 nostrum
1651 3889 1845 3947 domicilium

510 3986 643 4060 benigne
666 3986 871 4052 invitavimus,
894 3984 1030 4041 intimius
1052 3984 1208 4058 praedicta
1230 3984 1435 4041 intelleximus
1456 3994 1487 4041 et
1505 3987 1621 4058 genrirm
1642 4006 1711 4043 sone
1737 3989 1844 4062 regiam

510 4085 732 4157 introspeximus
749 4093 945 4156 mentemque
967 4082 1048 4139 illius
1069 4080 1276 4148 excitavimus,
1299 4081 1412 4139 litteras
1435 4083 1706 4140 commendatitias
1727 4083 1845 4142 Ieroso·

511 4181 591 4237 limis
620 4179 817 4247 exhibendas,
850 4197 912 4254 quo
944 4178 1096 4253 proticIsci
1123 4178 1297 4235 devotionis
1325 4197 1417 4236 causa
1446 4197 1641 4254 summopere
1670 4180 1844 4250 affectabat,

509 4278 660 4335 dedimus.
682 4277 893 4334 lerosolimam
916 4277 1125 4351 perveniens...
1147 4276 1213 4332 eius
1235 4294 1336 4333 rumor
1357 4277 1396 4333 ad
1425 4277 1631 4352 patriarcham
1661 4276 1844 4353 Gregorium

510 4384 540 4433 et
562 4373 748 4450 Episcopum
770 4374 973 4432 Armenorum
996 4374 1133 4449 pervenit
1154 4390 1320 4447 eorumque
1341 4373 1461 4432 favores
1482 4383 1513 4431 et
1534 4373 1709 4433 oblationes
1723 4394 1845 4435 recusa·

510 4473 582 4530 vit...
603 4470 717 4530 Verum
738 4473 904 4547 prudenter
925 4473 1037 4529 timens
1057 4471 1192 4545 aliquam
1215 4471 1457 4544 persecutionem
1484 4471 1523 4528 ab
1550 4471 1662 4529 invidis
1692 4473 1773 4532 sorte
1802 4492 1845 4532 su·

509 4571 650 4627 scitatam
673 4569 717 4639 iri,
740 4587 869 4643 quorum
891 4587 990 4626 mores
1011 4568 1174 4644 respuebat
1194 4577 1224 4624 et
1246 4568 1474 4638 contemnebat,
1497 4568 1625 4643 supplex
1647 4572 1738 4645 petiit
1753 4589 1845 4647 quam

510 4666 599 4725 citius
621 4686 638 4723 e
659 4686 745 4725 sacra
766 4668 889 4724 civitate
910 4667 1013 4740 egredi
1036 4676 1066 4723 et
1087 4666 1160 4722 alibi
1183 4667 1382 4722 commorari:
1405 4667 1487 4723 unde
1509 4667 1548 4723 ad
1563 4684 1685 4724 sacrum
1710 4687 1845 4728 conven-

509 4775 573 4822 tum
596 4762 749 4821 Nazareth
771 4764 944 4839 profectus..
978 4764 1009 4820 iu
1031 4763 1172 4820 manibus
1194 4762 1320 4819 fratrum
1350 4764 1485 4820 totaliter
1513 4781 1545 4820 se
1574 4764 1672 4834 dedit,
1695 4785 1714 4824 a
1736 4769 1846 4843 quibus

509 4861 623 4919 infide
655 4862 807 4919 catholica
835 4863 1021 4918 instructus..
1064 4859 1202 4916 Audiens
1233 4868 1340 4933 postea
1361 4877 1417 4917 nos
1439 4861 1543 4917 divina
1576 4862 1780 4924 miseratione
1807 4866 1845 4924 ad

507 4960 726 5033 guardianatus
748 4959 986 5017 lerosolimitani
1008 4958 1142 5016 officium
1165 4956 1256 5013 fuisse
1277 4967 1449 5032 assumptos
1471 4968 1501 5015 et
1522 4976 1576 5033 per
1600 4958 1759 5020 Nazareth
1781 4981 1846 5022 esse

509 5057 696 5126 transituros,
718 5076 838 5114 summo
860 5057 1047 5114 afficiebatur
1071 5055 1184 5127 gaudio
1216 5053 1342 5127 cupiens
1373 5056 1542 5113 solemnem
1575 5056 1647 5114 fidei
1670 5061 1846 5121 catholicae

508 5154 731 5229 professionem
754 5154 784 5210 in
808 5154 949 5210 manibus
971 5153 1082 5210 nostris
1103 5151 1304 5219 committere,
1326 5152 1404 5209 sicut
1426 5153 1540 5209 ibidem
1562 5154 1706 5214 effective
1733 5177 1846 5234 magno
