4124 6182
716 547 832 594 LIBER
857 548 879 605 Ι,
905 546 1029 596 CAPUT
1053 549 1088 597 V.
1527 554 1565 613 57

230 695 356 756 scrinia
387 696 605 775 rationesque
633 696 825 758 committit.
857 693 915 756 Ex
946 714 1013 777 quo
1044 696 1135 777 apud
1165 694 1302 777 Regem
1335 714 1460 778 magno
1491 704 1570 759 sunt

230 812 338 874 habiti
363 810 399 872 in
423 810 554 873 honore
576 821 611 873 et
634 830 759 874 amore.
783 808 853 874 Sed
877 831 954 873 cum
977 812 1070 873 illius
1097 808 1204 874 fatum
1236 812 1440 884 advenisset,
1472 815 1570 895 regni

232 928 415 990 haeredem
439 928 503 989 sub
526 928 646 990 matris
669 928 777 990 tutela
799 927 947 1009 reliquit,
971 936 1006 989 et
1033 928 1165 990 duobus
1195 928 1470 991 adolescentibus
1501 949 1570 1010 quo

233 1043 361 1105 vellent
396 1043 499 1105 eundi
533 1043 677 1105 liberam
709 1040 791 1105 fecit
824 1051 1039 1125 potestatem.
1074 1042 1150 1115 Illa,
1186 1062 1273 1125 quae
1307 1045 1393 1106 nihil
1427 1054 1500 1107 1010
1534 1046 1570 1107 in

233 1179 339 1243 regno
372 1157 507 1222 fidelius
538 1178 602 1222 nec
633 1160 815 1240 pretiosius
837 1160 988 1230 haberet,
1020 1160 1159 1222 eosdem
1189 1160 1389 1241 suppliciter
1418 1171 1570 1233 eratne

234 1296 270 1338 se
294 1277 464 1348 deserant,
487 1276 600 1358 quoad
623 1272 714 1338 filius
737 1294 798 1358 per
821 1285 968 1338 aetatem
991 1277 1089 1359 regni
1107 1275 1259 1339 habenas
1281 1285 1428 1339 tractare
1451 1278 1569 1358 possit.

234 1393 459 1474 Praecipuum
484 1411 566 1454 vero
589 1392 643 1453 illi
667 1401 739 1455 erat
763 1393 797 1453 in
821 1390 1009 1454 Frumentii
1035 1392 1214 1473 prudentia
1244 1401 1463 1465 momentum,
1491 1412 1570 1455 nam

234 1508 407 1571 Aedesius
431 1526 549 1589 puram
580 1508 800 1571 sobrietatem
831 1508 1035 1589 simplicitus
1059 1509 1203 1570 colebat.
1231 1506 1303 1570 Eos
1333 1516 1369 1571 ut
1400 1511 1569 1581 exoravit,

235 1644 310 1687 cum
334 1626 433 1707 regni
453 1625 686 1707 gubernacula
701 1624 918 1687 Frumentius
932 1642 1016 1706 prae
1031 1626 1188 1687 manibus
1202 1624 1353 1696 haberet,
1371 1623 1448 1687 Deo
1464 1626 1571 1706 ipsius

234 1750 382 1803 mentem
399 1741 643 1812 instimulante,
660 1741 828 1803 sollicitus
845 1740 917 1822 [sic]
933 1740 1050 1802 rimari
1066 1741 1189 1821 coepit,
1207 1760 1287 1802 num
1303 1742 1392 1803 inter
1410 1760 1569 1803 romanos

234 1859 467 1940 negotiatores
482 1858 526 1919 ad
542 1858 672 1939 regiam
689 1855 908 1929 confluentes,
924 1857 1029 1938 aliqui
1046 1867 1160 1919 essent
1176 1857 1361 1919 christiani.
1385 1854 1471 1919 Cum
1487 1876 1570 1919 vero

234 1975 367 2054 aliquos
390 1975 581 2055 reperisset,
606 1975 689 2055 ipsis
713 1975 948 2036 auctoritatem
968 1974 1156 2035 maximam
1172 1974 1399 2043 commodare,
1416 1992 1517 2054 porro
1533 1982 1570 2036 ut

234 2099 416 2173 pergerent
440 2102 474 2153 et
497 2091 737 2153 conventicula
760 2108 821 2171 per
852 2091 929 2151 loca
951 2090 1087 2172 singula
1117 2086 1278 2161 facerent,
1310 2091 1344 2151 in
1369 2091 1491 2171 quibus
1517 2108 1570 2151 ro·

233 2226 335 2269 mano
364 2208 431 2268 ritu
462 2209 683 2269 convenirent
714 2226 863 2269 monere.
896 2205 975 2287 Ipse
1007 2206 1187 2268 instantius
1223 2206 1341 2268 eadem
1377 2216 1569 2287 praestare3

234 2336 388 2388 coeteros
411 2324 600 2396 cohortari;
624 2321 742 2386 favore
765 2333 800 2387 et
822 2322 998 2386 beneficiis
1021 2324 1183 2396 invitare;
1214 2322 1379 2403 quidquid
1411 2331 1570 2403 opportu-

234 2461 314 2503 num
338 2450 430 2503 esset
452 2441 634 2522 praebere,
665 2442 742 2501 loca
766 2437 932 2502 aedificiis
958 2448 992 2500 et
1022 2439 1091 2502 alia
1120 2439 1314 2501 necessaria
1344 2437 1507 2500 exhibere
1537 2447 1571 2499 et

234 2558 326 2619 omni
344 2556 448 2618 modo
463 2566 620 2638 satagere
636 2566 674 2619 ut
689 2556 951 2619 christianorum
967 2576 1091 2618 nomen
1107 2555 1195 2618 altas
1211 2555 1283 2616 illic
1304 2555 1437 2617 radices
1453 2563 1572 2637 ageret

234 2684 269 2736 et
292 2673 393 2736 laetis
416 2673 639 2755 proventibus
663 2674 879 2735 exuberaret.

325 2806 354 2866 5.
379 2787 449 2852 Sed
474 2808 552 2851 cum
576 2790 690 2871 regius
713 2808 799 2871 puer
822 2788 1038 2856 adolevisset,
1055 2798 1089 2849 et
1104 2806 1207 2867 quam
1224 2787 1291 2848 duo
1307 2786 1447 2846 iuvenes
1464 2783 1571 2866 ipsius

234 2908 372 2969 nomine
395 2906 571 2989 gerebant,
595 2906 693 2985 regni
718 2905 992 2985 procurationem
1016 2904 1125 2965 eidem
1146 2903 1365 2965 tradidissent
1381 2921 1443 2963 nec
1460 2902 1569 2981 ipsum

234 3033 268 3084 et
292 3034 436 3085 matrem
464 3022 618 3084 morandi
650 3041 770 3083 causas
800 3030 974 3082 nectentes
1006 3019 1171 3090 audirent,
1203 3018 1340 3079 tandem
1366 3019 1400 3078 in
1425 3019 1571 3097 patriam

234 3149 314 3202 sunt
337 3140 495 3221 regressi.
513 3137 685 3200 Aedesius
708 3137 846 3217 quidem
862 3135 992 3217 Tyrum
1016 3135 1170 3204 tetendit,
1188 3135 1248 3195 sed
1269 3133 1486 3195 Frumentius
1510 3153 1571 3195 sua

235 3257 346 3337 magis
369 3273 472 3334 quam
496 3255 614 3315 divina
636 3271 754 3314 curare
779 3253 956 3333 indignum
973 3250 1196 3333 perpendens,
1221 3249 1473 3311 Alexandriam
1496 3268 1571 3330 per·

234 3371 336 3441 rexit,
361 3372 395 3431 in
419 3389 487 3450 qua
510 3388 674 3449 magnum
690 3368 918 3430 Athanasium
935 3366 1078 3430 offendit
1094 3368 1129 3429 in
1146 3366 1254 3427 Marci
1271 3365 1433 3427 cathedra
1452 3384 1571 3427 recens

234 3489 480 3557 considentem,
505 3486 558 3547 cui
583 3486 698 3547 omnia
714 3485 896 3546 ordinatim
916 3481 1138 3547 manifestans
1162 3482 1382 3545 ecclesiarum
1401 3483 1468 3543 iam
1492 3500 1572 3543 con-

232 3614 439 3667 structarum
471 3621 660 3673 numerum,
691 3611 725 3663 et
756 3583 1055 3663 construendarum
1091 3597 1292 3661 facilitatem
1323 3607 1357 3660 et
1391 3599 1505 3679 gentis
1536 3599 1571 3659 in

233 3721 455 3783 christianum
480 3738 602 3780 nomen
626 3718 879 3799 proclivitatem
899 3717 1059 3797 exponit3
1083 3726 1118 3778 et
1141 3723 1178 3777 ut
1201 3716 1397 3796 episcopum
1422 3714 1570 3796 aliquem

232 3839 356 3907 mittat,
381 3837 440 3916 qui
463 3836 580 3917 plures
603 3833 739 3896 Christo
763 3832 853 3895 filios
876 3834 996 3914 pariat,
1019 3834 1229 3913 deprecatur.
1253 3830 1342 3893 Tum
1362 3850 1444 3892 vero
1459 3830 1570 3893 Atha·

232 3956 358 4025 nasius,
372 3971 537 4034 perpensa
563 3949 751 4012 Frumentii
767 3951 982 4031 synceritate,
1003 3960 1037 4009 et
1053 3948 1151 4010 senili
1167 3950 1200 4008 in
1217 3945 1340 4009 florido
1356 3947 1467 4008 adhuc
1483 3966 1571 4008 aevo

233 4071 441 4140 maturitate,
465 4071 576 4150 ipsum
600 4067 804 4130 sacerdotali
828 4067 975 4127 coneilio
999 4064 1049 4127 sic
1071 4073 1123 4126 est
1138 4061 1279 4126 affatus:
1295 4061 1448 4142 Ecquem
1466 4061 1570 4122 alium

233 4187 448 4248 inveniemus
471 4203 572 4266 quem
596 4203 705 4264 aeque
728 4181 795 4244 Dei
819 4182 957 4264 spiritus
981 4201 1021 4242 ac
1043 4190 1078 4243 te
1102 4179 1261 4251 induerit,
1285 4188 1321 4240 ut
1352 4197 1439 4257 quae
1470 4184 1570 4256 optas

232 4305 343 4385 possit
366 4300 527 4381 implere?
553 4297 751 4381 Episcopali
779 4317 862 4380 ergo
892 4297 1088 4358 charactere
1112 4304 1146 4356 et
1169 4313 1306 4354 munere
1338 4294 1401 4373 ipsi
1434 4291 1570 4363 tradito,

233 4418 391 4481 eumdem
417 4414 530 4480 fausta
553 4417 722 4479 ominatus
745 4416 780 4476 in
807 4413 941 4476 Indiam
972 4412 1123 4482 remittit,
1154 4429 1256 4490 quam
1287 4428 1364 4470 cum
1396 4409 1571 4480 tenuisset,

233 4547 330 4600 tanta
352 4536 385 4596 01
409 4555 429 4595 a
452 4533 529 4596 Deo
553 4534 706 4613 impensa
729 4541 781 4594 051
803 4531 923 4612 gratia,
941 4538 977 4590 ut
995 4527 1178 4589 virtutibus
1195 4533 1228 4586 01
1245 4525 1418 4586 miraculis
1434 4534 1572 4604 aposto-

234 4654 311 4715 licis
326 4651 524 4713 inclaruerit
547 4659 581 4712 et
604 4667 729 4730 magna
752 4648 889 4709 illorum
913 4639 1150 4707 barbaro*rum
1174 4642 1218 4702 ad
1234 4641 1452 4702 christianam
1468 4636 1571 4702 fidem

233 4785 479 4831 conversorum
506 4763 598 4827 facta
622 4763 666 4826 sit
689 4763 850 4825 00003510.
883 4760 967 4823 111110
1000 4759 1035 4821 in
1066 4757 1238 4821 inferioris
1267 4756 1386 4818 Indiae
1416 4756 1572 4835 partibus

233 4885 457 4947 christianum
481 4900 604 4943 nomen
635 4878 803 4941 firmatum
827 4889 889 4949 est,
920 4876 1085 4938 ecclesiae
1113 4880 1246 4934 erectae
1277 4882 1311 4933 et
1341 4871 1570 4932 sacerdotium

234 4999 501 5063 constabilitum.
526 4997 612 5060 Cum
635 5014 718 5057 vero
749 4994 930 5076 indigenae
962 4993 1193 5073 perspicerent
1221 4988 1324 5071 (quod
1348 5004 1465 5047 eorum
1489 4985 1571 5046 libri

233 5113 377 5195 addunt)
395 5115 482 5175 inter
497 5113 608 5175 Deum
625 5132 665 5174 ac
680 5131 716 5174 se
732 5130 862 5192 pacem,
879 5109 1077 5171 Frumentio
1092 5107 1324 5173 caduceatore,
1338 5100 1570 5171 conciliatam,

316 5255 342 5295 C.
359 5254 466 5293 siccin.
483 5253 537 5294 Rer.
554 5253 620 5293 Aetli.
636 5252 725 5302 Scrt'pt.
742 5264 786 5291 occ,
803 5250 870 5289 tnad.
884 5271 907 5279 -
922 5247 989 5289 VIII.
1450 5240 1462 5277 8

1634 1533 1709 1593 Rege
1728 1541 1849 1589 mortuo,
1875 1544 1919 1580 00-

1598 1616 1685 1666 gnum
1703 1601 1892 1653 administrat.

1634 2456 1704 2505 Rem
1735 2452 1919 2506 christianam

1598 2535 1686 2576 cum·

1635 3148 1815 3197 Frumentius
1842 3146 1920 3198 Ale-

1598 3219 1777 3269 xandriam
1796 3218 1919 3283 perrexit

1598 3291 1634 3339 ad
1655 3306 1679 3342 0.
1698 3289 1894 3341 Athanasium.

1635 3841 1919 3891 1110100011ωοοΑ-

1597 3913 1727 3963 1110110010
1739 3912 1848 3975 primus
1865 3916 1920 3962 Ae·

1599 3984 1722 4048 thiopiae
1770 3984 1919 4047 episcopus

1599 4064 1787 4106 consecratur.
