4066 6184
645 2109 832 2186 CAPUT
861 2112 1010 2186 XXVI.

304 2367 443 2442 Verae
472 2389 621 2443 causae
649 2368 916 2443 ostenduntur
943 2369 996 2444 ob
1024 2391 1124 2466 quas
1150 2368 1347 2445 Abaseini

466 2502 520 2576 ad
546 2501 748 2578 vomitum
776 2502 909 2578 redire
937 2502 1182 2579 nitebantur.

248 2841 275 2884 1.
301 2821 412 2885 Nobis
435 2823 538 2885 modo
561 2822 650 2886 inter
673 2842 796 2885 saxum
820 2831 855 2885 et
878 2841 1011 2885 sacrum
1039 2823 1242 2893 constitutis,
1266 2823 1300 2884 id
1328 2832 1380 2886 est
1404 2823 1492 2886 inter
1555 2834 1660 2884 ridel
1687 2833 1840 2884 camollae

151 2938 340 3023 inglorium
363 2937 584 3022 Imperatoris
607 2960 652 3003 ex
675 2939 780 3003 Lasta
803 2949 988 3022 receptum,
1020 2940 1063 3002 de
1093 2958 1162 3021 quo
1186 2940 1313 3002 dictum
1337 2958 1411 3021 cap.
1439 2958 1490 3018 24,
1518 2904 1840 3028 fndamentm&

150 3064 186 3118 et
213 3056 300 3117 duos
324 3075 401 3118 cum
425 3055 555 3119 eisdem
578 3057 758 3120 rusticanis
781 3054 968 3128 conflictus,
996 3057 1039 3118 de
1061 3055 1184 3138 quibus
1215 3074 1288 3137 cap.
1315 3059 1353 3118 28
1379 3065 1413 3118 et
1438 3075 1489 3134 30,
1517 3050 1626 3098 emtor.

150 3172 338 3254 agendum,
362 3191 451 3254 quae
466 3170 560 3237 fuere
575 3176 735 3256 proxima
750 3184 784 3237 et
808 3174 843 3236 in
867 3174 992 3257 vulgus
1008 3174 1119 3256 magis
1133 3173 1289 3254 speciosa
1309 3171 1491 3233 mutandae

149 3286 234 3350 fidei
258 3287 483 3361 hortamenta,
508 3307 632 3372 operae
659 3292 807 3372 pretium
824 3299 885 3362 est,
902 3308 1021 3352 causas
1037 3289 1123 3351 alias
1138 3287 1341 3351 occultiores
1363 3296 1397 3349 et
1420 3284 1491 3349 effi·

150 3403 318 3476 caciores,
351 3406 412 3467 sed
435 3406 585 3491 novandi
616 3405 777 3469 studiosis
808 3405 920 3468 minus
950 3407 1101 3478 decoras,
1133 3404 1302 3476 indicare;
1334 3404 1491 3484 quamvis

149 3538 292 3602 semper
315 3531 450 3584 nostras
473 3542 571 3585 aures
594 3523 669 3585 sola
692 3521 772 3585 fidei
796 3525 932 3585 nomine
956 3531 991 3584 et
1007 3524 1224 3584 accusatione
1249 3519 1356 3603 (illam
1376 3528 1491 3582 tamen

27 3679 33 3691 .
88 3679 120 3695 ..
150 3654 291 3718 semper
313 3648 530 3711 excusantes,
545 3647 579 3701 et
594 3658 711 3701 veram
735 3658 775 3701 ac
802 3649 955 3701 sanctam
971 3638 1219 3721 praedicantes)
1236 3635 1490 3699 obtun*derent.

149 3750 259 3815 Unde
282 3753 382 3816 nobis
404 3772 540 3835 semper
563 3773 686 3817 saxum
711 3753 797 3817 illud
820 3772 956 3816 versare
979 3754 1190 3825 videbamur,
1213 3753 1305 3834 quod
1329 3751 1363 3814 in
1383 3752 1493 3832 portis

149 3868 289 3930 urbium
314 3868 530 3932 Palaestinae
561 3869 671 3932 adhuc
703 3871 774 3932 divi
805 3867 1012 3951 Hieronymi
1035 3880 1190 3950 tempore
1214 3870 1317 3931 situm
1341 3878 1426 3940 erat,
1458 3865 1492 3929 in

147 4003 223 4066 quo
239 3983 474 4047 adolescentes
486 3985 611 4047 virium
627 4005 764 4048 suarum
786 3987 977 4067 periculum
994 3982 1176 4058 faciebant,
1192 3993 1225 4046 et
1241 3983 1299 4046 alii
1316 3985 1360 4046 ad
1375 3983 1492 4064 pedes,

148 4100 216 4162 alii
240 4100 284 4162 ad
308 4119 430 4183 genua,
454 4101 514 4163 alii
538 4102 581 4164 ad
605 4121 734 4174 zonam,
756 4102 815 4164 alii
839 4103 882 4165 ad
898 4101 1058 4163 humeros
1075 4110 1108 4163 et
1132 4101 1255 4181 capita,
1272 4119 1334 4181 pro
1350 4099 1492 4173 viribus,

147 4215 379 4288 attollebant;
404 4216 507 4298 idque
523 4218 717 4299 respexisse
734 4218 782 4280 ait
797 4228 922 4288 vatem,
940 4236 1017 4279 cum
1034 4217 1140 4278 dixit:
1166 4215 1414 4297 lerosolymam
1431 4235 1492 4297 po·

148 4332 257 4396 sitam
281 4329 428 4415 lapidem
451 4331 565 4396 oneris
579 4332 623 4411 (ι)
647 4334 779 4396 eunctis
802 4334 948 4415 populis,
966 4334 1046 4413 quia
1071 4333 1106 4395 in
1126 4333 1199 4395 eius
1215 4333 1441 4414 direptionem
1459 4342 1492 4395 et

149 4446 386 4510 vastationem
399 4447 562 4520 Idumaei,
580 4446 671 4530 Syri,
689 4447 890 4521 Samaritae,
907 4448 1037 4512 Assirii
1053 4457 1088 4510 et
1103 4468 1221 4511 omnes
1236 4446 1372 4510 finitimi
1392 4467 1493 4529 reges

148 4583 252 4625 suam
283 4564 474 4644 potentiam
505 4565 796 4645 periclitabantur.
827 4562 886 4628 Sic
917 4564 1102 4627 Abassinis
1132 4565 1166 4625 in
1198 4564 1346 4645 lapidem
1378 4564 1493 4626 oneris

149 4678 242 4742 fides
265 4677 429 4743 Romana
452 4691 503 4742 est
534 4681 723 4744 constituta
745 4691 779 4744 et
803 4683 927 4764 ubique
951 4680 986 4742 in
1017 4681 1182 4742 iudicium
1212 4681 1420 4753 trahebatur,
1448 4689 1492 4748 et,

149 4795 308 4859 inaudita
328 4815 442 4867 causa,
459 4796 647 4859 alienorum
665 4798 843 4860 criminum
861 4817 989 4879 poenas
1009 4797 1134 4860 luebat.
1150 4794 1196 4859 Et
1212 4806 1249 4859 ut
1264 4795 1417 4857 Romani
1433 4796 1493 4858 ad·

148 4911 218 4974 huc
235 4910 364 4973 ethnici
380 4912 415 4973 in
432 4930 647 4994 quacumque
663 4913 802 4994 publica
815 4914 1013 4977 calamitate
1026 4913 1230 4977 christianos
1243 4912 1286 4974 ad
1302 4911 1436 4973 leonem
1450 4913 1495 4991 (2)

242 5161 280 5223 (1)
300 5159 389 5218 lach„
411 5170 451 5217 12,
470 5176 495 5212 n.
515 5170 538 5221 3.
560 5186 591 5198 -
612 5159 654 5229 (2)
672 5162 704 5211 In
723 5162 844 5229 Apolog„
866 5179 924 5229 cup.
947 5162 1020 5229 [sr'c].
