4058 6178
554 591 616 648 214
885 586 1159 637 EXPEDITIONIS
1183 587 1443 638 AETHIOPICAE
1466 588 1548 640 ETC.

552 733 675 795 niciem
705 733 917 815 compulsum
947 736 1108 816 omnique
1134 754 1201 817 ope
1228 734 1377 798 humana
1407 736 1616 800 destitutum.
1647 735 1760 819 Ipsius
1788 740 1865 799 enlm

551 850 679 929 copiae,
696 849 726 911 si
741 868 809 910 non
827 868 978 922 numero,
993 851 1108 913 animo
1123 861 1237 913 tamen
1261 860 1295 913 et
1315 848 1520 914 confidentia
1536 848 1647 915 Gallis
1662 854 1770 916 multo
1784 865 1868 915 erant

552 961 745 1037 inferiores;
769 975 940 1028 certamen
971 983 1054 1028 vero
1078 985 1141 1029 nec
1171 967 1364 1037 detrectari,
1388 985 1452 1030 nec
1482 966 1612 1031 differri
1635 979 1780 1050 poterat,
1801 988 1867 1031 cum

551 1078 742 1142 inconsulta
765 1082 1027 1161 procrastinatio
1049 1083 1140 1143 vires
1156 1081 1259 1145 addat
1283 1082 1488 1145 adversariis
1500 1085 1679 1165 vererique
1696 1094 1817 1165 posset,
1832 1104 1867 1146 ne

550 1193 667 1257 hostes
690 1206 802 1258 castra
824 1197 1093 1279 aggrederentur
1115 1207 1150 1259 et
1173 1217 1317 1281 aggeres
1344 1198 1534 1279 cespititius
1558 1211 1819 1281 perrumperent,
1840 1212 1867 1262 et

551 1310 720 1373 militibus
743 1311 777 1373 in
801 1308 918 1393 sugam
936 1312 1055 1383 versis,
1072 1315 1146 1394 ipse
1162 1312 1331 1396 inglorius
1345 1315 1481 1396 periret.
1497 1311 1708 1377 Obfirmatus
1724 1315 1823 1398 igitur
1836 1317 1865 1377 in

551 1445 702 1508 pugnam
721 1429 876 1508 sequenti
896 1429 951 1490 die
975 1426 1087 1491 Gallis
1102 1430 1436 1510 repraesentandam,
1452 1429 1653 1512 Imperatori
1670 1450 1731 1512 per
1750 1430 1867 1493 litteras

551 1540 708 1603 ultimum
731 1542 809 1604 vale
825 1542 924 1613 dixit,
948 1544 1151 1625 gravissime
1174 1563 1252 1606 cum
1275 1546 1397 1607 eodem
1421 1544 1464 1607 de
1488 1546 1610 1608 auxilii
1626 1545 1784 1608 tarditate
1798 1565 1866 1607 con-

550 1665 706 1738 questus;
731 1666 765 1721 et
789 1659 878 1720 colle
894 1659 947 1720 cui
964 1656 1088 1721 affixus
1111 1670 1183 1722 erat
1206 1661 1272 1722 hoc
1292 1661 1396 1723 animi
1420 1662 1589 1724 destinato
1605 1662 1798 1724 exscendit:
1813 1664 1866 1724 sed

552 1773 585 1833 in
611 1774 731 1835 maiori
747 1774 943 1836 discrimine
958 1776 1170 1855 praesentius
1185 1776 1253 1838 Dei
1269 1795 1393 1839 numen
1411 1777 1547 1839 assistit.
1564 1775 1617 1840 Ea
1633 1778 1689 1839 die
1705 1774 1867 1840 Gallarum

551 1889 789 1970 exploratores
812 1890 855 1951 ad
878 1909 1058 1972 vesperum
1082 1899 1202 1954 tenues
1224 1893 1390 1973 quasdam
1414 1892 1570 1955 cohortes
1597 1893 1641 1954 ab
1671 1891 1866 1975 Imperatore

552 2005 673 2066 missas
696 2025 715 2066 e
738 2006 927 2089 longinquo
961 2007 1138 2087 speculati,
1169 2008 1354 2089 ampliores
1383 2008 1560 2071 credidere
1591 2010 1728 2089 suisque
1758 2009 1865 2071 retule

551 2132 643 2195 runt;
669 2122 726 2203 qui
751 2121 886 2184 illarum
910 2121 1080 2203 opinione,
1105 2134 1139 2186 et
1161 2125 1247 2186 tanti
1271 2124 1368 2188 ducis
1391 2122 1484 2187 fama
1506 2126 1605 2207 (quae
1628 2126 1704 2187 sola
1720 2124 1867 2207 ma*gnas
1890 2134 1954 2185 t101.

551 2256 670 2317 parare
692 2237 779 2299 solet
807 2236 983 2321 victorias)
1007 2242 1179 2310 commoti,
1205 2240 1264 2302 illa
1289 2252 1388 2302 nocte
1410 2242 1443 2302 in
1468 2238 1585 2323 fugam
1610 2260 1647 2303 se
1671 2240 1795 2303 dedere
1816 2260 1868 2301 nec

551 2372 667 2415 eorum
690 2355 869 2436 quisquam
894 2353 950 2416 die
973 2365 1111 2436 postera
1134 2357 1220 2419 citra
1242 2355 1360 2418 Nilum
1384 2365 1437 2419 est
1459 2365 1671 2437 conspectus.

241 2470 345 2554 onnia
357 2472 465 2556 ⁸ruinae
480 2486 525 2522 ια-
641 2472 670 2529 8.
688 2468 850 2551 Ingentes
865 2472 1051 2552 gratiarum
1068 2471 1223 2533 cumulos
1238 2470 1314 2535 Ras
1331 2472 1405 2533 Deo
1422 2471 1571 2534 reddidit
1587 2472 1632 2534 ob
1648 2473 1779 2535 illustre
1794 2473 1869 2534 adeo

205 2542 311 2593 ermeno
328 2545 475 2594 tnnueunt.
551 2584 761 2657 beneficium,
785 2586 876 2666 quod
896 2605 959 2668 pro
974 2606 1015 2649 eo
1031 2606 1182 2669 pugnam
1202 2588 1344 2650 subierit
1367 2598 1401 2650 et
1427 2589 1607 2650 victoriam
1624 2588 1869 2669 comparaverit.

551 2699 669 2762 Vincit
691 2702 780 2763 enim
804 2703 862 2781 qui
889 2702 1004 2765 hostes
1028 2703 1060 2764 in
1079 2701 1195 2786 lugam
1211 2705 1385 2785 propellit,
1410 2705 1501 2786 iique
1521 2707 1602 2767 dum
1625 2715 1723 2787 terga
1745 2714 1869 2765 vertunt

549 2836 585 2877 se
609 2816 720 2878 victos
743 2815 899 2879 fatentur.
925 2818 965 2880 Id
996 2837 1079 2880 vero
1105 2831 1324 2882 sacrosancto
1355 2822 1480 2884 missae
1509 2819 1677 2884 sacrificio
1708 2820 1870 2882 tribuebat

548 2933 639 3012 quod
662 2934 808 3014 singulis
830 2934 950 2997 diebus
974 2936 1008 2996 in
1032 2955 1100 2997 uno
1123 2946 1157 2997 et
1180 2937 1287 2999 altero
1311 2948 1500 2999 castrorum
1520 2938 1742 2999 tabernaculo
1764 2936 1868 2997 sexies

549 3049 603 3109 vel
627 3050 752 3128 septies
776 3049 946 3111 litabatur.
972 3050 1055 3112 Post
1086 3053 1242 3131 panicum
1276 3052 1374 3114 illum
1398 3051 1575 3115 Gallamm
1605 3063 1782 3122 terrorem,
1811 3049 1870 3110 Im·

547 3174 683 3243 perator
694 3183 771 3225 cum
786 3166 892 3227 totius
907 3164 1046 3246 Imperii
1065 3166 1194 3229 viribus
1209 3169 1243 3229 in
1260 3165 1441 3230 Goiamam
1458 3169 1643 3239 contendit,
1661 3169 1771 3248 iisque
1783 3162 1869 3228 fratri

548 3280 693 3351 traditis,
717 3290 753 3342 ut
777 3280 893 3341 Nilum
910 3292 1144 3363 transgressus
1159 3302 1236 3344 cum
1253 3280 1373 3355 Gallis,
1389 3285 1476 3364 pede
1492 3284 1630 3354 collato,
1645 3284 1868 3364 praeliaretur,

547 3396 622 3476 ipse
646 3397 680 3457 in
704 3395 916 3458 Dambaeam
933 3398 976 3458 ad
992 3399 1160 3477 agendam
1176 3399 1475 3480 quadragesimam
1495 3399 1629 3461 redivit.
1654 3396 1725 3462 Sed
1749 3396 1869 3466 Gallae,

548 3509 718 3581 foeminis,
743 3509 929 3574 infantibus
952 3524 986 3575 et
1010 3516 1172 3576 armentis
1202 3515 1387 3577 introrsum
1419 3515 1452 3576 in
1483 3515 1688 3599 longinquas
1724 3517 1871 3598 regiones

549 3625 751 3697 amandatis,
775 3628 1064 3691 adolescentiores
1087 3640 1220 3691 tanturn
1244 3641 1278 3692 et
1307 3632 1515 3692 robustiores
1530 3632 1631 3692 morti
1648 3630 1794 3693 devotos
1816 3629 1870 3689 im·

549 3741 735 3820 perialibus
758 3745 964 3816 obiecerunt,
996 3746 1220 3826 quibuscum
1252 3747 1427 3809 videretur
1449 3749 1483 3808 in
1514 3766 1679 3829 aggressu
1702 3747 1781 3828 plus
1803 3763 1871 3807 esse

549 3858 654 3929 aleae,
678 3878 779 3939 quam
803 3860 957 3932 adoreae,
982 3863 1168 3942 prudenter
1191 3863 1251 3924 illo
1285 3882 1365 3924 vere
1388 3863 1629 3935 substiterunt;
1662 3863 1804 3925 stultum
1826 3870 1872 3921 est

549 3971 638 4034 enim
662 3974 829 4036 bellorum
854 3976 1037 4056 impendiis
1060 3977 1242 4060 ingloriam
1266 3988 1399 4041 tantum
1425 3988 1567 4041 mortem
1592 3979 1784 4041 nundinari.
