4058 6178
219 1037 374 1088 Praeconio
380 1035 502 1086 Patrim-

180 1110 264 1190 ὼε·
285 1109 420 1159 adventus
454 1108 502 1157 de-

183 1190 338 1231 nubuntur.

222 3004 398 3055 Pontificalla
425 3008 503 3054 Fre·

186 3090 288 3125 monae
306 3076 453 3126 celebrata.

531 529 590 600 138
858 533 1131 585 EXPEDITIONIS
1153 533 1415 585 AETHIOPICAE
1439 533 1520 585 ETC.

526 683 642 766 regiae
664 683 786 747 domus
807 681 987 755 vestibulo,
1010 682 1170 745 universo
1191 683 1320 764 populo
1343 682 1387 745 ad
1416 682 1575 745 tubarum
1608 691 1645 743 et
1672 690 1848 762 tympano

527 817 600 862 rum
623 798 759 880 pulsum
782 808 935 870 evocato,
964 799 1155 861 communis
1184 797 1335 861 laetitiae
1362 816 1510 869 cauum,
1532 796 1662 879 publici
1681 795 1848 877 praeconii

528 915 603 986 ritu,
628 916 663 976 in
685 914 774 977 hauc
798 911 944 977 formam
966 914 1154 996 evulgaret

617 1048 647 1109 7.
671 1029 829 1093 Proinum
852 1027 1035 1115 Aethope
1056 1034 1192 1093 sanctae
1213 1028 1382 1093 Ecclesiae
1403 1047 1562 1092 sommae
1591 1026 1700 1091 matri
1722 1030 1851 1089 nostroe

529 1145 729 1209 medullitus
750 1143 918 1217 cotaosit,·
949 1145 1010 1209 sot
1028 1144 1115 1208 hono
1135 1144 1400 1209 comismtoonom
1422 1142 1590 1228 Eutyches
1614 1147 1650 1205 et
1671 1141 1851 1205 Dioscorus

529 1262 747 1346 abrupcmnt,
770 1266 805 1325 et
825 1282 886 1325 nos
907 1261 946 1323 ab
968 1261 1067 1324 illrios
1085 1261 1215 1347 gremio
1229 1266 1263 1325 ot
1275 1260 1425 1345 obsequio
1450 1258 1698 1323 alexandrinos
1727 1276 1852 1321 errores

529 1382 563 1440 ct
582 1376 806 1441 Potn'archas
824 1382 952 1441 mter
963 1375 1176 1463 depukmnt.
1193 1377 1298 1440 Nunc
1320 1375 1396 1440 illis
1416 1375 1456 1439 in
1474 1378 1675 1460 perpetuam
1694 1371 1851 1436 nunhhm

530 1492 734 1557 remotionum
755 1497 790 1555 ct
818 1497 978 1557 actm
996 1490 1159 1556 dabam·
1177 1490 1386 1562 musanus,
1419 1490 1515 1555 etin
1548 1509 1725 1553 romanam
1747 1486 1852 1571 fidem

531 1613 598 1671 toto
611 1612 732 1671 conatu
747 1607 967 1690 oels‘ficomor.
981 1606 1105 1672 Omnes
1119 1608 1229 1694 tgo'tur
1244 1613 1381 1672 nostrae
1394 1607 1544 1671 loetitm
1557 1610 1725 1669 consortes
1742 1606 1853 1671 estote,-

530 1722 721 1788 odnorsorii
731 1742 807 1788 nero
822 1723 860 1787 in
876 1744 1055 1788 moerorem
1074 1729 1108 1787 ct
1121 1723 1354 1812 consussonom
1363 1724 1644 1809 praecipitentur.
1661 1720 1742 1783 Hoc
1759 1738 1852 1801 prae·

530 1840 665 1903 conium
688 1849 871 1903 consecuta
885 1849 938 1902 est
953 1841 1105 1904 omnium
1120 1842 1275 1904 ordinum
1296 1840 1330 1902 in
1347 1841 1498 1903 laetitiae
1512 1849 1547 1903 et
1573 1838 1763 1919 voluptatis
1776 1856 1851 1899 con·

530 1975 675 2028 sensum,
711 1955 913 2019 acclamatio
936 1965 971 2019 et
994 1956 1231 2038 timpauorum,
1261 1955 1420 2019 tibiarum
1451 1974 1492 2018 ac
1521 1957 1679 2018 tubarum
1710 1953 1853 2035 pulsatio

531 2073 564 2134 in
593 2072 732 2155 longum
762 2082 943 2153 protracta.
975 2070 1135 2136 Universi
1166 2071 1267 2135 etiam
1299 2072 1472 2154 primates,
1504 2091 1544 2133 ac
1574 2072 1722 2133 militum
1753 2069 1852 2131 duces

530 2188 670 2269 optimis
693 2187 801 2250 induti
836 2187 986 2251 vestibus
1020 2189 1266 2269 obequitantes,
1294 2189 1408 2251 varios
1437 2196 1516 2249 ante
1546 2188 1660 2269 regias
1691 2184 1853 2248 fenestras

531 2303 701 2365 discursus
724 2313 826 2384 atque
848 2321 954 2386 gyros
976 2302 1159 2386 pere*gere
1175 2303 1326 2384 ipsorum
1344 2302 1545 2365 maeandros
1559 2302 1752 2364 associante
1766 2300 1855 2362 laeta
1881 2304 1898 2354 t.
1912 2299 1959 2358 trs.

529 2415 717 2481 fistularum
740 2418 960 2500 displosione.
984 2417 1203 2481 Patriarchae
1224 2415 1427 2481 familiarem
1444 2416 1701 2500 evangeliorum
1722 2417 1854 2478 nomine

531 2532 721 2614 Imperator
746 2537 919 2597 sexcentis
949 2536 1062 2597 aureis
1092 2535 1251 2607 donavit;
1283 2536 1443 2597 tercentis
1473 2532 1549 2596 Ras
1577 2530 1660 2595 Sele
1693 2530 1854 2601 Christds,

530 2648 715 2712 Domotum
738 2649 870 2712 Prorex
893 2649 988 2712 Buco
1013 2648 1138 2733 insigni
1161 2649 1255 2712 mulo
1277 2646 1417 2733 regifice
1439 2658 1570 2721 ornato,
1590 2649 1743 2711 centenis
1757 2647 1857 2710 aesti-

531 2775 632 2827 mato.
657 2763 716 2828 Ad
738 2765 897 2846 hyemem
927 2765 1180 2847 transigendam
1206 2764 1424 2827 Patriarchae
1446 2775 1581 2827 eentum
1605 2766 1714 2826 boves
1736 2772 1769 2826 et
1790 2772 1856 2825 ter·

531 2889 673 2943 centena
696 2878 857 2943 frumenti
880 2900 984 2943 onera
1007 2881 1142 2943 tributa.

620 3000 649 3058 8.
674 2995 742 3059 Die
771 3015 868 3059 sacra
898 2996 1143 3079 Apostolorum
1174 2996 1386 3077 principibus
1415 2996 1518 3058 Petro
1542 3007 1576 3058 et
1602 2995 1710 3057 Paulo
1742 2994 1856 3057 divina

531 3109 643 3173 officia
676 3109 864 3193 pontificali
901 3120 1022 3193 paratu
1060 3111 1101 3173 ad
1133 3111 1293 3175 solatium
1331 3110 1588 3183 catholicorum,
1627 3128 1769 3194 regnum
1799 3108 1855 3170 Ti-

531 3244 671 3308 graeum
694 3226 923 3297 incolentium,
948 3227 1146 3290 patriarcha
1169 3227 1430 3301 administravit,
1453 3229 1538 3309 ipsis
1556 3227 1705 3309 undique
1720 3225 1855 3288 Fremo·

532 3358 610 3403 nam
633 3342 806 3403 turmatim
829 3340 1078 3405 confluentibus
1104 3351 1141 3405 et
1170 3361 1331 3405 romanae
1361 3341 1539 3406 Ecclesiae
1568 3341 1790 3411 maiestatem,
1821 3341 1854 3402 in

532 3466 627 3520 tanto
650 3458 813 3537 mysterio
836 3458 1050 3528 celebrando
1074 3458 1331 3520 admirantibus.
1359 3456 1490 3521 Multos
1509 3477 1644 3539 quoque
1670 3476 1733 3539 per
1762 3457 1852 3519 illam

532 3573 691 3653 hyemem
726 3573 915 3636 catholicae
949 3571 1026 3635 fidei
1055 3575 1150 3636 calor
1179 3574 1355 3645 animavit,
1386 3573 1562 3657 egregiam
1593 3592 1731 3655 operam
1761 3591 1854 3654 prae-

532 3687 699 3750 stantibus
713 3698 792 3751 octo
807 3711 825 3751 e
841 3685 1024 3761 Societate,
1046 3689 1105 3770 qui
1127 3697 1209 3751 tunc
1231 3689 1382 3760 aderant,
1406 3689 1570 3770 patribus,
1587 3708 1649 3751 nec
1664 3707 1760 3752 suam
1778 3688 1854 3749 sub·

532 3802 689 3865 trahente
712 3802 919 3875 Patriarcha‚
944 3823 1019 3866 curn
1054 3823 1122 3866 non
1155 3804 1274 3885 paucis
1302 3804 1486 3875 videretur,
1517 3823 1554 3866 se
1584 3823 1653 3867 non
1681 3806 1780 3887 plene
1812 3802 1856 3862 ab

533 3917 626 3980 avita
649 3914 790 3998 perfidia
813 3919 998 3991 discedere,
1021 3920 1086 3982 nisi
1110 3918 1206 3980 illam
1230 3920 1273 3981 ad
1297 3918 1406 4000 ipsius
1428 3920 1533 4001 pedes
1556 3919 1785 3982 tumulassent.
