4066 6184
631 607 748 669 triana
772 608 810 681 11,
835 609 961 671 capua
988 610 1070 672 itrv.
1453 615 1518 690 259

272 778 305 845 4.
328 760 466 830 Tertius
491 778 526 830 et
556 768 753 850 potissimus
781 778 925 851 patruae
955 770 1087 854 gloriae
1115 771 1305 839 aemulator
1327 778 1399 833 erat
1421 712 1518 853 ‘regni
1579 775 1763 830 reclinato
1780 775 1869 831 mut·

181 880 306 945 haeres
328 881 510 957 Basilides,
533 882 697 967 profundi
718 885 767 969 (ut
790 884 866 948 Ras
889 884 1039 972 dicebat)
1062 895 1096 949 et
1118 885 1388 968 impenetrabilis
1408 884 1520 948 cordis
1547 865 1611 975 22⁸
1637 848 1717 901 Μ’
1744 851 1869 902 ⁸⁸¹³¹²¹⁸⁶

181 999 395 1074 adolescens,
419 1001 580 1082 quicum
610 1021 648 1065 se
678 1002 896 1085 grandiorem
928 1011 1090 1075 cerneret,
1115 1020 1218 1087 aegre
1240 1000 1372 1066 ferebat
1402 1021 1521 1086 quem·

181 1135 287 1198 quam
310 1117 378 1180 sibi
400 1118 555 1199 potentia
569 1128 604 1182 et
621 1117 767 1181 militum
784 1137 924 1182 numero
940 1120 1081 1192 anteire,
1096 1138 1173 1181 cum
1201 1119 1407 1183 lectissimae
1427 1118 1521 1200 equi·

182 1241 256 1295 tum
286 1233 364 1296 alae
397 1234 616 1316 etpeditum
647 1233 891 1297 vexillationes
920 1255 940 1297 a
971 1232 1053 1298 Sela
1083 1232 1239 1299 Christds
1271 1233 1456 1299 instructae
1486 1243 1522 1297 et

182 1349 377 1431 praeceptis
400 1348 674 1421 condocefactae,
699 1349 807 1432 ipsius
829 1369 965 1433 semper
987 1361 1022 1414 et
1048 1351 1172 1433 ubique
1199 1351 1335 1414 nutibus
1350 1360 1520 1433 parerent.

182 1462 349 1527 Iuvenem
371 1483 455 1528 vero
477 1464 611 1547 gloriae
634 1474 669 1528 et
691 1467 864 1548 potentiae
888 1466 1107 1529 ambitiosum
1138 1464 1254 1529 Melea
1282 1464 1436 1531 Christds
1465 1486 1520 1530 su·

183 1580 290 1643 binde
313 1580 501 1645 mendaciis
524 1591 559 1646 et
582 1582 734 1646 consutis
757 1582 792 1645 in
815 1591 973 1664 patruum
998 1581 1088 1646 dolis
1110 1583 1300 1665 asperabat.
1325 1583 1520 1647 Praevaluit

183 1705 300 1761 tamen
323 1714 452 1780 prorex
474 1695 569 1762 eaba
592 1696 746 1763 Christis
769 1700 805 1761 in
828 1697 983 1772 Goiama,
1009 1708 1190 1782 antequam
1214 1700 1258 1761 ad
1278 1697 1418 1762 Teclam
1433 1697 1522 1763 Gue-

184 1813 305 1897 orgnis
328 1813 570 1878 debellandum
592 1814 670 1879 viae
692 1835 729 1878 se
752 1816 993 1889 committeret,
1016 1823 1090 1879 toto
1114 1815 1190 1879 nisu
1209 1815 1418 1879 contendens
1434 1817 1521 1878 utin

184 1929 316 2011 templo
331 1924 516 2012 Serquensi
539 1928 617 1994 Ras
639 1941 673 1994 et
695 1929 861 2012 Princeps
883 1941 1097 1994 sacramento
1119 1932 1449 2014 constringerentur;
1465 1929 1523 1993 hic

184 2043 371 2108 Romanae
392 2042 474 2108 fidei
497 2045 744 2109 inviolabiliter
766 2043 1012 2119 defendendae,
1029 2046 1089 2109 ille
1105 2045 1280 2128 principis,
1297 2056 1375 2128 post
1391 2047 1522 2110 obitum

184 2162 350 2243 parentis,
375 2161 496 2225 eodem
518 2162 597 2226 loco
620 2161 769 2225 habendi
792 2171 827 2225 et
850 2160 980 2225 honore
1003 2163 1242 2245 prosequendi.
1266 2161 1363 2245 Quae
1386 2162 1524 2226 vincula

184 2296 249 2359 per
272 2276 433 2362 hyemem
456 2280 492 2342 in
515 2280 621 2361 regiis
635 2280 756 2343 castris
770 2280 974 2360 repetitione
988 2288 1066 2343 sunt
1080 2277 1214 2343 firmata
1229 2278 1283 2342 *et
1298 2276 1412 2342 Melci
1427 2276 1524 2342 Chri·

185 2392 260 2457 stds
282 2393 496 2468 technarum,
520 2415 560 2458 ac
583 2392 798 2468 fallaciarum
813 2414 929 2458 coram
945 2394 1114 2459 iudicibus
1129 2396 1321 2478 postulatus
1336 2405 1371 2459 et
1385 2395 1522 2461 illorum

183 2507 363 2594 suffragiis
386 2511 577 2575 damnatus.
600 2506 671 2574 Sed
694 2512 831 2575 veniam
854 2511 1047 2594 aethiopica
1078 2509 1244 2575 facilitate
1273 2513 1417 2595 petitam
1440 2530 1523 2577 mox

185 2626 346 2700 obtinuit,
369 2635 405 2691 et
427 2627 528 2691 simul
551 2647 629 2691 curn
652 2629 772 2691 eadem
796 2628 840 2690 ad
870 2625 1027 2691 faediora
1056 2627 1283 2691 machinanda
1314 2625 1522 2694 facultatem.

185 2741 423 2826 Praepropera
438 2745 529 2808 enim
544 2746 666 2808 veniae
689 2743 914 2827 prodigentia,
939 2753 1069 2807 certum
1092 2753 1145 2808 est
1168 2745 1344 2826 augendae
1358 2746 1394 2807 in
1409 2754 1523 2826 poste·

185 2876 264 2921 rum
285 2861 480 2941 proterviae
502 2861 759 2924 irritamentum.
795 2859 960 2943 Princeps
983 2860 1111 2924 ibidem
1135 2870 1293 2943 patruum
1317 2861 1523 2925 damasceno

185 2974 295 3056 pallio
318 2975 459 3041 attalica
481 2976 652 3040 chlamide
674 2985 708 3040 et
731 2996 833 3040 aurea
861 2976 1005 3049 armilla,
1033 2978 1093 3040 sed
1121 2996 1189 3040 non
1218 2977 1389 3040 amicitiae
1418 2974 1522 3039 firmi·

185 3099 258 3154 tate
281 3091 433 3156 donavit.
458 3091 548 3157 Nam
570 3092 673 3176 paulo
697 3101 775 3175 post
790 3114 811 3156 a
827 3093 944 3156 lividis
960 3094 1120 3156 incitatus
1135 3095 1179 3156 ad
1195 3094 1369 3176 ingenium
1386 3093 1521 3167 redivit,

186 3203 297 3269 fixum
320 3206 451 3273 habens
473 3228 511 3273 se
534 3227 687 3274 crescere
709 3229 778 3272 non
800 3227 911 3291 posse,
935 3210 999 3272 nisi
1023 3208 1121 3272 illurn
1148 3207 1297 3273 defectio
1312 3208 1520 3273 obscuraret.

279 3339 308 3402 5.
334 3323 412 3388 Hac
435 3335 550 3390 tamen
573 3326 609 3389 in
631 3335 729 3410 parte
749 3325 825 3388 Ras
840 3345 909 3388 non
924 3326 1063 3389 omnino
1079 3325 1180 3407 culpa
1195 3326 1349 3389 vacabat.
1366 3322 1416 3388 Ut
1431 3325 1522 3388 enim
1584 3331 1650 3379 nas
1680 3327 1869 3393 aliquando

185 3439 222 3503 in
246 3441 414 3513 omnibus,
438 3443 490 3505 sic
515 3443 644 3525 primus
674 3453 747 3506 erat
777 3443 813 3504 in
844 3442 989 3524 poetica,
1021 3450 1056 3504 et
1086 3442 1236 3504 carmina
1265 3460 1348 3523 prae
1378 3441 1522 3504 coeteris
1548 3399 1870 3536 gffffiwssfflf

185 3555 380 3639 elegantius
393 3565 438 3625 ,et
460 3577 701 3640 nonnunquam
725 3557 914 3621 mordatius
936 3559 1118 3640 pangebat,
1149 3577 1237 3639 quae
1267 3558 1374 3640 ipsius
1405 3565 1521 3620 canto·
1548 3545 1602 3594 ¹³¹²·

186 3673 300 3735 resin
324 3675 510 3756 symposio,
534 3694 611 3737 cum
641 3673 714 3737 vini
744 3672 929 3756 amphorae
956 3675 1112 3737 convivis
1139 3674 1329 3756 epotandae
1354 3691 1523 3756 propone·

187 3788 322 3862 bantur,
345 3786 470 3854 fidibus
493 3792 528 3854 in
558 3790 722 3873 psalterio
753 3790 1016 3854 modulabantur
1046 3800 1081 3852 et
1111 3808 1279 3853 memores
1309 3800 1523 3872 compotores

187 3914 310 3968 contra
341 3917 561 3989 praeceptum
596 3907 786 3980 convivale,
818 3906 1002 3989 aliquando
1034 3904 1127 3970 foras
1156 3906 1388 3978 eliminabant,
1421 3914 1455 3969 et
1485 3914 1522 3968 ut

187 4030 386 4104 praesentes
409 4024 571 4086 carminis
594 4031 629 4087 et
658 4025 755 4086 vocis
785 4024 954 4087 suavitate
977 4022 1197 4095 deliniebant,
1229 4024 1279 4086 sic
1303 4041 1374 4095 eos,
1399 4022 1522 4105 quibus

187 4138 356 4220 genuinus
378 4135 592 4222 infigebatur,
616 4139 848 4222 publicatione
879 4140 1135 4203 contristabant.
1159 4138 1211 4202 At
1238 4157 1314 4201 cum
1338 4137 1521 4213 Basilides,

188 4253 234 4315 ob
256 4261 451 4318 contractas
474 4256 568 4319 vitiis
583 4256 833 4319 adolescentiae
857 4255 1089 4338 aegritudines
1111 4254 1284 4319 tantillum
1302 4253 1521 4325 claudicaret,

188 4367 266 4432 Ras
289 4370 432 4433 minoris
455 4367 586 4435 faciens
609 4373 721 4446 amici,
744 4392 846 4455 quam
869 4371 1029 4435 versiculi
1051 4373 1226 4443 iacturam,
1243 4371 1352 4454 elegis
1368 4369 1522 4454 (quorum

188 4503 251 4567 pes
274 4484 363 4549 alter
386 4487 603 4567 contractior)
626 4497 660 4550 et
682 4485 806 4550 fidibus
822 4488 911 4550 hunc
928 4496 962 4550 et
978 4487 1065 4549 alios
1081 4485 1234 4550 defectus
1250 4485 1522 4556 commendabat,

189 4601 313 4684 quibus
335 4621 404 4665 non
428 4602 525 4666 illum
548 4611 688 4676 tantum,
712 4605 774 4667 sed
797 4614 831 4667 et
855 4602 1110 4686 Imperatorem,
1134 4606 1169 4666 in
1192 4623 1233 4665 eo
1256 4604 1323 4665 sibi
1346 4599 1417 4663 filio
1438 4619 1520 4683 prae

189 4716 335 4782 coeteris
347 4717 552 4801 placentem,
565 4721 690 4783 acriter
705 4725 863 4802 angebat.
880 4717 989 4799 Quem
1002 4720 1106 4782 etiam
1121 4720 1167 4780 ob
1182 4728 1315 4800 patrum
1332 4719 1366 4779 in
1382 4714 1522 4779 fratrem

188 4835 465 4917 propensionem,
489 4844 523 4899 et
546 4844 678 4918 partam
701 4844 752 4899 tot
775 4837 915 4919 egregie
939 4833 1040 4897 factis
1055 4834 1356 4907 existimationem,
1370 4833 1521 4895 invidiae

189 4967 327 5034 gurges,
350 4951 450 5014 sinon
474 4960 655 5033 mergeret,
679 4952 857 5024 irrorabat,
884 4960 918 5013 et
948 4951 1048 5033 ignis,
1073 4952 1103 5013 si
1134 4969 1201 5013 non
1228 4958 1350 5021 ureret,
1374 4947 1522 5014 afflabat.

280 5070 310 5130 6.
335 5065 465 5130 Verum
489 5068 577 5131 inter
599 5078 761 5139 coeteros,
786 5068 986 5149 praecipuus
1002 5067 1156 5129 odiorum
1173 5067 1321 5128 consitor
1338 5063 1402 5128 fuit
1418 5065 1522 5127 homo
1585 5076 1704 5125 aenam
1745 5077 1871 5125 heum

190 5179 354 5266 bilinguis
365 5192 400 5247 et
414 5184 640 5266 peritissimus
656 5183 873 5246 dissidiorum
890 5182 1103 5255 architectus,
1116 5191 1250 5245 senator
1263 5180 1413 5243 Lessana
1426 5178 1522 5242 Chri·
1549 5145 1685 5268 §im
1695 5143 1819 5267 Ἄπι]
1829 5153 1870 5195 “⁵
