4066 6184
637 585 752 635 LIBER
776 587 815 643 11,
846 587 971 635 CAPUT
995 588 1064 636 XII.
1453 595 1512 652 241

179 731 270 795 Num
295 734 330 795 in
355 733 498 797 decimis
520 735 564 797 ab
587 754 628 797 eo
651 734 881 816 accipiendis?
905 733 983 797 Hae
999 743 1079 797 tunc
1102 735 1336 799 sacerdotibus
1358 736 1431 799 iure
1455 755 1517 799 na·

180 857 277 912 turae
299 859 335 912 et
358 849 488 923 divino,
519 851 714 914 mortalium
746 849 870 913 animis
894 850 1072 933 impresso,
1096 851 1315 915 debebantur.
1340 850 1413 915 Nec
1437 851 1516 915 illas

180 963 439 1029 Melchisedech
462 967 617 1039 extorsit,
643 975 703 1030 aut
726 966 848 1029 saltem
872 967 1039 1049 poposcit,
1055 967 1116 1030 sed
1132 966 1323 1030 voluntarie
1338 968 1383 1030 ab
1400 966 1514 1030 Abra·

181 1080 285 1143 hamo
302 1081 437 1145 oblatas
453 1101 521 1144 non
537 1082 740 1164 repudiavit.
765 1079 945 1163 Quomodo
971 1102 1053 1166 ergo
1076 1082 1172 1146 Deus
1188 1084 1259 1146 iure
1274 1102 1336 1146 suo
1363 1091 1514 1147 utentem

182 1196 269 1259 adeo
293 1195 510 1278 ignominose
532 1195 790 1261 exauctoraretl
819 1197 920 1270 Num,
952 1199 1034 1279 quia
1063 1197 1140 1261 Deo
1167 1218 1233 1262 non
1265 1198 1454 1271 benedixit,
1479 1208 1516 1261 ut
1580 1211 1749 1262 &uruntur
1767 1211 1864 1261 iudaei

181 1322 217 1375 tu
243 1331 321 1376 cum
345 1312 465 1376 rabida
489 1314 729 1396 magistrorum
756 1324 890 1377 tuorum
915 1313 1034 1377 schola
1056 1314 1255 1377 oblatrasti?
1280 1312 1388 1377 Verbi
1414 1315 1516 1377 bene·
1544 1283 1761 1404 fflssffiff‘d
1779 1284 1865 1332 Μ’

180 1429 320 1491 dicendi
336 1429 466 1511 duplex
479 1439 530 1492 est
550 1427 774 1513 significatus.
798 1428 999 1511 Aliquando
1014 1430 1104 1492 enim
1121 1430 1211 1493 idem
1227 1440 1281 1493 est
1295 1431 1388 1509 quod
1404 1429 1517 1493 Deum

181 1546 217 1607 in
241 1547 430 1628 gratiarum
462 1546 631 1609 actionem
662 1545 867 1618 collaudare,
891 1556 928 1609 ut
960 1544 994 1608 in
1017 1547 1120 1609 trium
1151 1563 1334 1628 puerorum
1358 1544 1516 1609 Cantico:

181 1660 375 1725 Benedicite
405 1660 518 1724 omnia
548 1666 648 1746 opem
679 1660 828 1724 Domini
846 1660 1015 1725 Domino:
1045 1660 1181 1726 landate
1210 1665 1245 1725 et
1264 1661 1517 1746 mperexaltate

180 1796 258 1839 eum
281 1776 320 1839 in
343 1776 475 1841 saecula
488 1775 542 1861 (ι).
567 1776 608 1839 In
631 1795 699 1859 quo
714 1795 816 1841 sensu
833 1775 975 1841 inferius
990 1777 1080 1840 ultra
1096 1778 1211 1840 tricies
1230 1778 1265 1840 in
1281 1778 1424 1841 totidem
1441 1796 1516 1840 ver·

180 1893 277 1956 sibus
301 1894 391 1955 idem
415 1894 557 1956 verbum
580 1892 753 1975 repetitur.
777 1892 917 1957 Falsum
939 1914 1021 1956 vero
1044 1903 1096 1957 est
1115 1893 1383 1967 Melchisedech,
1400 1894 1434 1956 in
1450 1893 1516 1956 hoc

181 2007 377 2092 significatu
401 2008 478 2073 Deo
501 2030 569 2073 non
593 2009 821 2083 benedixisse,
846 2020 883 2073 ut
910 2018 1045 2073 constat
1069 2030 1114 2072 ex
1138 2009 1231 2072 illius
1254 2011 1385 2073 verbis:
1408 2008 1516 2073 Bene·

179 2125 291 2189 dz'ctns
314 2124 485 2189 Abraham
516 2126 590 2191 Deo
617 2127 754 2201 excelse,
784 2127 848 2211 qni
874 2126 1000 2190 creavit
1028 2125 1153 2189 coelum
1183 2130 1217 2189 et
1237 2130 1389 2196 terram:
1411 2130 1447 2190 et
1467 2125 1517 2189 be·

181 2242 336 2306 nedictus
351 2242 448 2307 Dens
462 2244 624 2318 excelsus,
640 2265 702 2329 quo
712 2247 916 2330 protegente,
934 2241 1043 2306 hostes
1057 2242 1095 2305 in
1107 2242 1263 2306 manibus
1277 2243 1349 2306 tuis
1363 2247 1448 2306 sunt
1457 2242 1515 2326 (2).

272 2356 362 2441 Quid
379 2359 491 2422 minus
507 2361 611 2424 habet
627 2360 711 2424 haec
733 2360 885 2423 laudatio
900 2378 1004 2442 quam
1020 2359 1081 2422 illa
1097 2359 1200 2422 trium
1216 2361 1422 2442 puerorum?
1442 2359 1517 2423 Imo

181 2475 313 2555 aliquid
336 2474 497 2557 amplius:
526 2476 579 2538 illi
602 2478 693 2539 enim
717 2486 848 2539 tantum
873 2473 1011 2538 dixere:
1043 2472 1242 2539 Benedictus
1271 2495 1305 2539 es
1334 2474 1373 2538 in
1387 2474 1514 2557 firma·

181 2593 293 2655 mento
315 2590 401 2654 coeli
409 2592 464 2675 (3).
488 2590 746 2655 Melchisedech
768 2602 882 2655 terrae
899 2588 1127 2655 *creationem
1144 2590 1335 2654 Abrahami
1353 2592 1517 2655 victoriae

179 2707 340 2770 adiunxit
363 2717 396 2770 et
419 2707 531 2771 Deum
555 2727 633 2771 cum
656 2707 844 2792 gratiarum
869 2710 1004 2772 actione
1027 2708 1211 2770 invocavit.
1235 2705 1435 2789 Aliquando
1458 2708 1517 2769 be·

180 2823 341 2885 nedicere
365 2821 536 2907 significat
567 2823 838 2887 benedictionem
870 2825 972 2887 alicui
995 2824 1202 2905 impendere.
1235 2820 1345 2903 Quam
1368 2823 1399 2885 si
1430 2821 1517 2885 Mel·

179 2937 366 3001 chisedech
390 2939 468 3002 Deo
491 2939 681 3023 largiretur,
706 2941 838 3024 ingenti
863 2960 900 3003 se
923 2939 1059 3022 piaculo
1082 2939 1339 3002 contaminaret.
1363 2936 1514 3021 Egregie

180 3055 273 3117 enim
297 3055 387 3118 dixit
410 3056 445 3118 in
469 3076 506 3119 re
521 3058 693 3138 praesenti
718 3058 859 3141 sanguis
881 3066 971 3128 tuus,
988 3065 1022 3119 et
1045 3065 1082 3118 ut
1105 3057 1178 3138 ipse
1201 3056 1249 3118 ait
1273 3053 1450 3118 Hebraeus
1472 3074 1517 3118 ex

182 3169 408 3252 Hebraezi(4)
432 3170 532 3234 divus
555 3170 692 3244 Paulus,
716 3183 753 3235 ut
777 3175 937 3254 probaret
954 3170 1207 3235 Melchisedech
1231 3172 1394 3234 maiorem
1410 3169 1516 3235 fuisse

180 3285 395 3358 Abrahamo,
420 3306 522 3369 quem
546 3288 783 3350 benedictione
807 3290 1004 3352 donaverat.
1035 3287 1120 3351 Sine
1141 3287 1217 3350 nlla
1247 3291 1361 3351 autem
1383 3290 1514 3351 contra·

180 3399 337 3473 dictione,
362 3403 452 3487 qnod
471 3403 585 3466 menni
606 3407 656 3467 est
676 3424 698 3467 a
722 3404 857 3468 meliore
881 3402 1149 3487 benedtcz'tnrlsl.
1175 3403 1264 3466 Nam
1280 3412 1457 3485 parentum
1481 3405 1516 3465 in

180 3516 282 3591 filios,
307 3520 479 3582 seniorum
504 3519 539 3581 in
567 3519 857 3583 adolescentiores
880 3532 913 3583 et
937 3521 1153 3583 sacerdotum
1183 3522 1218 3583 in
1245 3518 1407 3602 profanos
1429 3520 1514 3584 haec

180 3647 233 3700 est
257 3639 507 3719 praerogativa
532 3635 571 3699 Si
594 3655 677 3721 ergo
694 3637 950 3701 Melchisedech
974 3637 1008 3700 in
1025 3638 1090 3700 hoc
1107 3657 1207 3701 sensu
1222 3635 1297 3699 Deo
1313 3637 1513 3699 benedicere

180 3762 341 3823 tentaret,
367 3772 435 3815 non
458 3755 489 3815 ei
514 3754 624 3816 laudis
655 3762 690 3816 et
721 3753 981 3827 benedictionis,
1012 3754 1074 3816 sed
1097 3753 1273 3835 opprobrii
1303 3760 1338 3816 et
1364 3754 1518 3815 insaniae

179 3869 344 3949 poculum
367 3870 574 3950 propinaret.

276 4003 325 4062 13.
350 3980 459 4063 Quale
482 4004 564 4048 vero
587 3985 673 4047 illud
697 3982 871 4061 Salomon,
895 3986 985 4065 quod
1014 3984 1179 4056 extulisti,
1202 3983 1440 4055 Abrahamum
1457 4005 1519 4066 per
1581 4002 1757 4050 attrahamus
1775 4011 1867 4048 sacer·

181 4109 327 4181 nepotes
349 4119 430 4162 suos
453 4098 640 4171 Aaronem,
657 4099 858 4164 Eleazarum
878 4111 912 4164 et
932 4111 1087 4164 coeteros
1102 4110 1266 4182 posteros,
1291 4100 1517 4163 sacerdotium
1546 4074 1598 4122 ‘¹⁰⁸
1622 4070 1679 4121 Μ
1704 4085 1764 4119 ⁰⁰¹²
1788 4079 1866 4133 Μ’

1547 4154 1589 4192 rat
1612 4145 1647 4191 ob
1709 4152 1798 4191 steros
1822 4155 1867 4189 sa-

182 4216 391 4287 exercuisse,
414 4225 448 4278 et
471 4217 550 4279 ideo
573 4217 703 4280 dictum
726 4218 937 4280 sacerdotem
962 4217 996 4280 in
1019 4218 1214 4279 aeternum?
1237 4215 1345 4279 Erant
1369 4216 1420 4279 illi
1436 4225 1518 4279 tunc
1546 4157 1755 4272 eeraotesfonec
1775 4225 1866 4260 sacer-

182 4330 323 4412 quidem
339 4331 374 4392 in
391 4331 515 4395 lumbis
532 4330 705 4405 Abrahae,
722 4333 866 4395 sednon
883 4333 960 4396 ideo
977 4334 1050 4415 ipse
1066 4332 1134 4395 dici
1150 4343 1268 4415 posset
1287 4332 1456 4403 sacerdos,
1473 4331 1518 4395 si·
1546 4285 1654 4406 mum
1675 4284 1765 4347 ipsius
1779 4294 1867 4332 aeter-

182 4459 241 4510 cut
253 4466 365 4529 neque
376 4445 471 4519 Rex,
488 4468 565 4510 cum
582 4449 617 4510 in
633 4448 762 4511 eisdem
780 4458 859 4512 tunc
876 4448 1047 4512 Davidem
1070 4457 1105 4512 et
1121 4449 1209 4511 alios
1224 4447 1345 4530 Reges
1364 4447 1518 4519 haberet,

181 4574 216 4625 et
240 4562 430 4626 abeodem
453 4572 567 4626 essent
598 4565 784 4646 egressuri3
816 4564 940 4645 quibus
970 4562 1124 4626 terminis
1147 4562 1323 4644 Scriptura
1347 4561 1452 4625 utitur
1482 4562 1517 4624 in

180 4679 294 4741 tribus
316 4679 523 4742 testimoniis
546 4698 649 4761 supra
673 4701 703 4742 n.
729 4685 747 4743 6
772 4682 956 4763 productis.
981 4678 1054 4742 Nec
1071 4678 1173 4750 Iesse,
1197 4680 1256 4761 qui
1279 4679 1419 4760 propior
1445 4688 1518 4741 erat

183 4793 322 4864 Davidi,
346 4814 409 4857 rex
432 4814 592 4878 umquam
616 4807 668 4859 est
692 4795 894 4877 appellatus.
925 4794 1205 4857 Commentitium
1233 4813 1315 4876 ergo
1346 4794 1432 4857 illud
1467 4805 1519 4856 est

181 4909 349 4973 Abrahae
371 4911 609 4976 sacerdotium.
636 4910 710 4974 Nec
743 4912 773 4974 si
805 4930 872 4974 non
904 4920 1004 4983 esset,
1033 4921 1207 4973 aeternum
1238 4911 1306 4973 dici
1329 4919 1456 4992 posset,
1481 4919 1518 4973 ut

270 5070 410 5138 (1)Dan.,
430 5082 454 5134 3,
474 5087 497 5123 n.
518 5079 561 5134 57.
581 5099 615 5110 -
635 5070 675 5137 (2)
697 5073 796 5129 Gener„
819 5083 859 5135 14,
879 5088 902 5124 n.
926 5084 965 5133 19.
987 5100 1019 5110 -
1040 5071 1076 5135 (3)
1097 5071 1176 5127 Dan„
1198 5080 1222 5132 3,
1242 5086 1266 5120 n.
1281 5079 1322 5132 55.
1349 5096 1379 5107 -
1403 5072 1439 5132 (4)
1454 5071 1519 5118 Phi-

182 5163 262 5225 lipp,
282 5172 307 5222 3,
326 5177 351 5211 n.
372 5169 396 5222 5,
421 5189 444 5198 -
467 5160 504 5227 (5)
524 5162 619 5219 Hebr„
641 5169 664 5219 7,
685 5178 709 5213 n.
731 5169 753 5220 7.

263 5282 289 5323 C.
305 5281 412 5324 Bnccm.
427 5282 675 5336 Rer.Aetk.Sm‘1tt.
691 5296 735 5323 occ.
752 5283 818 5325 med.
833 5305 857 5313 -
872 5281 938 5323 VIII.
1414 5291 1438 5333 31
