4066 6184
571 609 686 658 LIBER
709 610 749 668 11,
774 608 899 659 CAPUT
923 609 1036 659 XXVI.
1409 618 1471 677 333

139 774 218 817 vere
242 757 417 837 possimus
440 757 568 819 dicere:
594 755 700 821 Omne
722 763 824 842 caput
845 756 1047 843 languidum
1069 762 1103 821 et
1123 778 1219 821 omna
1237 778 1293 821 cor
1314 779 1474 823 moerens.

139 868 172 932 A
190 872 320 955 planta
337 873 437 956 pedes
459 893 563 957 usqzae
584 875 632 936 ud
651 874 806 937 verticem
830 874 962 957 capitas,
986 894 1054 936 non
1077 879 1127 937 est
1150 873 1187 935 in
1210 894 1245 936 eo
1268 874 1428 955 sanatur(
1452 873 1472 956 l.

229 1008 258 1067 3.
284 988 532 1073 Dignissimum
557 992 711 1071 corporis
733 992 831 1053 istius
854 1000 956 1071 caput
978 999 1051 1052 erat
1074 988 1275 1070 Imperator,
1299 1009 1400 1072 quem
1424 991 1474 1051 in·
1536 998 1717 1060 Imperatoris
1750 1000 1823 1063 spi·

139 1101 161 1164 fi
185 1105 191 1117 .
238 1105 244 1118 .
709 1105 715 1119 .
924 1107 930 1119 .
976 1107 982 1120 .
1155 1106 1162 1119 .
1409 1107 1415 1118 .
1502 1067 1572 1118 ritus
1592 1083 1702 1132 semper
1727 1085 1822 1133 prom·

162 1121 246 1166 erari
271 1124 340 1167 non
364 1124 545 1186 possumus
576 1107 773 1168 medullitus
797 1117 830 1168 et
853 1127 898 1168 ex
922 1116 1042 1167 intimo
1070 1107 1183 1167 cordis
1213 1103 1338 1167 affectu
1369 1103 1474 1168 fuisse
1500 1150 1574 1201 ptus,
1594 1151 1765 1191 estuantem
1778 1143 1822 1193 in-

139 1219 351 1283 catholicum
374 1234 408 1283 et
429 1219 508 1283 fidei
532 1223 711 1284 veritatem
736 1223 871 1303 penitus
894 1222 1150 1303 introspexisse,
1174 1231 1208 1284 et
1231 1224 1266 1284 in
1290 1222 1382 1284 illius
1397 1241 1473 1302 pro·
1501 1211 1590 1260 firma.

139 1337 363 1418 pagationem
386 1347 457 1400 toto
488 1347 611 1400 conatu
642 1338 854 1409 incubuisse3
886 1338 1079 1401 addendum
1109 1348 1222 1400 tamen
1254 1338 1288 1399 in
1321 1338 1418 1400 aulae
1442 1347 1475 1400 et

139 1463 329 1515 castrorum
353 1456 554 1535 impunitate
577 1463 610 1517 et
633 1454 745 1516 carnis
768 1454 905 1517 licentia
928 1456 1122 1525 enutritum,
1146 1456 1188 1516 ad
1216 1453 1273 1516 avi
1303 1454 1353 1516 sui
1378 1450 1475 1516 Salo-

141 1569 253 1632 monis
279 1570 468 1651 exemplar,
498 1579 626 1652 quanto
657 1570 735 1651 plus
765 1580 876 1633 aetate
906 1571 1165 1654 provehebatur,
1196 1580 1291 1633 tanto
1321 1572 1477 1633 minusa

139 1684 378 1764 voluptatibus
413 1686 600 1758 exaruisse,
627 1696 661 1749 et
695 1685 877 1748 illecebras
911 1688 969 1748 vel
999 1706 1076 1748 cum
1109 1706 1149 1748 eo
1180 1696 1277 1749 natas
1304 1707 1389 1759 esse,
1420 1687 1476 1748 vel

140 1800 336 1862 adolevisse
360 1812 394 1863 et
417 1803 646 1874 consenuisse,
671 1812 707 1864 ut
730 1803 852 1865 merito
876 1803 944 1864 dici
975 1803 1085 1883 possit
1115 1802 1335 1886 depravatum
1359 1801 1477 1888 fuisse

140 1934 197 1977 cor
220 1913 322 1977 illius
339 1921 405 2000 per
426 1916 585 1981 mulieres
600 1915 655 2001 (2).
680 1917 719 1979 In
742 1917 830 1979 hanc
853 1915 1051 1980 Charibdim
1068 1927 1102 1979 et
1119 1915 1334 1999 navifragum
1350 1918 1476 1999 scylla·

24 2076 30 2087 .
81 2077 87 2095 .
105 2077 112 2089 .
139 2050 238 2093 ceum
252 2028 421 2114 *impacta
433 2042 485 2095 est
501 2043 663 2096 coronata
679 2032 786 2114 ipsius
801 2035 990 2114 sapientiae
1007 2032 1119 2107 navis;
1137 2035 1171 2096 in
1187 2053 1369 2096 caenosum
1385 2034 1476 2097 istud

139 2146 359 2209 volutabrum
383 2148 510 2210 cordisi
534 2148 615 2211 llius
637 2158 707 2210 tam
731 2149 866 2219 nobilis
895 2168 997 2228 quarn
1028 2150 1186 2231 generosi
1216 2151 1395 2230 prudentia
1418 2151 1476 2212 de·

138 2281 263 2334 mersa,
287 2272 323 2326 et
346 2264 589 2326 contumulata.
614 2263 726 2327 Huius
749 2266 882 2346 peccati
906 2265 993 2327 adeo
1016 2261 1139 2326 famosi
1162 2284 1290 2346 poenas
1314 2265 1418 2338 dedit,
1443 2275 1477 2328 et

138 2388 218 2441 ante
242 2386 277 2440 et
300 2387 379 2460 post
403 2388 556 2450 mortem,
582 2397 658 2440 cum
682 2399 727 2441 ex
751 2381 876 2461 viginti
899 2381 1048 2461 quinque
1072 2381 1190 2442 liberis
1206 2380 1368 2443 masculis
1390 2400 1477 2462 quos

138 2494 281 2578 reliquit
305 2497 358 2574 (ne
381 2495 561 2575 loquamur
585 2495 627 2557 de
650 2492 811 2558 foeminis
834 2515 923 2577 quae
942 2496 1181 2577 multoplures
1198 2494 1345 2578 fuerunt)
1363 2497 1477 2560 nullus

138 2612 243 2674 modo
266 2611 428 2691 supersit,
450 2610 511 2673 sed
536 2630 655 2673 omnes
679 2612 768 2673 intra
790 2612 956 2694 exiguum
980 2620 1115 2693 tempus
1138 2612 1359 2694 primogeniti
1383 2614 1476 2674 iussu

137 2727 206 2789 sint
230 2723 413 2796 interfecti,
445 2727 585 2807 dempto
616 2724 761 2789 Claudio
788 2746 963 2809 germano,
988 2746 1088 2807 quem
1118 2738 1232 2789 tamen
1258 2746 1347 2790 anno
1382 2731 1475 2806 1646,

137 2852 281 2925 propter
301 2853 456 2905 ornatam
480 2842 758 2913 coniurationem,
783 2842 1010 2914 obtruncavit,
1031 2841 1140 2904 velut
1163 2842 1221 2904 alii
1238 2844 1387 2913 tradunt,
1404 2840 1476 2905 fau-

138 2977 196 3021 ces
221 2958 329 3021 linteo
353 2959 455 3029 elisit,
479 2968 513 3020 et
537 2957 633 3028 duos,
658 2978 744 3039 quos
766 2966 864 3039 pater
887 2959 965 3040 plus
995 2957 1104 3019 oculis
1133 2959 1204 3020 suis
1234 2960 1382 3031 amabat,
1406 2957 1477 3021 Ae-

137 3075 293 3156 thiopiae
314 3072 433 3137 florem
457 3094 497 3137 ac
521 3074 672 3146 delicias,
704 3073 867 3137 Iacobum
892 3086 927 3136 et
950 3073 1090 3145 Iustum,
1122 3074 1197 3154 ipso
1228 3075 1296 3137 iam
1326 3076 1478 3157 graviter

137 3190 377 3262 decumbente,
402 3191 437 3252 in
460 3191 608 3264 vincula,
633 3211 716 3254 mox
739 3192 773 3252 in
798 3210 912 3253 arcem
928 3190 1088 3265 vicinam,
1104 3201 1223 3272 postea
1239 3192 1274 3252 in
1290 3208 1408 3271 rupem
1425 3210 1476 3253 se-

137 3308 288 3387 positam
312 3326 352 3369 ac
375 3308 512 3370 tandem
538 3309 570 3369 in
595 3309 741 3370 securim
765 3309 947 3389 compegit.
971 3305 1030 3371 Sic
1053 3308 1195 3370 illicitae
1218 3316 1352 3388 patrum
1379 3306 1476 3368 volu·

135 3432 252 3505 ptates
275 3423 310 3484 in
334 3421 533 3504 Aethiopia,
558 3442 626 3485 non
649 3425 749 3487 aliter
771 3443 872 3505 quam
897 3425 987 3504 apud
1009 3433 1133 3494 turcas,
1155 3432 1332 3485 vertuntur
1362 3423 1396 3484 in
1421 3441 1477 3483 eo·

137 3539 294 3600 rumdem
318 3539 540 3620 opprobrium
569 3549 602 3601 et
634 3541 667 3600 in
698 3540 882 3601 haeredum
914 3537 1155 3601 carnificinam.
1184 3537 1256 3600 Vix
1284 3548 1360 3619 post
1392 3539 1477 3600 duos

137 3672 284 3725 menses
310 3672 386 3715 eum
410 3654 446 3716 in
469 3653 692 3735 Aethiopiam
709 3655 883 3736 ingressus
906 3665 997 3717 esset
1020 3654 1228 3725 Patriarcha,
1251 3672 1363 3736 vagae
1378 3654 1477 3715 istius

136 3770 301 3833 licentiae
324 3771 454 3851 pudore
477 3779 598 3850 captus
620 3769 822 3851 Imperator,
846 3771 955 3839 unius.
980 3788 1081 3850 quam
1113 3789 1195 3851 prae
1226 3768 1369 3831 coeteris
1400 3768 1476 3831 dili·

137 3886 254 3966 gebat,
278 3884 391 3956 thoro,
416 3885 529 3947 missis
552 3885 639 3957 aliis,
663 3905 700 3947 se
724 3886 827 3947 nixus
850 3894 903 3948 est
926 3886 1080 3967 alligare.
1109 3883 1219 3965 Quod,
1245 3885 1309 3947 nisi
1340 3884 1477 3946 divinae

137 4001 229 4084 legis
253 4000 473 4063 interdictum
497 4001 660 4073 obstaret,
693 4001 882 4063 catholicae
912 3998 991 4064 fidei
1023 4002 1276 4063 incommodum
1301 4010 1476 4071 nouerat,

136 4135 215 4179 cum
240 4116 303 4178 illa
326 4114 360 4177 in
392 4117 548 4178 eamdem
579 4116 708 4196 absque
739 4114 818 4178 fuco
848 4118 1087 4197 propenderet.
1119 4115 1237 4196 Ipsum
1268 4125 1381 4178 tamen
1413 4114 1477 4177 Pa·

136 4232 290 4295 triarcha
312 4233 458 4314 rogavit,
490 4252 533 4294 an
565 4231 751 4315 Reginam,
782 4252 885 4313 quam
916 4235 1060 4313 primam
1093 4233 1201 4303 duxit,
1233 4232 1370 4313 pellicis
1400 4231 1477 4293 loco

136 4367 276 4430 semper
299 4348 465 4419 habuerit,
491 4368 568 4411 cum
592 4350 706 4410 animo
722 4350 877 4411 eamdem
894 4350 937 4411 ad
955 4349 1088 4411 libitum
1106 4349 1310 4419 dimittendi,
1327 4348 1381 4407 vel
1399 4366 1477 4409 cum

138 4465 215 4546 ipsa
238 4474 274 4526 et
297 4464 419 4544 quavis
442 4463 510 4526 alia
538 4464 714 4526 insolubili
744 4465 835 4525 nodo
866 4463 1119 4525 matrimonium
1147 4461 1365 4525 contraxerit.
1390 4459 1475 4523 Cum

137 4598 223 4642 vero
248 4578 309 4641 ille
333 4577 527 4652 affirmaret,
551 4599 586 4641 se
610 4599 685 4641 cum
711 4576 851 4660 Regina
874 4580 973 4660 (quae
997 4580 1061 4660 ipsi
1086 4589 1158 4640 erat
1185 4580 1230 4640 ob
1261 4578 1388 4660 ingenii
1417 4578 1477 4639 du·

136 4697 278 4759 ritatem
302 4697 413 4758 minus
436 4705 544 4778 grata,
569 4704 604 4757 et
626 4697 726 4758 nobis
749 4695 795 4756 ob
818 4696 1014 4757 simulatum
1038 4697 1073 4756 in
1096 4692 1199 4757 fidem
1223 4695 1373 4756 animum
1391 4694 1478 4755 inter

136 4821 296 4875 caeteras
311 4813 422 4894 magis
437 4810 594 4893 adversa)
614 4812 857 4873 irrevocabiles
880 4811 1015 4891 nuptias
1031 4812 1146 4872 iniisse
1162 4820 1196 4871 et
1212 4822 1362 4871 veterem
1380 4808 1477 4870 illum

136 4947 294 4992 amorem
318 4928 502 4990 liberorum
526 4926 696 4989 nutricatu
720 4927 899 4998 coaluisse,
924 4945 986 4988 nec
1010 4947 1030 4987 a
1053 4946 1090 4987 se
1114 4926 1269 4987 laborum
1289 4926 1322 4985 in
1339 4944 1477 5004 recupe-

227 5174 272 5242 (1)
292 5174 366 5233 lsai„
388 5185 411 5233 1,
430 5190 455 5227 n.
476 5182 499 5236 5.
522 5201 553 5210 -
572 5171 615 5240 (2)
634 5183 649 5235 3
669 5174 745 5239 Reg„
762 5184 803 5231 11,
821 5189 846 5224 n.
866 5187 892 5236 4.
