4058 6178
621 608 738 657 UBER
761 608 800 666 Π,
824 607 949 656 CAPUT
980 607 1061 657 VIII.
1443 612 1505 671 213

170 753 289 819 dolore
310 774 384 821 non
405 756 549 827 audiret,
569 755 725 838 gladium
745 756 893 823 dextera
915 766 1045 827 tenens,
1069 755 1105 818 in
1132 764 1257 823 terram
1275 756 1355 823 ‚sine
1381 755 1507 837 clypeo

170 870 298 935 desiliit
322 870 392 953 (hic
414 871 506 935 enim
529 869 663 935 loricati
685 882 719 935 et
743 871 870 954 galeati
893 891 935 935 eo
958 890 1026 935 non
1049 870 1220 954 teguntur)
1237 880 1271 934 et
1290 872 1340 934 sic
1356 889 1417 952 per
1432 870 1505 932 lon·

170 1003 250 1068 gum
275 986 496 1055 intervallmn
520 987 647 1051 multos
669 985 812 1053 offendit
831 996 869 1050 et
888 1006 926 1049 se
942 988 1054 1069 ipsum
1069 985 1232 1057 defendit,
1247 988 1357 1049 donec
1377 986 1505 1048 crebris

170 1100 355 1167 missilium
378 1102 600 1183 petitionibus
622 1100 802 1169 confossus
820 1103 994 1165 occubuit.

260 1234 290 1295 5.
316 1214 482 1298 Quintum
506 1237 608 1300 supra
629 1220 949 1302 quinquagesimum
966 1221 1087 1285 aetatis
1102 1220 1228 1302 agebat
1243 1237 1385 1291 annum;
1402 1237 1505 1280 vesco
1568 1226 1700 1289 protegi·
1723 1227 1850 1280 virtutes.

170 1350 324 1413 corpore,
348 1333 410 1395 sed
433 1334 571 1397 sinmiis
593 1333 733 1406 viribus,
757 1336 847 1397 unde
870 1354 890 1397 a
908 1331 1030 1407 Gallis,
1047 1354 1068 1397 a
1082 1336 1206 1415 quibus
1219 1353 1305 1416 puer
1320 1342 1438 1415 captus
1453 1344 1505 1396 est

170 1457 204 1510 et
227 1447 392 1521 eviratus,
416 1469 478 1512 sua
500 1450 619 1533 lingua
642 1451 754 1513 dictus
776 1461 828 1513 est
855 1448 960 1522 Bucd,
985 1450 1020 1512 id
1048 1460 1101 1512 est
1134 1450 1278 1531 parvula
1308 1451 1370 1514 illa
1396 1449 1504 1520 clava,

170 1584 256 1645 quae
281 1562 468 1633 Abassinis
491 1566 616 1632 Bolota
646 1576 798 1638 vocatur,
822 1586 868 1629 ex
890 1567 1073 1631 durissimo
1095 1565 1217 1649 quovis
1239 1566 1334 1649 ligno
1359 1565 1414 1628 vel
1437 1565 1505 1629 rbi·

169 1684 367 1749 nocerontis
386 1701 495 1745 ‚cornu
518 1691 705 1765 compacta.
731 1681 770 1745 [n
794 1681 896 1745 bellis
919 1682 1078 1745 omnibus
1092 1681 1312 1763 Imperatoris
1328 1682 1417 1747 latus
1433 1681 1506 1741 val·

170 1798 266 1870 lavit,
292 1817 429 1880 semper
447 1798 491 1861 ab
507 1818 548 1860 eo
563 1807 701 1880 propter
717 1795 955 1862 fortitudinem
970 1810 1005 1861 et
1019 1797 1235 1880 prudentiam
1251 1798 1368 1880 magni
1385 1794 1505 1860 iactus.

170 1913 372 1996 Antequam
411 1912 513 1976 fidem
548 1914 753 1979 catholicam
792 1916 1063 1996 amplecteretur,
1095 1915 1248 1995 corporis
1276 1912 1506 1995 castigationi,

170 2027 309 2091 ieiuniis
332 2038 368 2092 et
389 2029 468 2093 aliis
491 2030 630 2110 pietatis
660 2031 822 2110 operibus
852 2031 1005 2111 impense
1034 2029 1210 2103 studebat3
1238 2038 1272 2093 et
1304 2027 1382 2091 ideo
1409 2027 1505 2109 quasi

170 2155 302 2208 rectam
326 2146 417 2208 viam
442 2146 632 2217 institisset,
656 2144 804 2208 difficilis
826 2142 891 2208 fuit
913 2155 1086 2226 superatm
1110 2146 1182 2217 sed,
1203 2153 1387 2226 postquam
1415 2144 1505 2207 lente

170 2263 352 2324 veritatem
376 2262 593 2343 introspexit,
617 2263 713 2324 illam
735 2263 785 2324 sic
809 2262 843 2324 in
867 2261 980 2323 cordis
1010 2258 1113 2324 fibras
1143 2260 1276 2332 indidit,
1307 2270 1344 2323 ut
1374 2261 1432 2342 qui
1463 2260 1506 2322 de

170 2375 245 2438 sola
269 2375 376 2438 animi
405 2375 516 2441 salute
547 2377 723 2458 cogitaret.
752 2375 885 2439 Bonam
917 2377 1027 2439 noctis
1049 2385 1181 2458 partem
1205 2376 1240 2439 in
1263 2372 1344 2438 *suo
1367 2375 1505 2445 sacello,

170 2490 323 2574 egregiis
346 2492 555 2572 imaginibus
577 2502 709 2565 ornato,
739 2491 885 2555 orationi
914 2494 1071 2566 vacabat,
1101 2511 1326 2574 somnumque
1354 2501 1434 2559 ante
1457 2493 1507 2553 al·

169 2609 254 2670 taris
279 2618 490 2691 suggestum,
514 2607 571 2670 vel
594 2608 630 2670 in
645 2618 758 2690 tapete
774 2610 1004 2691 suppedaneo,
1016 2609 1073 2671 vel
1089 2608 1123 2671 in
1139 2617 1254 2690 tegete
1270 2608 1410 2671 libabat.
1428 2606 1506 2670 Duo

169 2732 303 2789 tantum
328 2725 381 2789 sui
403 2725 531 2789 amoris
554 2743 637 2807 erga
659 2726 771 2805 ipsum
790 2725 992 2788 documenta
1015 2725 1172 2806 poposcit
1187 2744 1208 2787 a
1223 2745 1255 2805 p.
1271 2722 1505 2793 Emmanuele,

168 2840 312 2920 spiritus
335 2841 388 2903 sui
411 2840 587 2922 magistm,
610 2841 760 2903 cilicium
784 2852 818 2904 et
842 2862 887 2903 ex
910 2840 1046 2904 retortis
1068 2839 1192 2905 fidibus
1216 2838 1401 2921 flagellum.
1419 2838 1506 2900 Pau·

169 2973 291 3036 perum
314 2955 392 3036 pius
413 2964 513 3037 pater
535 2966 621 3029 erat;
646 2954 726 3019 fidei
749 2965 821 3019 tam
836 2957 1005 3019 sollicitus
1028 2966 1173 3027 curator,
1190 2965 1227 3018 ut
1243 2956 1338 3019 illam
1353 2955 1504 3017 omnium

170 3071 334 3134 cordibus
357 3072 547 3153 insculpere
570 3072 752 3144 laboraret,
776 3082 810 3135 et
833 3073 927 3154 prius
946 3071 981 3134 in
997 3091 1104 3155 regno
1119 3071 1372 3154 Bagamedrino
1387 3079 1507 3151 postea

170 3186 205 3247 in
233 3185 447 3255 Damotensi,
472 3188 600 3268 templo
623 3188 713 3250 intra
736 3207 862 3251 annum
889 3200 1004 3251 erecto
1020 3199 1054 3252 et
1070 3188 1215 3271 privatis
1230 3185 1346 3253 fundis
1362 3185 1506 3268 aliisque

170 3303 218 3365 ab
241 3301 451 3383 Imperatore
473 3304 624 3367 obtentis
643 3306 784 3378 donam,
808 3303 950 3368 mirifice
974 3306 1177 3387 prorogarit.

263 3419 295 3480 ὁ.
320 3417 445 3481 Noster
466 3428 503 3482 et
525 3419 747 3502 Imperatoris
766 3421 865 3485 dolor
881 3430 995 3485 tantae
1011 3422 1161 3483 iacturae
1175 3439 1238 3501 par
1253 3416 1327 3491 fuit,
1345 3420 1389 3481 ob
1405 3417 1506 3481 amis·
1569 3425 1675 3476 Aliu-
1708 3424 1852 3475 odinum

169 3552 246 3599 sam
271 3534 358 3605 adeo
379 3534 539 3607 stabilem
570 3534 651 3598 fidei
675 3545 776 3618 atque
800 3537 936 3618 imperii
965 3536 1170 3609 columnam,
1193 3537 1290 3599 cuius
1317 3535 1412 3599 ruina
1440 3533 1506 3597 nisi
1534 3497 1696 3560 mmm
1712 3497 1812 3546 vtem.

171 3649 356 3732 obtigisset
367 3650 429 3732 (1);
454 3650 539 3715 nihil
562 3651 711 3733 opimior
735 3649 802 3715 fuit
822 3649 999 3717 Gallarum
1022 3651 1175 3717 conditio
1198 3670 1275 3717 cum
1300 3651 1383 3732 ipsis
1406 3651 1442 3715 in
1464 3668 1507 3711 eo

170 3765 305 3848 praelio
328 3785 454 3849 magna
474 3770 712 3851 gregariorum
736 3767 930 3839 multitudo,
953 3776 987 3830 et
1011 3766 1212 3835 validissimi
1237 3766 1373 3837 milites,
1389 3766 1508 3829 duces·

170 3901 240 3962 que
262 3882 549 3962 praestantissimi
572 3880 770 3946 defuissent.
806 3882 876 3946 Sed
903 3902 980 3947 cum
1009 3901 1110 3947 areae
1140 3903 1179 3945 ac
1209 3882 1398 3964 spoliorum
1429 3901 1507 3962 pos·

171 3997 326 4060 sessione
349 3994 551 4073 fruerentur,
575 4000 721 4063 victoria
742 3999 879 4071 hilares,
903 4019 940 4063 se
962 3999 1053 4062 ultra
1076 3998 1193 4061 Nilum
1220 4007 1431 4079 receperunt,
1449 3996 1508 4060 ubi

171 4113 277 4176 etiam
302 4112 476 4176 cohortem
500 4114 606 4183 illam,
630 4134 717 4195 quae
741 4117 878 4186 vadum,
903 4116 1011 4196 copiis
1034 4114 1111 4178 Ras
1134 4112 1216 4177 Sela
1231 4112 1385 4177 Christds
1402 4132 1508 4194 oppo-

172 4228 289 4300 situm,
313 4237 506 4292 tentaverat
533 4232 658 4293 laetam
690 4232 862 4304 invenere,
893 4233 985 4313 quod
1017 4250 1154 4293 manum
1181 4231 1295 4300 aliam,
1324 4249 1411 4311 quae
1441 4229 1507 4291 sibi

171 4344 277 4407 obvia
300 4342 425 4418 iuerat,
449 4345 563 4408 valide
579 4345 751 4408 retorserit
775 4356 809 4408 et
830 4345 1028 4409 vulneribus
1043 4344 1222 4428 fatigatam
1238 4346 1274 4407 in
1289 4354 1401 4408 eastra
1416 4363 1508 4406 com·

172 4460 314 4541 pulerit;
349 4479 426 4523 cum
450 4462 517 4524 iam
542 4481 631 4523 anno
657 4472 829 4525 transacto
861 4461 1025 4525 eximium
1057 4462 1179 4524 ducem
1211 4462 1384 4542 ipsiusque
1414 4460 1509 4521 vices

171 4586 359 4650 tenentem,
382 4575 502 4640 Adera
524 4576 681 4650 Mariam,
705 4579 811 4660 vulgo
838 4578 968 4640 dictum
998 4577 1129 4648 Adard,
1153 4597 1172 4640 e
1196 4577 1268 4639 vita
1294 4574 1506 4639 deiecissent.

265 4711 293 4771 7.
305 4692 390 4756 Cum
402 4693 508 4774 igitur
520 4696 768 4765 convenissent,
782 4693 912 4775 duplici
924 4693 1068 4755 victoria
1080 4690 1221 4763 feroces,
1234 4693 1370 4754 tertiam
1383 4691 1508 4754 addere
1571 4701 1627 4750 Res
1639 4699 1720 4749 seiae
1728 4699 1856 4750 cudens

172 4809 433 4879 constituerunt,
458 4807 539 4871 Nilo
559 4808 682 4872 iterum
697 4818 858 4890 superato
874 4818 909 4872 et
924 4808 1001 4871 Ras
1017 4806 1099 4871 Seiai
1113 4806 1268 4870 Christds
1285 4808 1319 4869 in
1335 4816 1507 4870 certamen
1535 4780 1612 4892 fg?
1613 4785 1689 4821 mum
1720 4771 1855 4834 ΜΨ

171 4932 373 5006 provocato,
396 4943 498 5007 quem
522 4925 552 4986 si
574 4925 842 5006 pessumdarent,
870 4926 955 4987 certi
971 4926 1014 4987 ad
1038 4925 1215 4986 minimum
1231 4932 1328 4986 erant
1343 4920 1508 4987 Goiamae

171 5058 318 5123 regnum
343 5038 410 5102 sibi
433 5040 712 5103 submittendum.
736 5039 806 5102 Hie
829 5060 867 5103 se
890 5040 967 5104 Ras
989 5040 1173 5122 conspexit
1195 5040 1230 5100 in
1254 5039 1410 5100 ultimam
1432 5057 1507 5121 per-

261 5172 304 5239 (1)
322 5173 377 5222 Hic
395 5173 512 5238 proiecto
531 5173 653 5238 epodosis
672 5172 841 5225 desideratur.
