4058 6178
531 509 592 567 144
860 503 1132 554 EXPEDITIONIS
1155 504 1417 556 AETHIOPICAE
1440 506 1521 558 ETC.

525 648 642 713 Leoni.
667 648 715 713 Ut
737 648 873 713 *eorum
896 669 1076 731 personam
1084 646 1214 723 'refers
1231 652 1281 716 sie
1297 653 1430 718 delatos
1446 653 1510 738 ipsi
1526 653 1674 717 honores
1690 656 1853 737 patienter
1878 668 1896 718 t.
1913 673 1970 722 ron

526 766 702 831 sustineto,
726 766 822 829 Nihil
845 777 897 830 est
920 776 1029 831 totum
1054 767 1099 840 id.
1123 769 1215 850 quod
1238 768 1343 832 tantis
1365 771 1520 852 personis
1550 788 1602 835 ex,
1627 770 1744 834 debito
1773 767 1852 833 offe-

527 882 642 956 rimus,
667 882 752 946 nihil
774 882 938 956 admittis,
962 882 992 947 si
1014 883 1081 947 hoc
1104 885 1255 966 ipsorum
1279 888 1416 949 nomine
1440 887 1612 950 admittas.

214 1003 393 1056 Candidus
410 1020 500 1070 equus
618 1018 667 1061 ιο.
692 998 885 1062 Parendum
908 997 972 1061 fuit
994 999 1133 1072 interea,
1157 1002 1239 1064 dum
1262 1003 1307 1064 ad
1326 1003 1510 1065 secundum
1526 1001 1708 1065 tentorium
1725 1001 1760 1063 in
1776 1021 1852 1063 con·

178 1090 351 1199 ffimff:
364 1078 499 1200 effic&
526 1110 607 1178 finio
638 1124 824 1177 castrorum
854 1113 962 1178 fixum
986 1116 1221 1180 accederetur:
1245 1117 1303 1180 ubi
1326 1127 1497 1200 sumptum
1520 1117 1673 1200 pluviale
1699 1128 1733 1179 et
1758 1117 1851 1180 tiara

527 1229 605 1301 Hic,
620 1231 713 1292 mula
735 1231 893 1303 demissa,
918 1231 952 1294 in
975 1251 1099 1314 equum
1123 1233 1261 1295 niveum
1283 1234 1409 1315 amplis
1432 1254 1477 1295 ex
1499 1233 1691 1296 holoserico
1710 1234 1852 1295 candido

526 1345 742 1409 dorsualibus
764 1355 798 1409 et
821 1344 972 1430 regificis
994 1348 1145 1429 phaleris
1168 1356 1323 1412 ornatum
1353 1348 1585 1433 (Imperatoris
1611 1350 1749 1427 donum)
1775 1369 1851 1411 con·

526 1463 666 1535 scandit,
698 1462 941 1525 baldachinum
972 1462 1051 1526 hinc
1082 1462 1161 1526 inde
1200 1465 1445 1528 sustinentibus
1482 1484 1544 1527 sex
1579 1464 1781 1548 proregibus
1813 1484 1851 1526 ac

525 1579 681 1660 dynastis
703 1587 738 1640 et
760 1599 883 1660 equum
906 1599 927 1641 a
949 1576 1046 1642 freno
1069 1580 1354 1660 praeducentibus
1377 1577 1481 1643 Sarsa
1499 1579 1654 1643 Christos
1669 1589 1704 1642 et
1719 1578 1852 1642 Melcha

525 1691 679 1756 Christos
702 1693 922 1776 Imperatoris
944 1692 1165 1759 fratruelibus
1188 1704 1222 1759 et
1256 1696 1371 1779 regiae
1397 1697 1520 1760 domus
1550 1698 1755 1767 aeconomis,
1785 1716 1850 1759 non

525 1812 597 1872 sine
628 1810 759 1893 ingenti
790 1809 920 1872 invidia
949 1808 1026 1873 Ras
1057 1807 1139 1874 Sela
1169 1810 1334 1883 Christos,
1366 1833 1386 1874 a
1417 1831 1484 1894 quo
1515 1813 1628 1876 locum
1659 1812 1756 1874 illum
1786 1831 1850 1873 non

524 1927 735 1989 calcitrantis
765 1927 844 2008 equi
875 1927 1035 2008 impetus,
1066 1929 1136 1999 sed,
1167 1938 1204 1990 ut
1234 1928 1309 2009 ipse
1339 1930 1552 2010 querebatur,
1577 1928 1763 1992 invidentis
1786 1925 1851 1989 for-

523 2053 625 2105 tunae
647 2042 737 2104 livor
759 2042 940 2106 subtraxit.
970 2042 1065 2105 Inter
1088 2041 1218 2107 faustas
1248 2045 1399 2106 omnium
1434 2044 1708 2117 acclamationes,
1737 2054 1851 2107 canto·

522 2178 597 2221 rum
621 2160 773 2240 psalmos
804 2158 848 2221 ad
878 2178 958 2221 suos
989 2178 1147 2223 numeros
1178 2160 1426 2222 modulantium
1451 2160 1560 2223 melos
1587 2159 1795 2230 audiebatur,
1818 2169 1852 2222 et

521 2274 608 2336 varii
633 2275 667 2336 in
691 2274 874 2336 multorum
898 2274 1052 2336 vultibus
1074 2272 1218 2338 affectus
1240 2274 1457 2338 renidebant:
1481 2273 1633 2337 laetitiae
1657 2285 1692 2337 et
1714 2274 1851 2356 tripudii

522 2392 556 2452 in
580 2391 672 2452 veris
694 2388 873 2451 catholicis
894 2399 928 2452 et
951 2407 1110 2452 romanae
1134 2388 1213 2452 fidei
1247 2389 1466 2462 amatoribus,
1497 2390 1631 2453 ruboris
1665 2400 1700 2453 et
1729 2391 1852 2453 tacitae

521 2504 767 2589 indignationis
794 2506 828 2566 in
861 2505 912 2577 iis,
943 2506 1068 2586 quibus
1097 2506 1210 2569 adhuc
1241 2506 1400 2570 Dioscori
1432 2516 1467 2568 et
1496 2505 1701 2589 Eutychetis
1730 2507 1851 2569 delira·

520 2633 634 2685 menta
657 2632 691 2684 et
713 2620 951 2685 Alexandriae
973 2621 1106 2684 somnia
1128 2623 1333 2686 arridebant

209 2744 242 2792 ln
254 2741 434 2807 praecipuum
446 2760 492 2795 ca·
612 2758 661 2799 ιι.
685 2734 744 2800 Sic
768 2738 951 2800 deventum
975 2738 1019 2799 ad
1042 2738 1261 2820 praecipuum
1285 2748 1471 2801 castrorum
1499 2738 1676 2820 templum,
1708 2739 1760 2800 cui
1792 2757 1851 2800 no·

173 2816 491 2878 atrorumtempium
755 2855 762 2866 .
883 2853 889 2866 .
1099 2855 1105 2868 .
1334 2853 1341 2867 .
1678 2855 1684 2867 .
1732 2854 1739 2867 .
1768 2854 1774 2867 .
1826 2855 1833 2867 .

173 2881 328 2946 imm„
520 2874 597 2916 men
620 2875 640 2915 a
664 2850 857 2933 GamJabet,
881 2854 979 2925 1dest,
1010 2854 1224 2917 attalicarum
1257 2864 1401 2917 vestrum
1438 2856 1551 2923 domo,
1577 2852 1851 2936 B.V1rg1nrd1·

518 2980 642 3039 catum,
665 2970 758 3051 quod
782 2970 856 3050 ipsa
890 2969 934 3031 sit
968 2988 1129 3032 arcanum
1156 2988 1197 3032 ac
1227 2989 1314 3051 pene
1344 2968 1500 3032 divinum
1530 2970 1694 3032 virtutum
1725 2968 1851 3051 gratia7

517 3105 659 3166 rumque
693 3085 888 3148 sacrarium.
930 3086 970 3149 In
1006 3086 1161 3170 ingressu
1201 3106 1307 3149 aenea
1341 3088 1430 3148 arcis
1463 3094 1633 3149 tormenta
1672 3095 1707 3148 et
1740 3084 1849 3165 sclopi

519 3199 690 3285 fragorem
711 3220 809 3263 suum
833 3201 970 3264 edidere
994 3216 1028 3265 et
1052 3202 1234 3265 Zachariae
1257 3201 1391 3265 cantico
1414 3203 1541 3263 latinus
1557 3201 1682 3264 chorus
1697 3200 1849 3264 omnium

518 3335 616 3379 aures
639 3317 842 3379 suavissime
866 3317 1037 3382 demulsit.
1062 3317 1228 3381 Interiora
1250 3316 1344 3379 illius
1368 3318 1484 3398 adyta,
1512 3318 1608 3399 regio
1639 3318 1737 3387 solio,
1752 3334 1849 3378 coro·

517 3443 617 3494 natus
640 3431 841 3514 Imperator,
864 3434 1016 3515 pulvinis
1034 3433 1251 3515 babylonicis
1266 3443 1300 3495 et
1316 3432 1464 3495 attalicis
1481 3443 1559 3496 ante
1575 3433 1682 3515 pedes
1696 3430 1847 3503 abiectis,

517 3548 696 3619 insidebat,
720 3558 754 3610 et
777 3550 954 3612 accedenti
979 3549 1196 3612 Patriarchae
1219 3567 1410 3631 assurgens,
1435 3568 1511 3610 eum
1543 3546 1651 3611 teneri
1683 3548 1783 3609 simul
1805 3566 1848 3609 ac

206 3667 386 3731 imperatoria
401 3667 490 3717 linen-
516 3663 705 3727 reverentis
728 3663 853 3726 amoris
877 3664 1090 3727 documentis
1112 3674 1164 3727 est
1192 3664 1384 3745 amplexus.
1415 3662 1577 3745 Augusta
1592 3663 1667 3724 viro
1697 3672 1732 3724 et
1757 3671 1848 3723 tran-

171 3749 274 3789 menn.
516 3780 675 3861 quilliore
699 3779 842 3861 imperio
866 3781 972 3862 digna
994 3782 1136 3861 species,
1162 3780 1285 3842 celsior
1308 3779 1460 3859 corporis
1483 3786 1601 3849 status,
1626 3777 1770 3858 capillus
1796 3775 1847 3838 ni·

515 3896 652 3976 gricans
676 3906 709 3957 et
732 3895 841 3957 barba
867 3896 902 3956 in
930 3896 1143 3957 latitudinem
1175 3894 1424 3974 aliquantulum
1456 3894 1655 3974 expatians;
1687 3893 1781 3954 color
1810 3893 1845 3952 in

515 4010 627 4071 olivae
651 4011 909 4072 maturescentis
933 4010 1128 4072 laevitatem
1152 4009 1370 4092 splendidus;
1395 4010 1485 4072 oculi
1516 4008 1719 4091 grandiores
1749 4026 1844 4089 prae·

515 4127 663 4188 nitentes
686 4135 720 4187 et
744 4126 908 4188 laetitiam
932 4125 1120 4206 spirantes3
1137 4124 1229 4187 labia
1245 4125 1339 4188 nullo
1354 4136 1488 4188 tumore
1503 4124 1559 4187 vel
1575 4124 1728 4206 proiectu
1749 4124 1844 4205 (sicut

515 4251 550 4303 et
573 4252 727 4304 caeterae
750 4242 857 4322 genti)
881 4242 1124 4323 prominentia;
1148 4250 1240 4303 totus
1263 4242 1378 4304 vultus
1400 4242 1437 4303 in
1449 4241 1662 4303 maiestatem
1683 4240 1841 4323 digestus,

514 4357 647 4418 animus
671 4357 759 4419 inter
784 4376 917 4419 summa
943 4356 1096 4437 pericula
1131 4355 1290 4437 *pacatus
1320 4365 1373 4418 est
1402 4366 1472 4418 tam
1505 4373 1634 4437 aequus
1663 4355 1715 4417 sui
1742 4372 1838 4436 quam
1884 4366 1906 4416 s.
1929 4374 1974 4421 71.
2020 4326 2021 4377 l

514 4471 619 4533 alieni
642 4471 726 4535 iuris
748 4474 885 4543 arbiter,
910 4480 947 4534 ut
973 4490 1187 4553 quocumque
1218 4471 1296 4533 locu
1325 4480 1426 4533 natus
1456 4480 1546 4534 esset
1578 4467 1747 4532 fortunam
1777 4467 1839 4531 sibi

515 4586 653 4651 ficturus
675 4590 856 4651 videretur.

202 4721 349 4773 succincta
385 4724 485 4774 concio
607 4724 655 4766 12.
681 4703 749 4766 Hic
773 4705 817 4766 ad
840 4723 934 4766 aram
957 4704 1166 4765 contendens
1196 4704 1404 4776 Patriarcha,
1435 4704 1588 4785 actisque
1619 4701 1696 4764 Deo
1725 4701 1841 4785 gratiis

166 4795 190 4843 1³
191 4792 353 4844 “mm“
513 4822 558 4882 ob
589 4839 785 4882 concessam
809 4821 843 4881 in
866 4819 1025 4882 triennali
1049 4819 1269 4900 expeditione
1293 4819 1574 4892 incolumitatem,
1598 4837 1636 4881 se
1664 4818 1708 4881 ad
1738 4836 1841 4899 popu-

514 4937 585 4997 lum
608 4946 822 5008 convertens,
846 4956 866 4998 e
896 4936 1057 4997 cathedra
1087 4954 1155 4997 non
1186 4935 1370 4997 admodum
1394 4934 1542 5017 longam,
1566 4934 1629 4997 sed
1658 4934 1752 4997 succi
1773 4932 1843 5014 ple-

513 5071 592 5114 nam
615 5050 736 5113 habuit
758 5052 956 5113 concionem
982 5050 1015 5112 in
1039 5050 1099 5112 illa
1122 5050 1252 5112 Psalmi
1276 5051 1398 5113 verba:
1421 5050 1505 5112 Eccc
1534 5070 1635 5134 quam
1667 5048 1787 5111 bonum
1813 5052 1847 5109 et
