4066 6174
551 594 613 670 368
883 605 1159 655 uxruumoms
1182 606 1447 656 nsrfflomcnu
1471 608 1550 657 stc.

549 753 739 834 aliquorum
774 754 898 816 rituum
932 755 1155 817 mutationem
1186 763 1317 817 certum
1349 764 1401 817 est
1439 755 1593 818 consiliis
1631 754 1766 836 agitari.
1803 755 1891 818 Mihi

548 865 668 932 Seltan
693 890 735 933 ea
757 880 889 933 tantum
912 871 955 933 de
979 890 1014 933 re
1041 868 1171 933 facturn
1195 890 1398 934 sermonem.
1422 867 1461 933 Si
1485 870 1569 952 quid
1592 870 1685 934 aliud
1713 881 1827 934 actum
1852 891 1890 933 se

548 982 786 1065 inquisiturum
803 985 903 1058 dixit,
920 987 1184 1069 necquidquam
1201 987 1276 1050 sine
1293 985 1513 1049 Patriarchae
1528 987 1740 1050 conscientia
1755 996 1791 1049 et
1807 996 1890 1049 nutu

547 1101 770 1164 decreturum.
794 1101 891 1165 Tunc
913 1102 961 1164 ait
984 1099 1194 1175 Patriarcha,
1218 1122 1256 1167 se
1279 1099 1498 1165 difficultates
1522 1104 1565 1165 ad
1581 1104 1667 1165 ritus
1682 1112 1889 1183 spectantes.

547 1216 710 1279 videlicet
744 1228 884 1298 quartae
918 1215 1024 1281 feriae
1059 1218 1233 1290 ieiunium,
1257 1219 1416 1301 liturgias
1438 1226 1610 1281 correctas
1632 1228 1667 1281 et
1690 1219 1889 1281 solemnita-

547 1342 619 1394 tum
643 1331 740 1394 iuxta
763 1333 838 1395 dies
860 1331 1024 1414 pristinos
1046 1335 1313 1397 celebrationem
1336 1333 1555 1403 concessisse,
1580 1342 1615 1396 et
1638 1334 1888 1415 permissurum

547 1457 710 1519 coeteros,
735 1448 778 1510 ad
801 1467 887 1530 quos
910 1466 973 1510 sua
995 1468 1032 1511 se
1056 1457 1208 1530 potestas
1231 1449 1432 1533 porrigeret,
1456 1449 1516 1529 qui
1545 1445 1626 1510 fidei
1656 1468 1726 1511 non
1757 1467 1888 1532 pugna·

547 1574 630 1627 rent.
655 1561 693 1626 Si
716 1561 753 1628 S.
777 1562 941 1627 Maiestas
964 1564 1100 1627 stabilis
1122 1575 1175 1629 est
1197 1565 1232 1627 in
1256 1538 1336 1628 fidei
1358 1572 1448 1627 statu
1472 1583 1541 1626 non
1564 1563 1804 1635 convellendo,
1828 1565 1888 1626 ob-

546 1679 629 1740 nixe
653 1679 828 1760 deprecari
851 1689 889 1741 ut
905 1681 1089 1761 praeconio
1105 1680 1195 1743 edici
1211 1680 1353 1752 iuberet,
1369 1680 1456 1742 sein
1474 1679 1637 1742 Romana
1650 1675 1718 1741 fide
1735 1688 1887 1760 perstare

546 1794 710 1876 illamque
734 1794 826 1857 velle
849 1804 1046 1859 constanter
1072 1796 1117 1858 ab
1148 1795 1307 1858 omnibus
1338 1796 1524 1867 observari,
1558 1813 1759 1876 morumque
1791 1796 1886 1858 laxa·

455 1903 464 1926 ⁰
546 1920 699 1973 mentum
723 1910 809 1973 illud
832 1911 994 1983 dandum,
1017 1910 1110 1992 quod
1134 1910 1273 1973 divinae
1296 1910 1392 1994 leges
1416 1930 1484 1973 non
1507 1911 1737 1993 prohiberent.
1763 1910 1804 1973 In
1820 1911 1886 1974 hoc

545 2034 707 2107 punctum
731 2035 804 2089 tota
827 2028 1008 2089 verborum
1033 2036 1068 2090 et
1091 2026 1197 2088 animi
1220 2026 1439 2089 contentione
1462 2025 1670 2099 Patriarcha,
1702 2027 1885 2109 episcopus

545 2150 578 2204 et
602 2152 716 2223 patres
739 2142 975 2215 incubuerunt,
999 2144 1074 2224 ipse
1096 2152 1212 2205 tamen
1235 2160 1371 2223 semper
1393 2151 1494 2205 cauta
1508 2142 1638 2205 silentii
1654 2142 1884 2205 declinatione

544 2254 760 2341 subterfugit,
785 2259 820 2321 id
844 2277 948 2321 unum
972 2259 1159 2340 explanate
1193 2258 1413 2340 respondens,
1437 2277 1475 2321 se
1499 2258 1555 2320 die.
1578 2268 1715 2340 postera
1738 2258 1797 2321 vel
1827 2278 1883 2340 pe·

546 2373 687 2436 rendina
710 2375 922 2456 interpretes,
946 2394 1023 2437 cum
1057 2375 1181 2456 quibus
1208 2393 1263 2436 res
1288 2373 1542 2455 transigeretur,
1574 2375 1619 2436 ad
1648 2374 1882 2437 Patriarcharu

444 2474 451 2485 ’
546 2490 737 2552 missurum.

233 2611 304 2660 Cum
317 2611 448 2676 Principe
460 2616 519 2665 col·

198 2682 314 2733 locutio.

231 4122 422 4183 Spectatorum
459 4137 516 4171 ca·

197 4191 417 4241 rholieorum
447 4207 515 4243 con-

195 4263 307 4312 stantia.

638 2625 688 2668 12.
712 2603 775 2667 Sat
797 2605 921 2668 moesti
943 2606 1009 2668 hoe
1031 2625 1197 2688 responso
1221 2626 1241 2667 a
1264 2605 1358 2667 curia
1381 2605 1601 2667 discessimus
1624 2614 1658 2667 et
1681 2606 1716 2666 in
1744 2605 1881 2666 domum

545 2720 716 2802 Principis
738 2723 986 2785 contendimus.
1010 2720 1173 2785 Remotis
1196 2723 1264 2784 iam
1282 2720 1409 2784 mensis
1432 2741 1453 2783 a
1471 2721 1616 2801 prandio
1633 2718 1796 2800 frequens
1810 2731 1881 2782 erat

544 2837 623 2898 aula
646 2846 893 2918 compotorum,
916 2858 1059 2920 quorum
1083 2838 1257 2920 praecipui
1283 2856 1365 2919 prae
1388 2838 1496 2900 nostri
1516 2837 1722 2899 verecundia
1738 2846 1772 2900 et
1789 2837 1879 2899 dam·

545 2962 644 3015 natae
667 2952 896 3017 conscientiae
918 2955 1127 3025 testimonio,
1151 2974 1188 3017 se
1211 2956 1395 3017 introrsum
1412 2953 1627 3016 abdiderunt.
1644 2952 1698 3015 De
1714 2971 1750 3015 re
1767 2953 1878 3015 statim

543 3184 675 3264 aliquid
698 3204 735 3246 se
759 3204 821 3265 per
842 3194 1072 3258 transennam,
1096 3204 1164 3247 non
1188 3194 1302 3248 tamen
1330 3204 1377 3247 ex
1408 3185 1512 3247 ullius
1543 3185 1706 3246 momenti
1737 3202 1877 3264 persona

543 3300 689 3372 audisse,
712 3309 922 3383 rogaturum,
948 3309 984 3363 ut
1007 3301 1090 3381 quid
1114 3310 1275 3383 ageretur
1298 3310 1392 3363 certo
1416 3301 1566 3363 resciret.
1591 3298 1802 3369 Patriarcha,
1825 3317 1876 3360 oc·

543 3416 681 3477 casione
703 3436 749 3477 ex
772 3417 879 3497 ipsius
902 3417 1017 3478 verbis
1033 3426 1179 3497 arrepta,
1196 3417 1262 3478 hac
1277 3417 1375 3478 illum
1392 3416 1547 3478 oratione
1562 3414 1743 3497 perculsit:
1768 3412 1875 3494 Quid?

543 3529 621 3593 Non
645 3541 696 3594 est
719 3530 762 3592 V.
787 3529 994 3594 Celsitudini
1018 3533 1052 3594 in
1081 3532 1243 3594 Romana
1265 3528 1332 3594 fide
1355 3533 1442 3594 mori
1466 3532 1695 3594 destinatum?
1718 3528 1806 3592 Suas
1828 3549 1875 3591 ra·

542 3647 654 3709 tiones
676 3646 848 3728 inpeditas
870 3646 1023 3710 sentiens
1046 3657 1080 3709 et
1101 3657 1176 3710 toto
1207 3666 1351 3729 corpore
1383 3647 1632 3718 inhorrescens,
1655 3644 1873 3729 *tergixrersa-
1907 3656 1923 3702 t.
1938 3662 2003 3729 174¹

542 3761 653 3825 tiones
680 3762 903 3837 moliebatur3
928 3782 990 3825 nec
1021 3763 1124 3826 aliam
1156 3764 1415 3844 responsionem
1442 3762 1560 3831 edidit,
1583 3781 1686 3843 quam
1714 3763 1871 3844 prioremr

542 3876 787 3959 Inquisiturum
811 3898 849 3942 se
872 3890 906 3940 et
931 3880 1139 3962 agniturum.
1165 3878 1277 3942 Multo
1300 3880 1468 3942 tristiores
1484 3878 1563 3941 inde
1578 3879 1791 3942 surreximus
1805 3877 1871 3939 vul·

543 4013 606 4055 nus
620 4001 842 4074 suppuratum
866 4014 941 4057 esse
965 4004 999 4057 et
1023 3996 1163 4058 omnino
1186 3996 1441 4058 immedicabile
1464 3994 1709 4077 intelligentes.

636 4129 684 4187 13.
707 4109 792 4172 Tres
814 4110 888 4173 dies
911 4112 1128 4192 insequentes
1151 4111 1350 4193 Imperator,
1375 4112 1478 4173 aedes
1501 4129 1580 4172 suas
1596 4111 1785 4183 obstruens,
1803 4110 1872 4172 illa·

542 4244 616 4287 rum
633 4226 761 4288 aditum
778 4227 936 4289 omnibus
952 4228 1142 4300 interdixit,
1157 4229 1232 4291 sive
1248 4227 1405 4290 molestia
1421 4237 1454 4289 et
1466 4224 1648 4298 moestitia,
1664 4226 1740 4289 sive
1756 4228 1870 4288 rubore

541 4341 771 4422 praepeditus,
794 4343 868 4403 sive
892 4352 929 4404 ut
952 4344 1110 4425 proderet
1133 4364 1170 4407 se
1195 4344 1349 4416 invitum,
1370 4344 1596 4406 reluctantem
1620 4351 1654 4404 et
1676 4343 1799 4405 timore
1815 4339 1870 4403 filii

541 4457 761 4517 constrictum
785 4456 820 4517 in
844 4457 932 4518 hanc
957 4460 1180 4521 mutationem
1204 4460 1342 4542 raptari.
1369 4459 1448 4522 Hoc
1472 4460 1564 4522 enim
1587 4469 1744 4540 tempore
1764 4475 1871 4520 rumor

541 4570 575 4630 in
599 4571 725 4652 vulgus
748 4574 910 4642 manavit,
936 4574 1130 4655 Principem
1153 4585 1369 4656 paternarum
1393 4575 1647 4638 cunctationum
1674 4584 1869 4656 pertaesum.

540 4704 653 4749 coram
679 4688 796 4748 multis
818 4688 956 4759 dixisse,
981 4710 1017 4751 se
1042 4690 1076 4752 in
1100 4700 1233 4753 montes
1256 4692 1503 4763 abscessurum,
1528 4692 1704 4771 vitamque
1720 4688 1868 4751 venando

540 4811 821 4874 sustentaturum;
844 4805 937 4884 quod
961 4807 1052 4885 apud
1076 4825 1135 4867 eos
1159 4807 1370 4869 tantumdem
1395 4807 1489 4868 valet
1512 4825 1552 4868 ac
1575 4806 1604 4869 si
1621 4804 1750 4867 diceret
1767 4803 1868 4866 rebel·

542 4919 698 4980 laturum.
738 4915 888 4980 Eosdem
927 4921 999 4982 dies
1030 4940 1092 4983 nos
1124 4924 1227 4984 etiam
1259 4941 1423 5003 spemque
1453 4922 1649 5000 metumque
1679 4917 1866 4988 interdubii

539 5034 599 5095 sed
624 5033 779 5113 pluribus
802 5045 912 5096 metus
934 5038 1122 5119 praesagiis
1150 5035 1296 5119 fatigati,
1327 5036 1566 5120 transegimus
1594 5056 1615 5097 a
1637 5036 1790 5117 probatis
1818 5054 1866 5095 ca·

540 5156 678 5218 tholicis
702 5167 816 5220 nostra
841 5155 979 5237 templa,
1005 5154 1161 5240 liturgias
1185 5167 1219 5216 et
1244 5156 1427 5218 conciones
1454 5151 1748 5236 frequentantibus
1763 5150 1864 5217 invisi,
