<?xml version="1.0" encoding="UTF-8"?>
<!DOCTYPE html PUBLIC "-//W3C//DTD XHTML 1.0 Transitional//EN"
    "http://www.w3.org/TR/xhtml1/DTD/xhtml1-transitional.dtd">
<html xmlns="http://www.w3.org/1999/xhtml" xml:lang="en" lang="en">
 <head>
  <title>
</title>
<meta http-equiv="Content-Type" content="text/html;charset=utf-8" />
  <meta name='ocr-system' content='tesseract 3.04.00' />
  <meta name='ocr-capabilities' content='ocr_page ocr_carea ocr_par ocr_line ocrx_word'/>
</head>
<body>
  <div class='ocr_page' id='page_1' title='image "./rerumaethiopica00beccgoog_0205.png"; bbox 0 0 4058 6178; ppageno 0'>
   <div class='ocr_carea' id='block_1_1' title="bbox 533 555 1527 623">
    <p class='ocr_par' dir='ltr' id='par_1_1' title="bbox 533 555 1527 623">
     <span class='ocr_line' id='line_1_1' title="bbox 533 555 1527 623; baseline 0.002 -17"><span class='ocrx_word' id='word_1_1' title='bbox 533 564 594 623; x_wconf 75' lang='lat'>134</span> <span class='ocrx_word' id='word_1_2' title='bbox 861 555 1134 607; x_wconf 84' lang='lat' dir='ltr'>EXPEDITIONIS</span> <span class='ocrx_word' id='word_1_3' title='bbox 1157 555 1419 606; x_wconf 76' lang='lat' dir='ltr'>AETHIOPICAE</span> <span class='ocrx_word' id='word_1_4' title='bbox 1443 556 1527 608; x_wconf 87' lang='lat' dir='ltr'>ETC.</span> 
     </span>
    </p>
   </div>
   <div class='ocr_carea' id='block_1_2' title="bbox 180 699 1962 4606">
    <p class='ocr_par' dir='ltr' id='par_1_2' title="bbox 218 699 1858 787">
     <span class='ocr_line' id='line_1_2' title="bbox 218 699 1858 787; baseline 0 -23"><span class='ocrx_word' id='word_1_5' title='bbox 218 714 420 765; x_wconf 67' lang='lat' dir='ltr'>amoenissimi</span> <span class='ocrx_word' id='word_1_6' title='bbox 450 715 502 765; x_wconf 82' lang='lat' dir='ltr'>nu·</span> <span class='ocrx_word' id='word_1_7' title='bbox 618 722 648 783; x_wconf 90' lang='lat'>7.</span> <span class='ocrx_word' id='word_1_8' title='bbox 673 704 871 786; x_wconf 78' lang='lat' dir='ltr'>Insequenti</span> <span class='ocrx_word' id='word_1_9' title='bbox 894 716 995 771; x_wconf 87' lang='lat' dir='ltr'>nocte</span> <span class='ocrx_word' id='word_1_10' title='bbox 1020 706 1055 768; x_wconf 94' lang='lat' dir='ltr'>in</span> <span class='ocrx_word' id='word_1_11' title='bbox 1078 705 1181 767; x_wconf 89' lang='lat' dir='ltr'>aliam</span> <span class='ocrx_word' id='word_1_12' title='bbox 1207 704 1386 787; x_wconf 82' lang='lat' dir='ltr'>planitiem</span> <span class='ocrx_word' id='word_1_13' title='bbox 1410 705 1683 774; x_wconf 84' lang='lat' dir='ltr'>contractiorem,</span> <span class='ocrx_word' id='word_1_14' title='bbox 1706 723 1727 766; x_wconf 92' lang='lat' dir='ltr'>a</span> <span class='ocrx_word' id='word_1_15' title='bbox 1749 699 1858 767; x_wconf 89' lang='lat' dir='ltr'>Gallis</span> 
     </span>
    </p>

    <p class='ocr_par' dir='ltr' id='par_1_3' title="bbox 181 785 1857 902">
     <span class='ocr_line' id='line_1_3' title="bbox 181 785 1857 902; baseline -0.002 -18"><span class='ocrx_word' id='word_1_16' title='bbox 181 785 222 836; x_wconf 60' lang='lat'>”¹¹</span> <span class='ocrx_word' id='word_1_17' title='bbox 241 786 385 837; x_wconf 53' lang='lat' dir='ltr'>“cmm</span> <span class='ocrx_word' id='word_1_18' title='bbox 528 823 631 884; x_wconf 90' lang='lat' dir='ltr'>etiam</span> <span class='ocrx_word' id='word_1_19' title='bbox 656 822 792 884; x_wconf 80' lang='lat' dir='ltr'>excurri</span> <span class='ocrx_word' id='word_1_20' title='bbox 815 822 962 893; x_wconf 84' lang='lat' dir='ltr'>solitam,</span> <span class='ocrx_word' id='word_1_21' title='bbox 987 822 1236 893; x_wconf 78' lang='lat' dir='ltr'>descendimus,</span> <span class='ocrx_word' id='word_1_22' title='bbox 1249 830 1283 883; x_wconf 92' lang='lat' dir='ltr'>et</span> <span class='ocrx_word' id='word_1_23' title='bbox 1306 831 1385 902; x_wconf 88' lang='lat' dir='ltr'>post</span> <span class='ocrx_word' id='word_1_24' title='bbox 1408 821 1492 883; x_wconf 88' lang='lat' dir='ltr'>solis</span> <span class='ocrx_word' id='word_1_25' title='bbox 1511 830 1623 883; x_wconf 92' lang='lat' dir='ltr'>ortum</span> <span class='ocrx_word' id='word_1_26' title='bbox 1643 820 1678 881; x_wconf 92' lang='lat' dir='ltr'>in</span> <span class='ocrx_word' id='word_1_27' title='bbox 1694 820 1857 881; x_wconf 87' lang='lat' dir='ltr'>amoenis·</span> 
     </span>
    </p>

    <p class='ocr_par' dir='ltr' id='par_1_4' title="bbox 431 914 1962 2872">
     <span class='ocr_line' id='line_1_4' title="bbox 431 914 1858 1018; baseline -0.003 -18"><span class='ocrx_word' id='word_1_28' title='bbox 431 914 433 919; x_wconf 17' lang='grc' dir='ltr'>ι</span> <span class='ocrx_word' id='word_1_29' title='bbox 528 939 653 1000; x_wconf 91' lang='lat' dir='ltr'>simum</span> <span class='ocrx_word' id='word_1_30' title='bbox 675 936 826 1007; x_wconf 89' lang='lat' dir='ltr'>fluvium,</span> <span class='ocrx_word' id='word_1_31' title='bbox 851 957 917 1000; x_wconf 91' lang='lat' dir='ltr'>non</span> <span class='ocrx_word' id='word_1_32' title='bbox 941 938 1125 1001; x_wconf 83' lang='lat' dir='ltr'>admodum</span> <span class='ocrx_word' id='word_1_33' title='bbox 1148 934 1355 1018; x_wconf 91' lang='lat' dir='ltr'>profundum</span> <span class='ocrx_word' id='word_1_34' title='bbox 1382 958 1428 998; x_wconf 83' lang='lat' dir='ltr'>ex</span> <span class='ocrx_word' id='word_1_35' title='bbox 1450 935 1660 1017; x_wconf 78' lang='lat' dir='ltr'>Aethiopiae</span> <span class='ocrx_word' id='word_1_36' title='bbox 1687 936 1858 997; x_wconf 85' lang='lat' dir='ltr'>montibus</span> 
     </span>
     <span class='ocr_line' id='line_1_5' title="bbox 528 1049 1858 1135; baseline -0.002 -20"><span class='ocrx_word' id='word_1_37' title='bbox 528 1054 792 1116; x_wconf 87' lang='lat' dir='ltr'>descendentem</span> <span class='ocrx_word' id='word_1_38' title='bbox 816 1063 849 1116; x_wconf 93' lang='lat' dir='ltr'>et</span> <span class='ocrx_word' id='word_1_39' title='bbox 872 1054 992 1117; x_wconf 86' lang='lat' dir='ltr'>vitreis</span> <span class='ocrx_word' id='word_1_40' title='bbox 1015 1072 1055 1115; x_wconf 91' lang='lat' dir='ltr'>ac</span> <span class='ocrx_word' id='word_1_41' title='bbox 1078 1049 1298 1135; x_wconf 87' lang='lat' dir='ltr'>praefrigidis</span> <span class='ocrx_word' id='word_1_42' title='bbox 1322 1053 1419 1135; x_wconf 87' lang='lat' dir='ltr'>aquis</span> <span class='ocrx_word' id='word_1_43' title='bbox 1445 1052 1667 1133; x_wconf 86' lang='lat' dir='ltr'>conspicuum</span> <span class='ocrx_word' id='word_1_44' title='bbox 1690 1062 1724 1114; x_wconf 93' lang='lat' dir='ltr'>et</span> <span class='ocrx_word' id='word_1_45' title='bbox 1746 1052 1858 1113; x_wconf 88' lang='lat' dir='ltr'>herbis</span> 
     </span>
     <span class='ocr_line' id='line_1_6' title="bbox 528 1166 1858 1251; baseline -0.003 -20"><span class='ocrx_word' id='word_1_46' title='bbox 528 1166 718 1240; x_wconf 89' lang='lat' dir='ltr'>odoriferis,</span> <span class='ocrx_word' id='word_1_47' title='bbox 743 1180 780 1230; x_wconf 90' lang='lat' dir='ltr'>ut</span> <span class='ocrx_word' id='word_1_48' title='bbox 803 1188 938 1250; x_wconf 66' lang='lat' dir='ltr'>ocyma</span> <span class='ocrx_word' id='word_1_49' title='bbox 951 1170 1091 1251; x_wconf 79' lang='lat' dir='ltr'>pulegio</span> <span class='ocrx_word' id='word_1_50' title='bbox 1114 1167 1259 1250; x_wconf 87' lang='lat' dir='ltr'>aliisque</span> <span class='ocrx_word' id='word_1_51' title='bbox 1283 1169 1382 1231; x_wconf 86' lang='lat' dir='ltr'>nobis</span> <span class='ocrx_word' id='word_1_52' title='bbox 1405 1168 1534 1250; x_wconf 86' lang='lat' dir='ltr'>ignotis</span> <span class='ocrx_word' id='word_1_53' title='bbox 1563 1178 1773 1237; x_wconf 86' lang='lat' dir='ltr'>vernantem,</span> <span class='ocrx_word' id='word_1_54' title='bbox 1800 1166 1858 1228; x_wconf 82' lang='lat' dir='ltr'>de·</span> 
     </span>
     <span class='ocr_line' id='line_1_7' title="bbox 527 1282 1857 1366; baseline -0.002 -20"><span class='ocrx_word' id='word_1_55' title='bbox 527 1286 692 1347; x_wconf 88' lang='lat' dir='ltr'>venimus.</span> <span class='ocrx_word' id='word_1_56' title='bbox 719 1282 825 1347; x_wconf 91' lang='lat' dir='ltr'>Cuius</span> <span class='ocrx_word' id='word_1_57' title='bbox 851 1286 943 1366; x_wconf 87' lang='lat' dir='ltr'>ripas</span> <span class='ocrx_word' id='word_1_58' title='bbox 973 1285 1166 1347; x_wconf 78' lang='lat' dir='ltr'>vestiebant</span> <span class='ocrx_word' id='word_1_59' title='bbox 1196 1285 1332 1365; x_wconf 84' lang='lat' dir='ltr'>palmae</span> <span class='ocrx_word' id='word_1_60' title='bbox 1367 1284 1516 1366; x_wconf 84' lang='lat' dir='ltr'>dactylis</span> <span class='ocrx_word' id='word_1_61' title='bbox 1538 1292 1795 1366; x_wconf 80' lang='lat' dir='ltr'>praegravatae,</span> <span class='ocrx_word' id='word_1_62' title='bbox 1823 1292 1857 1343; x_wconf 94' lang='lat' dir='ltr'>et</span> 
     </span>
     <span class='ocr_line' id='line_1_8' title="bbox 528 1398 1857 1482; baseline -0.002 -21"><span class='ocrx_word' id='word_1_63' title='bbox 528 1401 709 1481; x_wconf 88' lang='lat' dir='ltr'>sycomori,</span> <span class='ocrx_word' id='word_1_64' title='bbox 734 1420 822 1482; x_wconf 90' lang='lat' dir='ltr'>quae</span> <span class='ocrx_word' id='word_1_65' title='bbox 845 1401 1013 1462; x_wconf 92' lang='lat' dir='ltr'>idolorum</span> <span class='ocrx_word' id='word_1_66' title='bbox 1037 1402 1176 1463; x_wconf 87' lang='lat' dir='ltr'>arbores</span> <span class='ocrx_word' id='word_1_67' title='bbox 1198 1401 1233 1462; x_wconf 94' lang='lat' dir='ltr'>in</span> <span class='ocrx_word' id='word_1_68' title='bbox 1250 1400 1349 1463; x_wconf 89' lang='lat' dir='ltr'>India</span> <span class='ocrx_word' id='word_1_69' title='bbox 1371 1410 1545 1471; x_wconf 85' lang='lat' dir='ltr'>vocantur,</span> <span class='ocrx_word' id='word_1_70' title='bbox 1561 1399 1656 1481; x_wconf 92' lang='lat' dir='ltr'>quod</span> <span class='ocrx_word' id='word_1_71' title='bbox 1674 1398 1857 1461; x_wconf 85' lang='lat' dir='ltr'>universim</span> 
     </span>
     <span class='ocr_line' id='line_1_9' title="bbox 527 1508 1962 1598; baseline -0.001 -21"><span class='ocrx_word' id='word_1_72' title='bbox 527 1535 664 1578; x_wconf 91' lang='lat' dir='ltr'>suorum</span> <span class='ocrx_word' id='word_1_73' title='bbox 687 1516 857 1578; x_wconf 92' lang='lat' dir='ltr'>idolorum</span> <span class='ocrx_word' id='word_1_74' title='bbox 881 1517 1052 1581; x_wconf 90' lang='lat' dir='ltr'>vestibula</span> <span class='ocrx_word' id='word_1_75' title='bbox 1074 1516 1201 1598; x_wconf 90' lang='lat' dir='ltr'>patulis</span> <span class='ocrx_word' id='word_1_76' title='bbox 1224 1517 1375 1597; x_wconf 88' lang='lat' dir='ltr'>ipsarum</span> <span class='ocrx_word' id='word_1_77' title='bbox 1398 1508 1522 1578; x_wconf 73' lang='lat' dir='ltr'>*ramis</span> <span class='ocrx_word' id='word_1_78' title='bbox 1542 1525 1737 1597; x_wconf 85' lang='lat' dir='ltr'>opacentur.</span> <span class='ocrx_word' id='word_1_79' title='bbox 1762 1513 1858 1595; x_wconf 90' lang='lat' dir='ltr'>Ipsas</span> <span class='ocrx_word' id='word_1_80' title='bbox 1882 1519 1900 1572; x_wconf 78' lang='lat' dir='ltr'>f.</span> <span class='ocrx_word' id='word_1_81' title='bbox 1914 1518 1962 1583; x_wconf 67' lang='lat' dir='ltr'>iss·</span> 
     </span>
     <span class='ocr_line' id='line_1_10' title="bbox 527 1629 1858 1714; baseline -0.002 -21"><span class='ocrx_word' id='word_1_82' title='bbox 527 1651 609 1694; x_wconf 88' lang='lat' dir='ltr'>vero</span> <span class='ocrx_word' id='word_1_83' title='bbox 624 1632 848 1694; x_wconf 88' lang='lat' dir='ltr'>decurrebant</span> <span class='ocrx_word' id='word_1_84' title='bbox 864 1632 1131 1694; x_wconf 89' lang='lat' dir='ltr'>innumerabiles</span> <span class='ocrx_word' id='word_1_85' title='bbox 1147 1632 1267 1695; x_wconf 89' lang='lat' dir='ltr'>simiae</span> <span class='ocrx_word' id='word_1_86' title='bbox 1283 1629 1419 1694; x_wconf 85' lang='lat' dir='ltr'>festivis</span> <span class='ocrx_word' id='word_1_87' title='bbox 1430 1631 1751 1714; x_wconf 84' lang='lat' dir='ltr'>gesticulationibus</span> <span class='ocrx_word' id='word_1_88' title='bbox 1762 1631 1858 1692; x_wconf 88' lang='lat' dir='ltr'>novis</span> 
     </span>
     <span class='ocr_line' id='line_1_11' title="bbox 527 1746 1857 1829; baseline -0.002 -20"><span class='ocrx_word' id='word_1_89' title='bbox 527 1748 721 1829; x_wconf 89' lang='lat' dir='ltr'>hospitibus</span> <span class='ocrx_word' id='word_1_90' title='bbox 743 1747 947 1810; x_wconf 89' lang='lat' dir='ltr'>alludentes.</span> <span class='ocrx_word' id='word_1_91' title='bbox 972 1747 1039 1811; x_wconf 92' lang='lat' dir='ltr'>Per</span> <span class='ocrx_word' id='word_1_92' title='bbox 1061 1749 1147 1810; x_wconf 90' lang='lat' dir='ltr'>duos</span> <span class='ocrx_word' id='word_1_93' title='bbox 1170 1749 1244 1810; x_wconf 89' lang='lat' dir='ltr'>dies</span> <span class='ocrx_word' id='word_1_94' title='bbox 1271 1746 1421 1810; x_wconf 90' lang='lat' dir='ltr'>fluminis</span> <span class='ocrx_word' id='word_1_95' title='bbox 1451 1766 1546 1809; x_wconf 90' lang='lat' dir='ltr'>oram</span> <span class='ocrx_word' id='word_1_96' title='bbox 1578 1746 1772 1828; x_wconf 87' lang='lat' dir='ltr'>legentibus</span> <span class='ocrx_word' id='word_1_97' title='bbox 1802 1765 1857 1807; x_wconf 89' lang='lat' dir='ltr'>au·</span> 
     </span>
     <span class='ocr_line' id='line_1_12' title="bbox 527 1861 1857 1945; baseline -0.002 -20"><span class='ocrx_word' id='word_1_98' title='bbox 527 1865 690 1944; x_wconf 87' lang='lat' dir='ltr'>spicatior</span> <span class='ocrx_word' id='word_1_99' title='bbox 718 1861 782 1925; x_wconf 88' lang='lat' dir='ltr'>fuit</span> <span class='ocrx_word' id='word_1_100' title='bbox 805 1863 890 1925; x_wconf 90' lang='lat' dir='ltr'>hora</span> <span class='ocrx_word' id='word_1_101' title='bbox 919 1865 1154 1945; x_wconf 88' lang='lat' dir='ltr'>pomeridiana</span> <span class='ocrx_word' id='word_1_102' title='bbox 1184 1864 1428 1945; x_wconf 69' lang='lat' dir='ltr'>secundique</span> <span class='ocrx_word' id='word_1_103' title='bbox 1458 1864 1491 1925; x_wconf 93' lang='lat' dir='ltr'>in</span> <span class='ocrx_word' id='word_1_104' title='bbox 1523 1862 1766 1925; x_wconf 84' lang='lat' dir='ltr'>hominemex</span> <span class='ocrx_word' id='word_1_105' title='bbox 1788 1861 1857 1923; x_wconf 86' lang='lat' dir='ltr'>Ae-</span> 
     </span>
     <span class='ocr_line' id='line_1_13' title="bbox 527 1978 1855 2060; baseline -0.001 -20"><span class='ocrx_word' id='word_1_106' title='bbox 527 1978 659 2060; x_wconf 86' lang='lat' dir='ltr'>thiopia</span> <span class='ocrx_word' id='word_1_107' title='bbox 693 1979 871 2041; x_wconf 89' lang='lat' dir='ltr'>dimissum</span> <span class='ocrx_word' id='word_1_108' title='bbox 907 1979 1119 2050; x_wconf 87' lang='lat' dir='ltr'>incurrimus,</span> <span class='ocrx_word' id='word_1_109' title='bbox 1151 1979 1210 2060; x_wconf 93' lang='lat' dir='ltr'>qui</span> <span class='ocrx_word' id='word_1_110' title='bbox 1241 1979 1430 2050; x_wconf 90' lang='lat' dir='ltr'>nuntiabat,</span> <span class='ocrx_word' id='word_1_111' title='bbox 1466 1979 1522 2040; x_wconf 91' lang='lat' dir='ltr'>die</span> <span class='ocrx_word' id='word_1_112' title='bbox 1555 1990 1694 2060; x_wconf 89' lang='lat' dir='ltr'>postera</span> <span class='ocrx_word' id='word_1_113' title='bbox 1727 1989 1855 2058; x_wconf 89' lang='lat' dir='ltr'>patrem</span> 
     </span>
     <span class='ocr_line' id='line_1_14' title="bbox 528 2091 1855 2178; baseline -0.001 -23"><span class='ocrx_word' id='word_1_114' title='bbox 528 2093 788 2157; x_wconf 88' lang='lat' dir='ltr'>Emmanuelem</span> <span class='ocrx_word' id='word_1_115' title='bbox 804 2093 1007 2156; x_wconf 86' lang='lat' dir='ltr'>Barradium</span> <span class='ocrx_word' id='word_1_116' title='bbox 1023 2091 1217 2157; x_wconf 85' lang='lat' dir='ltr'>affuturum.</span> <span class='ocrx_word' id='word_1_117' title='bbox 1231 2093 1326 2178; x_wconf 86' lang='lat' dir='ltr'>Ergo</span> <span class='ocrx_word' id='word_1_118' title='bbox 1342 2105 1553 2177; x_wconf 89' lang='lat' dir='ltr'>pernoctem</span> <span class='ocrx_word' id='word_1_119' title='bbox 1570 2094 1669 2156; x_wconf 88' lang='lat' dir='ltr'>ducis</span> <span class='ocrx_word' id='word_1_120' title='bbox 1685 2094 1855 2156; x_wconf 88' lang='lat' dir='ltr'>cuiusdam</span> 
     </span>
     <span class='ocr_line' id='line_1_15' title="bbox 528 2209 1855 2292; baseline -0.002 -19"><span class='ocrx_word' id='word_1_121' title='bbox 528 2210 756 2273; x_wconf 88' lang='lat' dir='ltr'>mahometani</span> <span class='ocrx_word' id='word_1_122' title='bbox 792 2209 1041 2292; x_wconf 86' lang='lat' dir='ltr'>praefecturam</span> <span class='ocrx_word' id='word_1_123' title='bbox 1071 2212 1211 2281; x_wconf 90' lang='lat' dir='ltr'>emensi,</span> <span class='ocrx_word' id='word_1_124' title='bbox 1243 2212 1334 2290; x_wconf 91' lang='lat' dir='ltr'>quod</span> <span class='ocrx_word' id='word_1_125' title='bbox 1367 2210 1419 2271; x_wconf 92' lang='lat' dir='ltr'>illi</span> <span class='ocrx_word' id='word_1_126' title='bbox 1448 2212 1610 2290; x_wconf 87' lang='lat' dir='ltr'>antiquae</span> <span class='ocrx_word' id='word_1_127' title='bbox 1640 2221 1752 2272; x_wconf 89' lang='lat' dir='ltr'>essent</span> <span class='ocrx_word' id='word_1_128' title='bbox 1783 2229 1855 2271; x_wconf 90' lang='lat' dir='ltr'>cum</span> 
     </span>
     <span class='ocr_line' id='line_1_16' title="bbox 527 2324 1856 2407; baseline -0.002 -18"><span class='ocrx_word' id='word_1_129' title='bbox 527 2339 644 2389; x_wconf 91' lang='lat' dir='ltr'>nostro</span> <span class='ocrx_word' id='word_1_130' title='bbox 667 2328 852 2390; x_wconf 91' lang='lat' dir='ltr'>deductore</span> <span class='ocrx_word' id='word_1_131' title='bbox 875 2328 987 2390; x_wconf 89' lang='lat' dir='ltr'>eidem</span> <span class='ocrx_word' id='word_1_132' title='bbox 1010 2328 1125 2389; x_wconf 90' lang='lat' dir='ltr'>vicino</span> <span class='ocrx_word' id='word_1_133' title='bbox 1148 2328 1350 2399; x_wconf 89' lang='lat' dir='ltr'>simultates,</span> <span class='ocrx_word' id='word_1_134' title='bbox 1373 2328 1475 2389; x_wconf 88' lang='lat' dir='ltr'>tertia</span> <span class='ocrx_word' id='word_1_135' title='bbox 1490 2327 1558 2389; x_wconf 90' lang='lat' dir='ltr'>diei</span> <span class='ocrx_word' id='word_1_136' title='bbox 1574 2326 1750 2407; x_wconf 90' lang='lat' dir='ltr'>sequentis</span> <span class='ocrx_word' id='word_1_137' title='bbox 1775 2324 1856 2387; x_wconf 88' lang='lat' dir='ltr'>hora</span> 
     </span>
     <span class='ocr_line' id='line_1_17' title="bbox 526 2440 1855 2523; baseline -0.002 -18"><span class='ocrx_word' id='word_1_138' title='bbox 526 2445 710 2507; x_wconf 88' lang='lat' dir='ltr'>tentorium</span> <span class='ocrx_word' id='word_1_139' title='bbox 732 2442 871 2506; x_wconf 81' lang='lat' dir='ltr'>fiximus</span> <span class='ocrx_word' id='word_1_140' title='bbox 893 2445 937 2507; x_wconf 90' lang='lat' dir='ltr'>ad</span> <span class='ocrx_word' id='word_1_141' title='bbox 961 2444 1111 2506; x_wconf 84' lang='lat' dir='ltr'>redicem</span> <span class='ocrx_word' id='word_1_142' title='bbox 1129 2444 1255 2506; x_wconf 91' lang='lat' dir='ltr'>montis</span> <span class='ocrx_word' id='word_1_143' title='bbox 1270 2440 1419 2516; x_wconf 88' lang='lat' dir='ltr'>Senafei,</span> <span class='ocrx_word' id='word_1_144' title='bbox 1436 2445 1525 2505; x_wconf 92' lang='lat' dir='ltr'>unde</span> <span class='ocrx_word' id='word_1_145' title='bbox 1542 2443 1650 2523; x_wconf 89' lang='lat' dir='ltr'>ipsius</span> <span class='ocrx_word' id='word_1_146' title='bbox 1665 2443 1855 2505; x_wconf 86' lang='lat' dir='ltr'>deductoris</span> 
     </span>
     <span class='ocr_line' id='line_1_18' title="bbox 527 2558 1853 2641; baseline -0.001 -20"><span class='ocrx_word' id='word_1_147' title='bbox 527 2561 613 2622; x_wconf 91' lang='lat' dir='ltr'>ditio</span> <span class='ocrx_word' id='word_1_148' title='bbox 643 2559 840 2633; x_wconf 89' lang='lat' dir='ltr'>inchoatur;</span> <span class='ocrx_word' id='word_1_149' title='bbox 872 2560 915 2622; x_wconf 89' lang='lat' dir='ltr'>ad</span> <span class='ocrx_word' id='word_1_150' title='bbox 946 2578 1047 2641; x_wconf 87' lang='lat' dir='ltr'>quem</span> <span class='ocrx_word' id='word_1_151' title='bbox 1083 2579 1190 2641; x_wconf 90' lang='lat' dir='ltr'>usque</span> <span class='ocrx_word' id='word_1_152' title='bbox 1223 2560 1366 2622; x_wconf 91' lang='lat' dir='ltr'>limitem</span> <span class='ocrx_word' id='word_1_153' title='bbox 1395 2558 1545 2622; x_wconf 86' lang='lat' dir='ltr'>camelos</span> <span class='ocrx_word' id='word_1_154' title='bbox 1574 2559 1853 2629; x_wconf 81' lang='lat' dir='ltr'>conduxeramus,</span> 
     </span>
     <span class='ocr_line' id='line_1_19' title="bbox 527 2674 1855 2758; baseline -0.002 -21"><span class='ocrx_word' id='word_1_155' title='bbox 527 2694 603 2737; x_wconf 93' lang='lat' dir='ltr'>cum</span> <span class='ocrx_word' id='word_1_156' title='bbox 629 2686 780 2738; x_wconf 90' lang='lat' dir='ltr'>montem</span> <span class='ocrx_word' id='word_1_157' title='bbox 798 2676 904 2745; x_wconf 88' lang='lat' dir='ltr'>illum,</span> <span class='ocrx_word' id='word_1_158' title='bbox 922 2676 967 2737; x_wconf 92' lang='lat' dir='ltr'>ob</span> <span class='ocrx_word' id='word_1_159' title='bbox 982 2675 1197 2737; x_wconf 89' lang='lat' dir='ltr'>altitudinem</span> <span class='ocrx_word' id='word_1_160' title='bbox 1221 2685 1255 2737; x_wconf 91' lang='lat' dir='ltr'>et</span> <span class='ocrx_word' id='word_1_161' title='bbox 1275 2685 1478 2758; x_wconf 80' lang='lat' dir='ltr'>praeruptos</span> <span class='ocrx_word' id='word_1_162' title='bbox 1492 2674 1617 2739; x_wconf 81' lang='lat' dir='ltr'>hiatus.</span> <span class='ocrx_word' id='word_1_163' title='bbox 1632 2675 1855 2737; x_wconf 88' lang='lat' dir='ltr'>conscendere</span> 
     </span>
     <span class='ocr_line' id='line_1_20' title="bbox 528 2793 761 2872; baseline 0 -19"><span class='ocrx_word' id='word_1_164' title='bbox 528 2811 595 2854; x_wconf 93' lang='lat' dir='ltr'>non</span> <span class='ocrx_word' id='word_1_165' title='bbox 618 2793 761 2872; x_wconf 88' lang='lat' dir='ltr'>possint.</span> 
     </span>
    </p>

    <p class='ocr_par' dir='ltr' id='par_1_5' title="bbox 180 2905 1854 3220">
     <span class='ocr_line' id='line_1_21' title="bbox 217 2905 1854 2998; baseline 0.002 -35"><span class='ocrx_word' id='word_1_166' title='bbox 217 2916 299 2963; x_wconf 79' lang='lat' dir='ltr'>Pater</span> <span class='ocrx_word' id='word_1_167' title='bbox 332 2916 500 2998; x_wconf 68' lang='lat' dir='ltr'>emmanuel</span> <span class='ocrx_word' id='word_1_168' title='bbox 617 2911 646 2969; x_wconf 89' lang='lat'>8.</span> <span class='ocrx_word' id='word_1_169' title='bbox 672 2905 745 2968; x_wconf 81' lang='lat' dir='ltr'>Vix</span> <span class='ocrx_word' id='word_1_170' title='bbox 768 2907 1000 2969; x_wconf 86' lang='lat' dir='ltr'>castrametati</span> <span class='ocrx_word' id='word_1_171' title='bbox 1023 2925 1167 2977; x_wconf 88' lang='lat' dir='ltr'>eramus,</span> <span class='ocrx_word' id='word_1_172' title='bbox 1192 2926 1269 2969; x_wconf 91' lang='lat' dir='ltr'>cum</span> <span class='ocrx_word' id='word_1_173' title='bbox 1293 2908 1338 2968; x_wconf 91' lang='lat' dir='ltr'>ad</span> <span class='ocrx_word' id='word_1_174' title='bbox 1361 2927 1423 2970; x_wconf 92' lang='lat' dir='ltr'>nos</span> <span class='ocrx_word' id='word_1_175' title='bbox 1446 2906 1578 2989; x_wconf 91' lang='lat' dir='ltr'>appulit</span> <span class='ocrx_word' id='word_1_176' title='bbox 1601 2917 1701 2987; x_wconf 87' lang='lat' dir='ltr'>pater</span> <span class='ocrx_word' id='word_1_177' title='bbox 1722 2905 1854 2968; x_wconf 86' lang='lat' dir='ltr'>Emma-</span> 
     </span>
     <span class='ocr_line' id='line_1_22' title="bbox 181 2986 1854 3121; baseline -0.002 -36"><span class='ocrx_word' id='word_1_178' title='bbox 181 2986 500 3121; x_wconf 53' lang='lat' dir='ltr'>fflfflssffissffl</span> <span class='ocrx_word' id='word_1_179' title='bbox 528 3022 608 3085; x_wconf 90' lang='lat' dir='ltr'>nuel</span> <span class='ocrx_word' id='word_1_180' title='bbox 631 3022 825 3093; x_wconf 89' lang='lat' dir='ltr'>Barradius,</span> <span class='ocrx_word' id='word_1_181' title='bbox 853 3041 969 3084; x_wconf 91' lang='lat' dir='ltr'>secum</span> <span class='ocrx_word' id='word_1_182' title='bbox 1001 3020 1158 3085; x_wconf 88' lang='lat' dir='ltr'>deferens</span> <span class='ocrx_word' id='word_1_183' title='bbox 1181 3022 1312 3085; x_wconf 88' lang='lat' dir='ltr'>Ascam</span> <span class='ocrx_word' id='word_1_184' title='bbox 1336 3021 1529 3107; x_wconf 90' lang='lat' dir='ltr'>Gueorguis</span> <span class='ocrx_word' id='word_1_185' title='bbox 1550 3022 1689 3085; x_wconf 89' lang='lat' dir='ltr'>Ambae</span> <span class='ocrx_word' id='word_1_186' title='bbox 1712 3020 1854 3084; x_wconf 89' lang='lat' dir='ltr'>Senetae</span> 
     </span>
     <span class='ocr_line' id='line_1_23' title="bbox 180 3130 1854 3220; baseline -0.002 -20"><span class='ocrx_word' id='word_1_187' title='bbox 180 3130 311 3179; x_wconf 78' lang='lat' dir='ltr'>occurrit.</span> <span class='ocrx_word' id='word_1_188' title='bbox 527 3136 749 3219; x_wconf 89' lang='lat' dir='ltr'>praefectum,</span> <span class='ocrx_word' id='word_1_189' title='bbox 774 3138 995 3219; x_wconf 89' lang='lat' dir='ltr'>Imperatoris</span> <span class='ocrx_word' id='word_1_190' title='bbox 1018 3140 1269 3211; x_wconf 89' lang='lat' dir='ltr'>consobrinum,</span> <span class='ocrx_word' id='word_1_191' title='bbox 1293 3149 1328 3201; x_wconf 90' lang='lat' dir='ltr'>et</span> <span class='ocrx_word' id='word_1_192' title='bbox 1347 3140 1562 3220; x_wconf 88' lang='lat' dir='ltr'>imperatoris</span> <span class='ocrx_word' id='word_1_193' title='bbox 1580 3137 1695 3201; x_wconf 86' lang='lat' dir='ltr'>Malao</span> <span class='ocrx_word' id='word_1_194' title='bbox 1710 3134 1854 3219; x_wconf 86' lang='lat' dir='ltr'>Seguedi</span> 
     </span>
    </p>

    <p class='ocr_par' dir='ltr' id='par_1_6' title="bbox 525 3250 1854 4606">
     <span class='ocr_line' id='line_1_24' title="bbox 527 3250 1854 3336; baseline -0.001 -20"><span class='ocrx_word' id='word_1_195' title='bbox 527 3255 621 3335; x_wconf 92' lang='lat' dir='ltr'>nepti</span> <span class='ocrx_word' id='word_1_196' title='bbox 638 3253 855 3325; x_wconf 90' lang='lat' dir='ltr'>collocatum,</span> <span class='ocrx_word' id='word_1_197' title='bbox 879 3265 913 3315; x_wconf 91' lang='lat' dir='ltr'>et</span> <span class='ocrx_word' id='word_1_198' title='bbox 929 3255 1026 3334; x_wconf 87' lang='lat' dir='ltr'>Apta</span> <span class='ocrx_word' id='word_1_199' title='bbox 1049 3252 1154 3324; x_wconf 88' lang='lat' dir='ltr'>Iesus,</span> <span class='ocrx_word' id='word_1_200' title='bbox 1171 3254 1301 3317; x_wconf 92' lang='lat' dir='ltr'>dictum</span> <span class='ocrx_word' id='word_1_201' title='bbox 1316 3252 1538 3335; x_wconf 86' lang='lat' dir='ltr'>Samagarad,</span> <span class='ocrx_word' id='word_1_202' title='bbox 1552 3253 1724 3336; x_wconf 88' lang='lat' dir='ltr'>quodiam</span> <span class='ocrx_word' id='word_1_203' title='bbox 1735 3250 1854 3317; x_wconf 89' lang='lat' dir='ltr'>Samae</span> 
     </span>
     <span class='ocr_line' id='line_1_25' title="bbox 526 3367 1854 3452; baseline -0.002 -19"><span class='ocrx_word' id='word_1_204' title='bbox 526 3370 659 3439; x_wconf 83' lang='lat' dir='ltr'>ditioni,</span> <span class='ocrx_word' id='word_1_205' title='bbox 683 3389 771 3449; x_wconf 85' lang='lat' dir='ltr'>quae</span> <span class='ocrx_word' id='word_1_206' title='bbox 795 3369 925 3451; x_wconf 87' lang='lat' dir='ltr'>inclyta</span> <span class='ocrx_word' id='word_1_207' title='bbox 948 3380 1010 3440; x_wconf 89' lang='lat' dir='ltr'>est,</span> <span class='ocrx_word' id='word_1_208' title='bbox 1034 3367 1250 3451; x_wconf 84' lang='lat' dir='ltr'>praefuisset,</span> <span class='ocrx_word' id='word_1_209' title='bbox 1273 3390 1377 3433; x_wconf 91' lang='lat' dir='ltr'>unum</span> <span class='ocrx_word' id='word_1_210' title='bbox 1400 3392 1419 3433; x_wconf 92' lang='lat' dir='ltr'>e</span> <span class='ocrx_word' id='word_1_211' title='bbox 1446 3372 1579 3434; x_wconf 89' lang='lat' dir='ltr'>duobus</span> <span class='ocrx_word' id='word_1_212' title='bbox 1610 3369 1854 3452; x_wconf 87' lang='lat' dir='ltr'>antiquioribus</span> 
     </span>
     <span class='ocr_line' id='line_1_26' title="bbox 527 3485 1854 3568; baseline -0.002 -19"><span class='ocrx_word' id='word_1_213' title='bbox 527 3487 736 3566; x_wconf 84' lang='lat' dir='ltr'>Aethiopiae</span> <span class='ocrx_word' id='word_1_214' title='bbox 759 3485 947 3556; x_wconf 89' lang='lat' dir='ltr'>catholicis,</span> <span class='ocrx_word' id='word_1_215' title='bbox 972 3486 1103 3548; x_wconf 90' lang='lat' dir='ltr'>divitiis</span> <span class='ocrx_word' id='word_1_216' title='bbox 1127 3496 1161 3547; x_wconf 92' lang='lat' dir='ltr'>et</span> <span class='ocrx_word' id='word_1_217' title='bbox 1185 3486 1392 3550; x_wconf 87' lang='lat' dir='ltr'>liberalitate</span> <span class='ocrx_word' id='word_1_218' title='bbox 1413 3496 1655 3568; x_wconf 85' lang='lat' dir='ltr'>praestantem,</span> <span class='ocrx_word' id='word_1_219' title='bbox 1675 3489 1734 3567; x_wconf 93' lang='lat' dir='ltr'>qui</span> <span class='ocrx_word' id='word_1_220' title='bbox 1754 3487 1854 3567; x_wconf 91' lang='lat' dir='ltr'>patri-</span> 
     </span>
     <span class='ocr_line' id='line_1_27' title="bbox 525 3599 1853 3683; baseline -0.003 -18"><span class='ocrx_word' id='word_1_221' title='bbox 525 3605 599 3672; x_wconf 92' lang='lat' dir='ltr'>bus,</span> <span class='ocrx_word' id='word_1_222' title='bbox 614 3603 657 3664; x_wconf 87' lang='lat' dir='ltr'>ad</span> <span class='ocrx_word' id='word_1_223' title='bbox 680 3602 922 3665; x_wconf 86' lang='lat' dir='ltr'>sustentandos</span> <span class='ocrx_word' id='word_1_224' title='bbox 944 3601 1109 3682; x_wconf 72' lang='lat' dir='ltr'>hospites</span> <span class='ocrx_word' id='word_1_225' title='bbox 1133 3603 1361 3683; x_wconf 86' lang='lat' dir='ltr'>quadraginta</span> <span class='ocrx_word' id='word_1_226' title='bbox 1385 3599 1547 3663; x_wconf 89' lang='lat' dir='ltr'>frumenti</span> <span class='ocrx_word' id='word_1_227' title='bbox 1570 3601 1722 3663; x_wconf 89' lang='lat' dir='ltr'>sarcinas</span> <span class='ocrx_word' id='word_1_228' title='bbox 1741 3612 1853 3663; x_wconf 92' lang='lat' dir='ltr'>contu·</span> 
     </span>
     <span class='ocr_line' id='line_1_28' title="bbox 527 3713 1852 3797; baseline -0.003 -18"><span class='ocrx_word' id='word_1_229' title='bbox 527 3720 622 3789; x_wconf 89' lang='lat' dir='ltr'>ierat,</span> <span class='ocrx_word' id='word_1_230' title='bbox 658 3716 812 3778; x_wconf 90' lang='lat' dir='ltr'>Xumum</span> <span class='ocrx_word' id='word_1_231' title='bbox 847 3713 944 3787; x_wconf 88' lang='lat' dir='ltr'>Seth,</span> <span class='ocrx_word' id='word_1_232' title='bbox 987 3719 1103 3797; x_wconf 91' lang='lat' dir='ltr'>plures</span> <span class='ocrx_word' id='word_1_233' title='bbox 1137 3716 1319 3779; x_wconf 86' lang='lat' dir='ltr'>Lusitanos</span> <span class='ocrx_word' id='word_1_234' title='bbox 1354 3715 1601 3778; x_wconf 89' lang='lat' dir='ltr'>Fremonenses</span> <span class='ocrx_word' id='word_1_235' title='bbox 1635 3727 1669 3778; x_wconf 89' lang='lat' dir='ltr'>et</span> <span class='ocrx_word' id='word_1_236' title='bbox 1704 3735 1781 3779; x_wconf 93' lang='lat' dir='ltr'>cum</span> <span class='ocrx_word' id='word_1_237' title='bbox 1814 3716 1852 3776; x_wconf 89' lang='lat' dir='ltr'>iis</span> 
     </span>
     <span class='ocr_line' id='line_1_29' title="bbox 526 3829 1852 3914; baseline 0.002 -20"><span class='ocrx_word' id='word_1_238' title='bbox 526 3833 706 3914; x_wconf 90' lang='lat' dir='ltr'>quemdam</span> <span class='ocrx_word' id='word_1_239' title='bbox 731 3851 777 3892; x_wconf 87' lang='lat' dir='ltr'>ex</span> <span class='ocrx_word' id='word_1_240' title='bbox 799 3829 932 3893; x_wconf 88' lang='lat' dir='ltr'>familia</span> <span class='ocrx_word' id='word_1_241' title='bbox 952 3832 1029 3893; x_wconf 88' lang='lat' dir='ltr'>Res</span> <span class='ocrx_word' id='word_1_242' title='bbox 1044 3829 1125 3894; x_wconf 72' lang='lat' dir='ltr'>Sele</span> <span class='ocrx_word' id='word_1_243' title='bbox 1141 3831 1306 3904; x_wconf 77' lang='lat' dir='ltr'>Christos,</span> <span class='ocrx_word' id='word_1_244' title='bbox 1324 3832 1378 3894; x_wconf 93' lang='lat' dir='ltr'>cui</span> <span class='ocrx_word' id='word_1_245' title='bbox 1394 3831 1453 3893; x_wconf 90' lang='lat' dir='ltr'>ille</span> <span class='ocrx_word' id='word_1_246' title='bbox 1469 3834 1505 3893; x_wconf 92' lang='lat' dir='ltr'>in</span> <span class='ocrx_word' id='word_1_247' title='bbox 1521 3833 1692 3895; x_wconf 85' lang='lat' dir='ltr'>mandetis</span> <span class='ocrx_word' id='word_1_248' title='bbox 1707 3833 1852 3897; x_wconf 82' lang='lat' dir='ltr'>dederat,</span> 
     </span>
     <span class='ocr_line' id='line_1_30' title="bbox 527 3947 1854 4031; baseline -0.002 -22"><span class='ocrx_word' id='word_1_249' title='bbox 527 3960 563 4009; x_wconf 92' lang='lat' dir='ltr'>ut</span> <span class='ocrx_word' id='word_1_250' title='bbox 588 3949 665 4010; x_wconf 91' lang='lat' dir='ltr'>imis</span> <span class='ocrx_word' id='word_1_251' title='bbox 688 3947 918 4018; x_wconf 88' lang='lat' dir='ltr'>Patriarchae‚</span> <span class='ocrx_word' id='word_1_252' title='bbox 942 3948 1088 4028; x_wconf 90' lang='lat' dir='ltr'>primum</span> <span class='ocrx_word' id='word_1_253' title='bbox 1115 3948 1191 4020; x_wconf 91' lang='lat' dir='ltr'>visi,</span> <span class='ocrx_word' id='word_1_254' title='bbox 1214 3948 1343 4029; x_wconf 89' lang='lat' dir='ltr'>plantis</span> <span class='ocrx_word' id='word_1_255' title='bbox 1365 3947 1483 4010; x_wconf 90' lang='lat' dir='ltr'>oscula</span> <span class='ocrx_word' id='word_1_256' title='bbox 1498 3949 1631 4011; x_wconf 90' lang='lat' dir='ltr'>libaret.</span> <span class='ocrx_word' id='word_1_257' title='bbox 1650 3947 1699 4010; x_wconf 93' lang='lat' dir='ltr'>Hi</span> <span class='ocrx_word' id='word_1_258' title='bbox 1715 3947 1854 4031; x_wconf 89' lang='lat' dir='ltr'>singulis</span> 
     </span>
     <span class='ocr_line' id='line_1_31' title="bbox 526 4062 1852 4145; baseline -0.002 -21"><span class='ocrx_word' id='word_1_259' title='bbox 526 4063 619 4124; x_wconf 90' lang='lat' dir='ltr'>illius</span> <span class='ocrx_word' id='word_1_260' title='bbox 641 4062 745 4125; x_wconf 89' lang='lat' dir='ltr'>sociis</span> <span class='ocrx_word' id='word_1_261' title='bbox 769 4063 879 4124; x_wconf 90' lang='lat' dir='ltr'>mulas</span> <span class='ocrx_word' id='word_1_262' title='bbox 895 4063 1059 4143; x_wconf 90' lang='lat' dir='ltr'>singulas,</span> <span class='ocrx_word' id='word_1_263' title='bbox 1076 4063 1143 4143; x_wconf 90' lang='lat' dir='ltr'>ipsi</span> <span class='ocrx_word' id='word_1_264' title='bbox 1160 4082 1240 4124; x_wconf 90' lang='lat' dir='ltr'>vero</span> <span class='ocrx_word' id='word_1_265' title='bbox 1253 4074 1418 4131; x_wconf 83' lang='lat' dir='ltr'>exortem,</span> <span class='ocrx_word' id='word_1_266' title='bbox 1439 4064 1646 4134; x_wconf 85' lang='lat' dir='ltr'>obtulerunt,</span> <span class='ocrx_word' id='word_1_267' title='bbox 1663 4083 1731 4145; x_wconf 89' lang='lat' dir='ltr'>qua</span> <span class='ocrx_word' id='word_1_268' title='bbox 1747 4063 1852 4125; x_wconf 90' lang='lat' dir='ltr'>ubivis</span> 
     </span>
     <span class='ocr_line' id='line_1_32' title="bbox 526 4175 1849 4260; baseline -0.001 -21"><span class='ocrx_word' id='word_1_269' title='bbox 526 4178 680 4258; x_wconf 84' lang='lat' dir='ltr'>gentium</span> <span class='ocrx_word' id='word_1_270' title='bbox 705 4175 883 4260; x_wconf 88' lang='lat' dir='ltr'>magnifice</span> <span class='ocrx_word' id='word_1_271' title='bbox 907 4177 1116 4258; x_wconf 89' lang='lat' dir='ltr'>procederet.</span> <span class='ocrx_word' id='word_1_272' title='bbox 1141 4177 1180 4239; x_wconf 87' lang='lat' dir='ltr'>in</span> <span class='ocrx_word' id='word_1_273' title='bbox 1197 4178 1263 4239; x_wconf 91' lang='lat' dir='ltr'>hoc</span> <span class='ocrx_word' id='word_1_274' title='bbox 1278 4188 1444 4259; x_wconf 86' lang='lat' dir='ltr'>apparatu</span> <span class='ocrx_word' id='word_1_275' title='bbox 1460 4179 1674 4242; x_wconf 90' lang='lat' dir='ltr'>desideratus</span> <span class='ocrx_word' id='word_1_276' title='bbox 1689 4176 1764 4250; x_wconf 90' lang='lat' dir='ltr'>fuit,</span> <span class='ocrx_word' id='word_1_277' title='bbox 1780 4198 1849 4239; x_wconf 87' lang='lat' dir='ltr'>curn</span> 
     </span>
     <span class='ocr_line' id='line_1_33' title="bbox 527 4290 1849 4376; baseline 0 -22"><span class='ocrx_word' id='word_1_278' title='bbox 527 4312 652 4376; x_wconf 89' lang='lat' dir='ltr'>magno</span> <span class='ocrx_word' id='word_1_279' title='bbox 675 4292 727 4355; x_wconf 91' lang='lat' dir='ltr'>sui</span> <span class='ocrx_word' id='word_1_280' title='bbox 750 4294 868 4355; x_wconf 91' lang='lat' dir='ltr'>dolore</span> <span class='ocrx_word' id='word_1_281' title='bbox 890 4312 1016 4374; x_wconf 84' lang='lat' dir='ltr'>prorex</span> <span class='ocrx_word' id='word_1_282' title='bbox 1041 4291 1144 4355; x_wconf 75' lang='lat' dir='ltr'>Kabd</span> <span class='ocrx_word' id='word_1_283' title='bbox 1168 4290 1333 4363; x_wconf 82' lang='lat' dir='ltr'>Christds,</span> <span class='ocrx_word' id='word_1_284' title='bbox 1358 4294 1402 4355; x_wconf 93' lang='lat' dir='ltr'>ab</span> <span class='ocrx_word' id='word_1_285' title='bbox 1425 4293 1636 4374; x_wconf 90' lang='lat' dir='ltr'>Imperatore</span> <span class='ocrx_word' id='word_1_286' title='bbox 1663 4295 1698 4355; x_wconf 93' lang='lat' dir='ltr'>in</span> <span class='ocrx_word' id='word_1_287' title='bbox 1730 4294 1849 4356; x_wconf 87' lang='lat' dir='ltr'>curiam</span> 
     </span>
     <span class='ocr_line' id='line_1_34' title="bbox 526 4406 1850 4490; baseline -0.002 -20"><span class='ocrx_word' id='word_1_288' title='bbox 526 4407 719 4480; x_wconf 84' lang='lat' dir='ltr'>accersitus,</span> <span class='ocrx_word' id='word_1_289' title='bbox 744 4409 803 4469; x_wconf 88' lang='lat' dir='ltr'>sed</span> <span class='ocrx_word' id='word_1_290' title='bbox 828 4408 923 4469; x_wconf 90' lang='lat' dir='ltr'>nulla</span> <span class='ocrx_word' id='word_1_291' title='bbox 946 4426 982 4469; x_wconf 89' lang='lat' dir='ltr'>re</span> <span class='ocrx_word' id='word_1_292' title='bbox 1005 4406 1115 4471; x_wconf 89' lang='lat' dir='ltr'>defuit</span> <span class='ocrx_word' id='word_1_293' title='bbox 1139 4409 1248 4490; x_wconf 90' lang='lat' dir='ltr'>ipsius</span> <span class='ocrx_word' id='word_1_294' title='bbox 1270 4427 1358 4471; x_wconf 85' lang='lat' dir='ltr'>uxor</span> <span class='ocrx_word' id='word_1_295' title='bbox 1388 4419 1422 4471; x_wconf 90' lang='lat' dir='ltr'>et</span> <span class='ocrx_word' id='word_1_296' title='bbox 1454 4409 1645 4479; x_wconf 90' lang='lat' dir='ltr'>domestici,</span> <span class='ocrx_word' id='word_1_297' title='bbox 1676 4411 1798 4490; x_wconf 91' lang='lat' dir='ltr'>quibus</span> <span class='ocrx_word' id='word_1_298' title='bbox 1819 4408 1850 4468; x_wconf 92' lang='lat' dir='ltr'>id</span> 
     </span>
     <span class='ocr_line' id='line_1_35' title="bbox 526 4522 1849 4606; baseline -0.003 -20"><span class='ocrx_word' id='word_1_299' title='bbox 526 4525 656 4606; x_wconf 87' lang='lat' dir='ltr'>negotii</span> <span class='ocrx_word' id='word_1_300' title='bbox 679 4524 837 4606; x_wconf 86' lang='lat' dir='ltr'>gnaviter</span> <span class='ocrx_word' id='word_1_301' title='bbox 860 4525 904 4585; x_wconf 89' lang='lat' dir='ltr'>ab</span> <span class='ocrx_word' id='word_1_302' title='bbox 928 4524 988 4585; x_wconf 93' lang='lat' dir='ltr'>illo</span> <span class='ocrx_word' id='word_1_303' title='bbox 1015 4524 1299 4585; x_wconf 89' lang='lat' dir='ltr'>commendatum.</span> <span class='ocrx_word' id='word_1_304' title='bbox 1333 4522 1412 4585; x_wconf 91' lang='lat' dir='ltr'>Hoc</span> <span class='ocrx_word' id='word_1_305' title='bbox 1442 4525 1551 4587; x_wconf 90' lang='lat' dir='ltr'>veluti</span> <span class='ocrx_word' id='word_1_306' title='bbox 1582 4525 1714 4588; x_wconf 90' lang='lat' dir='ltr'>tumulo</span> <span class='ocrx_word' id='word_1_307' title='bbox 1745 4526 1849 4587; x_wconf 87' lang='lat' dir='ltr'>dicere</span> 
     </span>
    </p>
   </div>
   <div class='ocr_carea' id='block_1_3' title="bbox 525 4628 1851 4952">
    <p class='ocr_par' dir='ltr' id='par_1_7' title="bbox 525 4628 1851 4952">
     <span class='ocr_line' id='line_1_36' title="bbox 526 4628 1849 4722; baseline -0.003 -21"><span class='ocrx_word' id='word_1_308' title='bbox 526 4659 702 4722; x_wconf 91' lang='lat' dir='ltr'>possemus</span> <span class='ocrx_word' id='word_1_309' title='bbox 726 4639 882 4701; x_wconf 85' lang='lat' dir='ltr'>conditas</span> <span class='ocrx_word' id='word_1_310' title='bbox 906 4637 1012 4701; x_wconf 89' lang='lat' dir='ltr'>fuisse</span> <span class='ocrx_word' id='word_1_311' title='bbox 1036 4659 1159 4701; x_wconf 90' lang='lat' dir='ltr'>vaccas</span> <span class='ocrx_word' id='word_1_312' title='bbox 1183 4640 1394 4711; x_wconf 86' lang='lat' dir='ltr'>macilentas,</span> <span class='ocrx_word' id='word_1_313' title='bbox 1419 4650 1453 4702; x_wconf 93' lang='lat' dir='ltr'>et</span> <span class='ocrx_word' id='word_1_314' title='bbox 1480 4628 1626 4721; x_wconf 78' lang='lat' dir='ltr'>pingues</span> <span class='ocrx_word' id='word_1_315' title='bbox 1656 4640 1735 4701; x_wconf 92' lang='lat' dir='ltr'>inde</span> <span class='ocrx_word' id='word_1_316' title='bbox 1764 4639 1849 4700; x_wconf 80' lang='lat' dir='ltr'>exci-</span> 
     </span>
     <span class='ocr_line' id='line_1_37' title="bbox 525 4753 1851 4836; baseline -0.004 -19"><span class='ocrx_word' id='word_1_317' title='bbox 525 4767 625 4825; x_wconf 75' lang='lat' dir='ltr'>tatae,</span> <span class='ocrx_word' id='word_1_318' title='bbox 660 4766 695 4817; x_wconf 87' lang='lat' dir='ltr'>et</span> <span class='ocrx_word' id='word_1_319' title='bbox 725 4754 922 4817; x_wconf 91' lang='lat' dir='ltr'>davidicum</span> <span class='ocrx_word' id='word_1_320' title='bbox 954 4754 1039 4817; x_wconf 89' lang='lat' dir='ltr'>illud</span> <span class='ocrx_word' id='word_1_321' title='bbox 1072 4774 1251 4835; x_wconf 90' lang='lat' dir='ltr'>possemus</span> <span class='ocrx_word' id='word_1_322' title='bbox 1282 4755 1453 4818; x_wconf 87' lang='lat' dir='ltr'>intonare:</span> <span class='ocrx_word' id='word_1_323' title='bbox 1484 4753 1624 4818; x_wconf 75' lang='lat' dir='ltr'>[aetati</span> <span class='ocrx_word' id='word_1_324' title='bbox 1650 4775 1768 4817; x_wconf 81' lang='lat' dir='ltr'>sumus</span> <span class='ocrx_word' id='word_1_325' title='bbox 1792 4759 1851 4836; x_wconf 76' lang='lat' dir='ltr'>pro</span> 
     </span>
     <span class='ocr_line' id='line_1_38' title="bbox 525 4868 1161 4952; baseline 0 -21"><span class='ocrx_word' id='word_1_326' title='bbox 525 4868 645 4940; x_wconf 65' lang='lat' dir='ltr'>cimbro,</span> <span class='ocrx_word' id='word_1_327' title='bbox 670 4869 787 4952; x_wconf 58' lang='lat' dir='ltr'>querius</span> <span class='ocrx_word' id='word_1_328' title='bbox 810 4889 870 4931; x_wconf 87' lang='lat' dir='ltr'>nos</span> <span class='ocrx_word' id='word_1_329' title='bbox 893 4868 1087 4932; x_wconf 71' lang='lat' dir='ltr'>hzcmt&#39;liurtr&#39;</span> <span class='ocrx_word' id='word_1_330' title='bbox 1107 4870 1161 4952; x_wconf 73' lang='grc' dir='ltr'>(ι).</span> 
     </span>
    </p>
   </div>
   <div class='ocr_carea' id='block_1_4' title="bbox 614 5001 938 5063">
    <p class='ocr_par' dir='ltr' id='par_1_8' title="bbox 614 5001 938 5063">
     <span class='ocr_line' id='line_1_39' title="bbox 614 5001 938 5063; baseline 0 -14"><span class='ocrx_word' id='word_1_331' title='bbox 614 5008 651 5063; x_wconf 74' lang='grc' dir='ltr'>(ι)</span> <span class='ocrx_word' id='word_1_332' title='bbox 671 5004 768 5053; x_wconf 82' lang='lat' dir='ltr'>Psalm.</span> <span class='ocrx_word' id='word_1_333' title='bbox 789 5001 831 5061; x_wconf 80' lang='lat'>89,</span> <span class='ocrx_word' id='word_1_334' title='bbox 851 5017 876 5054; x_wconf 89' lang='lat' dir='ltr'>n.</span> <span class='ocrx_word' id='word_1_335' title='bbox 898 5012 938 5063; x_wconf 85' lang='lat'>15,</span> 
     </span>
    </p>
   </div>
   <div class='ocr_carea' id='block_1_5' title="bbox 0 0 2034 6178">
    <p class='ocr_par' dir='ltr' id='par_1_9' title="bbox 0 0 2034 6178">
     <span class='ocr_line' id='line_1_40' title="bbox 0 0 2034 6178; baseline 0 1"><span class='ocrx_word' id='word_1_336' title='bbox 0 0 2034 6178; x_wconf 95' lang='lat' dir='ltr'> </span> 
     </span>
    </p>
   </div>
  </div>
 </body>
</html>
