4066 6184
597 610 715 666 tremi
737 611 777 676 n,
802 610 927 666 cneus
954 610 1055 669 xxn.
1429 616 1492 685 300

156 771 302 843 possent
325 763 557 845 compilarant.
582 764 678 848 Ignis
701 767 737 828 in
760 766 856 829 arida
877 763 1019 829 faenilia
1042 767 1222 830 immissus.
1246 764 1313 830 Tot
1332 777 1494 848 ceperunt

158 888 195 941 ut
218 898 363 943 numero
386 881 445 942 vix
462 883 654 963 capiantur3
679 893 815 946 centum
840 883 949 945 millia
968 884 1101 966 direpta
1124 883 1288 947 Dancazii
1304 885 1492 968 vulgatum.

157 993 218 1057 Au
241 1005 361 1059 tantae
383 999 522 1078 r'apinae
554 998 709 1061 nuntium
740 997 907 1062 Damotes
933 1019 1010 1061 cum
1034 1020 1095 1062 suo
1125 1019 1271 1083 prorege
1295 1001 1329 1064 in
1353 1003 1491 1071 curIam,
1557 994 1560 1003 ⁴

157 1111 202 1173 'ad
217 1112 470 1193 quaerimonias
485 1113 687 1195 Imperatori
703 1113 905 1187 offerendas,
922 1117 1156 1197 provolarunt,
1171 1126 1206 1180 et
1221 1116 1326 1180 Sarsd
1336 1116 1493 1180 Christds

33 1232 130 1296 t.146,
158 1227 193 1288 in
220 1228 370 1292 mediam
393 1226 572 1312 Gojamam
596 1242 649 1295 est
672 1251 837 1296 reversus.
864 1232 968 1295 Pater
991 1229 1199 1305 *Carvalius
1225 1254 1302 1296 cum
1330 1234 1397 1296 iam
1425 1228 1493 1296 tres

159 1363 294 1408 menses
317 1346 352 1408 in
376 1348 496 1409 castris
518 1348 698 1429 posuisset,
732 1358 766 1411 et
801 1351 983 1432 praecipue
1013 1349 1105 1430 quod
1134 1349 1233 1412 multi
1256 1351 1409 1413 dicerent
1432 1350 1493 1413 illa

156 1479 234 1525 esse
257 1462 458 1526 rebellionis
481 1464 683 1535 rudimenta,
710 1467 907 1529 missionem
930 1464 1136 1549 efflagitavit
1159 1475 1194 1528 et
1219 1467 1358 1529 tandem
1387 1467 1492 1550 impe-

156 1587 264 1651 trans,
280 1576 448 1642 Collelam
471 1600 509 1643 se
531 1581 671 1663 recepit.

250 1712 278 1773 5.
302 1695 449 1759 Tantum
473 1694 605 1760 facinus
628 1699 769 1782 indigne
785 1697 899 1762 ferens
914 1699 1115 1781 Imperator,
1131 1700 1344 1782 gravissimis
1360 1701 1492 1763 duobus
1554 1707 1597 1758 Ab
1618 1707 1789 1772 Imperatore
1813 1713 1841 1755 et

157 1808 386 1884 internuntiis,
409 1831 553 1894 quorum
578 1815 665 1877 alter
688 1824 761 1877 erat
783 1814 881 1877 Educ
904 1814 981 1878 Ras
1004 1815 1095 1878 Zaba
1116 1815 1248 1888 Esrael,
1273 1816 1309 1878 id
1328 1826 1380 1880 est
1395 1836 1492 1880 sena·
1519 1778 1574 1829 Μ’
1589 1780 1717 1829 mm
1735 1777 1838 1827 denen.

157 1934 269 1989 torum
293 1937 397 2010 caput
419 1939 453 1992 et
476 1949 630 2012 praeses;
654 1931 740 1994 alter
766 1931 974 1994 domesticae
991 1930 1143 1995 familiae
1159 1952 1373 2007 aeconomus
1389 1930 1493 1997 Sarsi

157 2038 313 2107 Christos
336 2047 468 2109 moneri
491 2047 598 2120 iussit,
623 2057 659 2110 ut
681 2055 836 2110 armenta
870 2047 1018 2110 dominis
1044 2048 1239 2112 redhiberet
1268 2059 1327 2113 aut
1357 2051 1494 2113 vinctus

158 2160 348 2223 incuriam
370 2161 572 2226 traheretur.
595 2162 666 2225 Eos
690 2164 851 2226 mollibus
875 2165 948 2246 ipse
971 2165 1087 2226 verbis
1114 2160 1261 2248 excepit,
1293 2165 1353 2227 sed
1384 2166 1493 2228 altera

158 2274 214 2337 die
228 2276 442 2340 antelucanis
457 2277 551 2341 horis
566 2298 642 2340 cum
659 2280 784 2363 viginti
800 2279 970 2362 equitibus
983 2282 1026 2343 ad
1038 2280 1232 2362 Principem
1244 2300 1352 2363 prope
1364 2280 1493 2353 Nilum,

158 2393 201 2455 ad
224 2391 349 2477 Agaos
371 2414 439 2457 non
461 2396 581 2476 procul
605 2407 882 2468 commorantem,
907 2395 972 2460 iter
994 2394 1085 2460 fecit.
1111 2396 1202 2478 Quid
1226 2417 1302 2459 cum
1326 2417 1367 2460 eo
1384 2399 1494 2481 egerit

158 2509 324 2593 ignotum.
349 2507 507 2593 Suspicio
530 2519 582 2575 est
605 2513 714 2586 illum,
738 2523 898 2576 revocato
914 2511 948 2575 in
966 2520 1114 2575 mentem
1130 2513 1328 2575 rebellionis
1345 2509 1492 2584 foedere,

158 2625 411 2690 commonuisse
446 2627 513 2690 iam
548 2636 682 2710 tempus
716 2648 790 2693 esse
822 2630 916 2692 illius
946 2628 1170 2711 evulg'andae,
1201 2627 1262 2690 sed
1290 2628 1492 2710 Principem,

158 2742 252 2822 quod
275 2742 387 2805 adhuc
410 2744 627 2807 immaturum
643 2754 806 2818 cerneret,
822 2746 984 2808 resiliisse
999 2744 1056 2808 vel
1072 2746 1195 2807 saltem
1213 2746 1492 2826 procrastinasse,

157 2866 288 2921 certum
312 2877 395 2922 vero
417 2861 629 2924 consuluisse
652 2870 691 2924 ut
724 2862 840 2935 boves,
870 2862 929 2944 qui
959 2870 1072 2924 essent
1103 2862 1312 2942 superstites,
1345 2860 1493 2923 dominis

155 2973 329 3047 redderet,
342 2975 385 3038 de
397 2978 607 3059 consumptis
623 2978 759 3056 veniam
775 2998 811 3041 se
827 2980 871 3040 ab
886 2976 1095 3059 Imperatore
1107 2979 1376 3058 impetraturum.
1387 2974 1493 3058 Quid·

158 3090 240 3171 quid
264 3089 377 3164 fuerit,
408 3093 545 3177 ingrato
576 3094 636 3156 ille
666 3092 781 3156 animo
809 3094 844 3156 in
874 3114 935 3157 sua
966 3103 1079 3157 castra
1109 3093 1275 3164 discessit,
1307 3103 1341 3156 et
1372 3093 1402 3155 si
1426 3112 1493 3155 non

156 3207 285 3280 verbis,
309 3226 347 3271 re
370 3208 494 3273 iactam
518 3228 592 3273 esse
615 3210 726 3273 aleam
746 3226 826 3273 ‘cnm
860 3208 1006 3274 Caesare
1033 3219 1196 3283 statuens,
1227 3211 1313 3272 duos
1343 3209 1493 3292 Impera·

153 3325 243 3386 tons
265 3326 414 3398 nuntios,
429 3336 464 3389 et
483 3326 600 3408 plures
615 3326 691 3390 Ras
706 3324 790 3391 Sela
803 3325 958 3390 Christds
974 3327 1255 3409 consanguineos,
1271 3328 1492 3397 necessarios

154 3449 193 3503 et
215 3440 370 3515 clientes,
392 3443 518 3525 quibus
540 3459 661 3525 parum
684 3443 823 3517 fidebat,
847 3444 882 3506 in
906 3445 1030 3527 quibus
1054 3443 1302 3505 Bellarminum
1326 3443 1433 3525 ipsius
1455 3439 1492 3502 fi-

152 3555 253 3630 ·lium,
277 3556 505 3642 Asgaderem,
529 3570 563 3623 et
587 3562 709 3623 ducem
732 3560 845 3623 Tucur
866 3559 1000 3623 Emand
1023 3579 1120 3623 suum
1144 3559 1323 3631 sororium,
1354 3559 1389 3621 in
1419 3559 1493 3621 vin·

158 3672 236 3735 cula
259 3675 415 3747 coniecit,
439 3683 474 3739 et
497 3679 677 3758 praeconis
699 3696 784 3739 voce
808 3677 997 3759 praedIcari
1032 3677 1141 3748 iussit,
1169 3674 1356 3738 Basilidem
1386 3674 1493 3755 patris

158 3788 238 3851 loco
261 3790 296 3852 in
319 3789 510 3873 Aethiopia
532 3811 675 3875 regnare
699 3802 734 3855 et
757 3792 915 3856 omnibus
936 3811 997 3874 per
1020 3811 1097 3853 eum
1118 3791 1231 3863 licere,
1248 3788 1316 3852 fide
1332 3788 1493 3852 Romana

158 3903 326 3986 deposita,
350 3906 394 3968 ad
417 3906 693 3971 Alexandrinam
718 3909 884 3971 nutricem
906 3928 1002 3971 suam
1026 3907 1151 3983 redire;
1183 3925 1320 3970 carnem
1351 3908 1492 3968 circum·

157 4021 289 4083 cisione
312 4023 486 4104 expedire,
511 4025 664 4088 sabbatis
686 4024 797 4098 otiari,
821 4033 857 4087 et
878 4025 1045 4087 uxoribus
1067 4023 1237 4106 usquead
1263 4023 1493 4104 septenarium

157 4155 338 4200 numerum
362 4138 484 4201 domus
507 4141 659 4223 opplere.
685 4138 786 4222 Quod
810 4149 848 4203 ut
869 4140 1034 4203 credibile
1062 4140 1230 4210 redderet,
1261 4137 1398 4220 publice
1427 4138 1493 4200 hoc

159 4253 316 4316 nuntium
340 4255 433 4319 misit
456 4256 500 4318 ad
523 4256 736 4340 Principem:
760 4255 820 4318 Ad
844 4264 940 4318 tuum
963 4255 1212 4338 praescriptum
1228 4233 1343 4316 onmia
1357 4253 1492 4336 peregi3

158 4369 286 4443 venito,
310 4379 345 4432 et
367 4370 416 4433 tui
439 4374 537 4455 regni
560 4375 814 4455 possessionem
837 4381 1014 4453 occupato,
1032 4369 1158 4434 Variae
1174 4371 1207 4433 in
1224 4379 1402 4451 utramque
1417 4388 1493 4451 par·

103 4528 121 4539 a
157 4494 228 4549 tem
255 4483 352 4549 fuere
369 4486 429 4548 *de
459 4487 524 4549 hoc
560 4489 680 4552 nuntio
715 4490 990 4570 disceptationes,
1026 4488 1087 4549 sed
1116 4484 1280 4567 Princeps
1317 4486 1494 4567 extemplo
1554 4503 1561 4509 ·
1591 4504 1595 4509 ·
1621 4502 1625 4509 ’
1651 4486 1654 4491 “
1683 4503 1688 4510 ·
1751 4574 1756 4583 1

152 4601 253 4665 illius
275 4596 477 4684 portitorem
499 4604 649 4669 vinculis
671 4604 892 4668 constrictum
929 4606 963 4666 in
995 4605 1122 4666 curiam
1155 4604 1284 4665 remisit
1314 4612 1348 4665 et
1378 4612 1493 4664 coram

158 4737 193 4799 p.
216 4716 402 4782 Francisco
426 4717 594 4801 Marqui0,
611 4740 712 4802 quem
729 4721 825 4784 iussit
843 4720 1011 4793 accersIri,
1028 4728 1061 4782 et
1077 4718 1227 4801 pendulo
1247 4717 1373 4782 Christi
1391 4719 1493 4780 simu·

158 4833 365 4917 lachro[s‘ic]
389 4837 522 4909 iuravit,
546 4857 584 4901 se
608 4835 790 4915 Romanae
813 4835 894 4899 fidei
917 4856 1046 4917 suoque
1068 4837 1212 4918 parenti,
1230 4846 1403 4915 tamquam
1421 4837 1495 4917 regi

157 4970 199 5015 ac
222 4952 373 5023 domino,
398 4952 441 5015 ad
465 4963 610 5016 mortem
634 4972 742 5034 usque
766 4954 963 5034 pariturum.
981 4950 1121 5022 Verum,
1139 4972 1214 5014 cum
1231 4952 1324 5033 prior
1339 4950 1399 5012 illa
1415 4970 1495 5034 pars

156 5068 379 5132 iurisiurandi
402 5069 446 5131 de
468 5067 651 5132 Romanae
674 5068 753 5132 fidei
778 5070 1016 5132 observatione
1040 5065 1129 5130 falsa
1143 5067 1254 5140 fuerit,
1272 5068 1364 5130 credi
1381 5078 1495 5149 potest

18 5185 126 5251 iubs.
155 5179 294 5246 *verius
328 5180 446 5255 fnisse,
475 5185 574 5264 duod
610 5193 691 5247 tunc
725 5205 746 5246 a
781 5185 978 5265 suspiciosis
1012 5185 1055 5245 de
1089 5184 1150 5245 illo
1185 5185 1356 5256 iactatum,
1391 5200 1495 5266 quam
