4124 6182
231 1656 436 1714 Giratacachin,
455 1654 515 1705 sive

192 1729 315 1780 struthio
333 1727 467 1778 camelus.

542 563 581 637 38
874 570 1147 621 EXPEDITIONIS
1171 570 1433 620 AETHIOPICAE
1457 572 1537 622 ETC.

539 719 666 782 collum
689 722 862 794 decorant,
886 722 1132 783 contractiores
1155 731 1233 782 sunt
1256 721 1299 782 iis
1325 739 1412 802 quae
1427 740 1487 802 per
1503 721 1563 781 ilia
1576 716 1773 792 funduntur,
1789 740 1877 802 quae

541 855 661 899 manus
692 848 725 899 et
757 838 871 918 pedes,
900 837 982 900 colli
1010 839 1143 908 taeniis,
1167 857 1254 918 quae
1285 839 1417 899 vultum
1447 846 1482 900 et
1510 836 1664 906 caudam,
1687 837 1812 918 pedum
1837 856 1878 899 ac

540 972 700 1015 manuum
724 955 830 1016 vittis.
848 953 948 1035 Ipsae
964 954 1051 1016 adeo
1067 973 1176 1023 aures,
1201 963 1235 1016 et
1252 955 1348 1016 labra
1367 954 1639 1034 competentibus
1655 953 1756 1015 lineis
1771 963 1805 1015 et
1821 973 1878 1016 co·

540 1070 669 1131 loribus
692 1071 875 1139 variantur,
900 1080 937 1132 ut
966 1071 1122 1132 videatur
1153 1082 1274 1133 natura
1304 1080 1411 1133 totam
1442 1072 1617 1132 solertiam
1649 1071 1757 1139 asino,
1780 1072 1876 1152 quasi

541 1196 629 1248 esset
652 1204 783 1255 aureus,
807 1187 974 1249 comendo
998 1187 1216 1268 impendisse,
1240 1206 1282 1248 ne
1305 1205 1414 1267 pavus
1430 1194 1487 1247 aut
1504 1186 1538 1255 ii,
1554 1187 1614 1265 qui
1637 1194 1753 1247 vestes
1773 1186 1876 1267 phry-

542 1303 617 1382 gias
639 1302 694 1363 vel
730 1302 887 1364 attalicas
918 1302 984 1363 sibi
1016 1303 1189 1372 inducunt,
1214 1303 1247 1363 in
1272 1302 1503 1383 arrogantiam
1530 1318 1648 1363 earum
1679 1301 1771 1362 cultu
1796 1297 1876 1362 effe·

541 1426 667 1478 rantur.
691 1415 748 1478 Ex
771 1417 929 1498 pellibus,
953 1436 1039 1498 quas
1070 1418 1104 1479 in
1136 1416 1313 1479 Lusitania
1344 1418 1598 1498 conspeximus,
1620 1415 1686 1478 hoc
1710 1417 1802 1478 idem
1825 1425 1877 1479 est

542 1535 669 1595 animal
693 1534 784 1614 quod
808 1533 985 1616 Angolani
1009 1552 1145 1595 zeutam
1168 1534 1294 1596 dicunt.

635 1670 684 1712 11.
709 1648 817 1711 Aliud
841 1649 978 1721 animal,
1003 1651 1056 1711 cui
1081 1669 1205 1711 nomen
1228 1646 1478 1720 Giratacachin,
1503 1650 1591 1711 idest
1615 1649 1718 1711 exilis
1738 1649 1878 1719 caudae,

544 1774 665 1827 cuncta
687 1774 797 1827 terrae
820 1766 1006 1827 animantia
1028 1775 1062 1826 et
1086 1767 1120 1827 in
1146 1765 1187 1827 iis
1209 1764 1441 1846 elephantum,
1465 1785 1533 1845 quo
1555 1774 1672 1827 tamen
1699 1776 1751 1826 est
1768 1765 1877 1825 minus

543 1899 733 1952 carnosum,
749 1882 980 1964 magnitudine
996 1882 1190 1943 trascendit.
1205 1880 1329 1943 Manus
1343 1880 1449 1943 habet
1465 1882 1660 1943 duodenum
1672 1881 1879 1961 palmorum,

543 1996 649 2077 pedes
671 1997 803 2059 tantulo
827 1998 1011 2069 breviores,
1027 1998 1155 2058 collum
1171 1997 1353 2059 tondendis
1369 1997 1494 2069 herbis,
1513 2014 1658 2079 quarum
1674 2005 1775 2077 pastu
1791 1994 1876 2056 vivit

544 2113 812 2175 accommodum.
836 2110 930 2175 Infra
953 2113 1069 2175 alvum
1093 2132 1199 2195 eques
1223 2110 1390 2175 inoffensa
1413 2113 1513 2195 galea
1536 2113 1694 2176 decurrit.
1719 2111 1789 2174 Hic
1804 2129 1878 2175 esso

544 2227 680 2291 videtur
701 2228 846 2291 struthio
870 2230 1038 2303 camelus;
1054 2230 1222 2291 camelum
1239 2230 1331 2290 enim
1347 2236 1383 2291 et
1398 2229 1622 2292 struthionem
1638 2227 1749 2311 figura
1764 2225 1877 2290 refert.

544 2342 601 2405 Ex
625 2344 718 2407 illius
741 2346 850 2407 cauda
873 2354 999 2408 teretes
1022 2365 1062 2407 ac
1082 2347 1314 2426 praenitentes
1330 2353 1423 2407 setae
1440 2345 1611 2427 leguntur,
1627 2364 1715 2425 quae
1731 2343 1879 2406 brachiis

545 2460 579 2520 in
596 2460 748 2522 armillas
764 2460 969 2523 convolutae
984 2470 1186 2524 ornamento
1202 2470 1291 2532 sunt,
1303 2469 1337 2524 et
1354 2480 1430 2525 esse
1446 2462 1603 2523 dicuntur
1619 2461 1878 2523 medicamento,
