4066 6184
624 614 738 662 crasa
761 614 801 671 11,
824 612 949 662 cneus
973 611 1058 661 xxi.
1438 615 1499 675 303

167 762 330 845 exemplo
354 763 520 836 invitatis,
543 763 578 824 in
602 760 783 824 Romanae
806 758 886 824 fidei
913 759 1072 823 militiam
1095 770 1175 823 sunt
1187 758 1314 831 allecti,
1331 768 1366 821 et
1389 756 1501 840 bapti-

167 896 242 941 smo
266 879 330 942 sub
354 878 561 952 conditione,
585 889 704 962 postea
727 875 942 942 confessione
964 887 999 940 et
1022 877 1226 940 eucharistia
1249 877 1377 940 donati.

191 1036 193 1039 ψ
259 1015 288 1073 3.
305 992 492 1057 Eremitam
509 995 770 1077 septuagenario
787 993 950 1056 maiorem
973 1002 1008 1056 et
1024 1001 1196 1075 spectatae
1215 990 1406 1055 sanctitatis
1428 992 1501 1074 opi·
1562 995 1734 1050 cremitae
1752 996 1848 1050 nent·

167 1111 270 1174 nione
293 1120 480 1174 tumentem
501 1112 589 1174 intra
611 1111 808 1193 speluncam
825 1111 991 1174 ecclesiae
1006 1106 1125 1173 Sancti
1140 1108 1280 1172 Ioannis
1296 1107 1500 1190 proximam,
1527 1068 1684 1123 ‘mm'

167 1228 353 1290 contractis
376 1227 527 1300 artubus,
551 1227 611 1290 sed
634 1225 748 1290 animo
772 1224 1025 1309 impeditiorem
1047 1234 1144 1307 pater
1165 1222 1325 1295 offendit;
1353 1223 1501 1288 habebat

167 1342 260 1405 enim
284 1342 440 1424 spiritum
464 1344 635 1424 nequitiae
666 1342 732 1405 sibi
755 1353 920 1425 perpetuo
951 1341 1168 1414 assidentem,
1192 1350 1227 1404 et
1253 1342 1434 1423 superbiae
1457 1342 1502 1404 ab

167 1477 211 1520 eo
234 1457 420 1541 inspiratae
443 1469 547 1522 vento
577 1460 627 1522 sic
658 1469 730 1522 erat
761 1456 907 1531 inflatus,
939 1467 976 1520 ut
998 1475 1101 1540 aegre
1131 1455 1235 1520 ferret
1266 1478 1303 1520 se
1337 1458 1381 1520 ab
1416 1456 1502 1520 invi·

166 1573 322 1638 sentibus
346 1594 414 1637 non
437 1575 582 1640 adorari.
606 1573 675 1637 Hic
692 1575 770 1637 aliis
785 1574 1053 1638 succollantibus
1072 1574 1107 1636 in
1123 1573 1261 1636 domum
1275 1571 1351 1636 Ras
1374 1574 1502 1646 illatus,

166 1699 246 1772 post
265 1690 382 1754 audita
397 1689 476 1755 fidei
493 1693 657 1774 mysteria
672 1690 772 1764 dixit,
789 1690 961 1753 Christum
978 1689 1163 1763 Dominum
1179 1709 1296 1752 verum
1314 1689 1379 1754 Dei
1395 1687 1502 1753 filium

166 1827 283 1878 ossea
299 1804 483 1871 Societatis
499 1808 653 1890 patribus
669 1809 797 1891 negari.
814 1804 973 1869 Occurrit
983 1816 1090 1888 pater,
1103 1806 1307 1869 contrariam
1323 1806 1502 1870 veritatem

166 1923 339 2006 evangelii
351 1925 557 1987 testimoniis
568 1923 788 1987 confirmans:
806 1923 866 1986 ille
877 1942 996 1986 omnes
1009 1923 1177 1985 evadendi
1190 1923 1330 1985 semitas
1341 1923 1503 2004 obseptas

166 2040 289 2103 videns
311 2049 345 2104 et
360 2060 423 2103 suo
446 2038 612 2104 fermento
635 2041 796 2113 tumidus,
821 2042 909 2122 patri
925 2059 987 2122 per
1002 2039 1253 2121 despectionem
1274 2039 1340 2102 ait:
1357 2036 1449 2120 Quid
1464 2046 1502 2101 tu

165 2156 235 2229 hic,
257 2157 403 2221 candide
427 2158 610 2240 magister?
626 2156 690 2221 Cui
705 2166 816 2240 pater:
837 2156 896 2220 Me
911 2155 1094 2220 candidum
1107 2175 1182 2218 esse
1197 2175 1265 2218 non
1282 2152 1424 2227 inficior,
1441 2155 1502 2219 sed

165 2272 202 2335 id
226 2271 309 2335 mihi
333 2291 401 2335 non
436 2273 548 2355 magis
578 2282 631 2336 est
658 2273 852 2355 opprobrio,
883 2292 985 2354 quam
1009 2269 1088 2342 dici,
1112 2269 1200 2332 sicut
1231 2289 1293 2334 nec
1316 2269 1502 2357 tibi,laudi

166 2389 259 2451 nocti
282 2406 357 2451 esse
380 2389 606 2452 concolorem.
630 2387 723 2452 Satis
745 2388 829 2451 mihi
853 2396 905 2451 est
935 2387 1055 2451 eodem
1079 2406 1133 2449 me
1156 2406 1231 2451 esse
1254 2406 1323 2468 quo
1347 2383 1502 2451 Christus

165 2502 241 2576 fuit,
266 2505 381 2568 colore
404 2502 588 2579 suffusum3
613 2506 671 2587 qui
694 2513 808 2569 tamen
824 2506 859 2569 in
874 2502 1175 2589 transfiguratione
1191 2501 1337 2568 naturali
1362 2504 1502 2567 candori

165 2622 304 2684 niveum
327 2620 496 2695 adiunxit,
519 2631 554 2685 et
577 2622 693 2706 angeli
719 2621 872 2685 eiusdem
899 2623 1156 2686 resurrectionis
1178 2639 1367 2704 praecones
1389 2621 1501 2702 splen·

164 2736 266 2800 didas
288 2739 393 2801 etiam
415 2746 530 2801 vestes
552 2739 620 2801 sibi
651 2737 869 2802 induxerunt.
900 2737 1011 2801 Nocte
1034 2738 1103 2802 iam
1133 2736 1314 2821 praecipiti
1345 2737 1380 2800 in
1403 2757 1502 2801 suum

164 2873 304 2935 specum
328 2874 366 2918 se
388 2854 487 2936 petiit
514 2853 700 2936 importari.
730 2853 771 2917 In
803 2874 878 2917 eam
905 2874 1042 2938 quoque
1072 2856 1128 2918 die
1158 2856 1313 2937 sequenti
1344 2874 1382 2918 se
1405 2865 1503 2936 pater

164 2968 318 3043 immisit,
341 2990 487 3052 eumque
504 2989 640 3034 suorum
664 2971 829 3033 librorum
854 2972 1114 3034 auctoritatibus
1138 2971 1352 3042 constrinxit,
1376 2980 1412 3033 et
1427 2970 1502 3033 nul-

165 3086 237 3147 lum
261 3085 439 3149 inveniens
462 3082 637 3167 effugium,
661 3095 795 3167 patrem
820 3087 852 3149 iu
878 3106 993 3150 aurem
1009 3087 1154 3169 rogavit,
1178 3105 1274 3149 nese
1297 3087 1342 3149 ab
1357 3080 1502 3174 illa-fide

165 3201 222 3263 vel
246 3201 428 3273 erroribus,
452 3220 538 3283 quos
560 3212 630 3264 tam
654 3202 758 3285 longa
789 3202 862 3265 vita
884 3203 1047 3274 coluerat,
1075 3204 1143 3265 iam
1167 3202 1363 3283 capularem
1386 3203 1500 3265 detur·

165 3317 273 3381 baret.
291 3313 354 3379 Cui
370 3325 469 3399 pater
483 3336 546 3399 pro
562 3337 623 3380 sua
639 3319 858 3381 auctoritate:
871 3316 1062 3381 Veritatem
1078 3318 1146 3381 iam
1162 3316 1320 3382 audi*isti
1336 3327 1369 3382 et
1385 3337 1501 3400 perce·

165 3431 256 3514 pisti,
272 3433 334 3496 sed
349 3444 429 3495 tuus
443 3442 477 3496 te
494 3432 602 3496 fastus
618 3443 654 3496 et
668 3454 767 3507 vana,
784 3453 886 3515 quam
903 3435 956 3496 vis
971 3435 1070 3506 tueri,
1086 3434 1298 3497 existimatio
1314 3434 1499 3508 continent,

165 3568 208 3612 ne
232 3549 385 3613 oblatam
409 3550 453 3611 ad
469 3558 503 3612 tc
519 3550 725 3613 abluendum
743 3570 865 3632 aquam
882 3550 1038 3632 recipias,
1054 3551 1116 3614 sed
1132 3550 1167 3613 in
1183 3560 1358 3614 aeternum
1382 3550 1499 3634 ignem

165 3664 373 3729 devolvaris
397 3664 537 3738 Omnes,
561 3666 620 3747 qui
643 3666 778 3738 adsunt,
801 3676 962 3739 antestor,
986 3675 1023 3729 ut
1046 3678 1166 3728 contra
1188 3675 1222 3729 te
1246 3667 1280 3727 in
1304 3667 1359 3729 die
1382 3666 1499 3729 iudicii

164 3779 399 3847 testificentur.
416 3781 514 3845 Haec
530 3783 636 3845 verba
651 3783 742 3846 senis
757 3792 904 3846 mentem
921 3783 1171 3865 aliquantulum
1186 3792 1417 3865 pervaserunt,
1431 3803 1498 3846 non

164 3907 280 3961 tamen
295 3898 434 3980 penitus
449 3908 698 3980 expugnarunt.
717 3896 786 3961 Sed
803 3918 879 3961 cum
896 3907 1016 3981 postea
1032 3899 1149 3962 multis
1166 3900 1387 3963 concionibus
1402 3900 1499 3963 ades·

164 4023 226 4086 set,
250 4033 336 4096 quas
357 4024 455 4096 pater
469 4014 625 4096 pluribus
641 4015 867 4078 Beatissimae
883 4014 1038 4099 Virginis
1055 4015 1213 4078 laudibus
1229 4016 1430 4089 exornabat,
1445 4017 1498 4079 sui

163 4127 246 4194 fecit
268 4150 315 4193 ex
338 4130 453 4193 animo
477 4131 696 4194 deditionem.
729 4130 799 4194 Ubi
830 4130 1025 4194 divinorum
1056 4133 1283 4195 misteriorum
1310 4129 1421 4195 factus
1444 4139 1496 4194 est

162 4246 344 4329 particeps,
368 4246 513 4309 clinicus
536 4265 611 4310 esse
634 4247 745 4319 desiit,
763 4268 825 4310 nec
845 4247 993 4331 amplius
1009 4249 1117 4311 sensit
1133 4248 1261 4311 malum
1277 4248 1415 4332 genium
1431 4248 1498 4310 sibi

93 4360 97 4368 '
162 4363 208 4427 ad
232 4381 332 4426 aures
354 4363 633 4428 insusurrantem.

254 4500 284 4558 4.
297 4478 412 4543 Huius
423 4480 586 4544 eremitae
598 4482 832 4553 conversione,
850 4501 895 4545 ex
910 4481 1132 4564 quotidianiis
1147 4480 1445 4564 disputationibus,
1461 4482 1496 4544 in
1560 4485 1687 4538 svium
1709 4484 1763 4538 nel
1781 4500 1848 4552 mp-

161 4594 288 4676 quibus
310 4596 345 4668 ii,
368 4595 427 4678 qui
450 4595 674 4676 sapientiores
697 4597 902 4661 videbantur
925 4607 959 4660 et
982 4598 1048 4660 sibi
1066 4599 1143 4679 plus
1166 4598 1369 4670 tribuebant,
1385 4599 1498 4662 victos
1524 4557 1848 4683 5¹2¹&ssme

161 4730 201 4775 se
225 4708 429 4784 fatebantur,
455 4730 579 4795 magna
602 4711 637 4774 in
660 4732 702 4776 eo
726 4733 833 4797 regno
857 4712 949 4777 facta
979 4723 1031 4777 est
1057 4732 1190 4776 morum
1217 4714 1439 4778 commutatio
1463 4725 1498 4779 et

161 4836 264 4891 aucta
296 4827 479 4891 Romanae
513 4828 604 4901 fidei,
636 4832 681 4893 ab
712 4832 854 4911 optimis
884 4831 1064 4904 admissae,
1088 4830 1310 4896 existimatio.
1347 4830 1498 4912 Aliquos

159 4954 277 5007 tamen
299 4944 358 5027 qui
381 4964 457 5007 eam
481 4965 548 5008 non
579 4965 624 5008 ex
647 4947 763 5019 corde,
791 4947 850 5010 sed
882 4948 1041 5009 simulate
1072 4948 1261 5019 induerant,
1293 4932 1498 5028 tempestiva

161 5059 228 5123 Dei
251 5059 421 5144 supplicia
443 5072 521 5124 sunt
543 5075 738 5127 consecuta.
763 5062 880 5126 Unum
904 5065 948 5126 sit
971 5081 1033 5145 pro
1057 5062 1232 5136 omnibus;
1253 5062 1392 5145 quidam
1417 5072 1496 5126 ante

159 5175 238 5239 Ras
261 5185 295 5240 et
327 5176 436 5258 patris
466 5177 593 5250 oculos,
626 5178 777 5241 calidum
809 5178 1007 5243 Romanam
1040 5176 1142 5243 fidem
1174 5180 1310 5262 magnis
1340 5178 1500 5243 laudibus
