4058 6178
533 539 595 596 224
867 534 1140 584 EXPEDITIONIS
1164 536 1425 586 AETHIOPICAE
1449 538 1527 587 ETC.

531 679 677 741 militum
691 680 948 761 digressionem,
965 690 1036 743 tum
1052 682 1200 753 obviae,
1219 702 1261 745 ex
1280 685 1539 765 praeteritorum
1554 686 1686 747 dierum
1700 683 1852 748 festinan-

531 797 588 865 tia,
612 792 859 876 fatigationem.
884 795 986 858 Brevi
1011 798 1054 858 ad
1079 817 1156 859 eum
1185 799 1281 861 illata
1308 799 1447 861 rebellis
1463 800 1567 872 mula,
1583 800 1675 862 ensis
1693 810 1728 863 et
1742 802 1852 872 cassis,

530 923 563 973 et
587 919 738 973 tercenta
761 931 949 983 caesorum,
974 914 1125 975 maxime
1142 910 1329 988 Gallarum,
1353 923 1387 977 et
1411 915 1590 978 duodecim
1618 917 1851 979 monachorum

530 1026 777 1090 haereticorum
801 1029 924 1110 capita,
948 1031 1006 1110 qui
1030 1031 1204 1110 praecipui
1229 1028 1362 1094 fuerant
1386 1031 1479 1094 illius
1502 1031 1698 1095 rebellionis
1720 1044 1753 1095 et
1786 1053 1852 1095 cae

530 1143 583 1205 dis
607 1144 741 1206 abbatis
775 1143 892 1206 Iacobi
915 1145 1143 1226 instigatores.
1173 1145 1285 1208 Ducta
1315 1166 1450 1228 quoque
1479 1145 1601 1210 Adard
1631 1149 1722 1209 illius
1751 1167 1852 1219 soror,

530 1270 678 1339 gutture,
702 1280 827 1341 magno
851 1262 984 1331 merito,
1008 1262 1053 1324 ob
1084 1263 1228 1324 iactatas
1258 1281 1319 1343 per
1345 1244 1430 1324 illud
1469 1264 1504 1325 in
1535 1263 1731 1326 Romanam
1756 1261 1851 1325 fidem

530 1375 760 1457 blasphemias
782 1387 968 1447 cruentato,
992 1387 1026 1438 et
1050 1374 1153 1439 Goito
1176 1375 1265 1440 Tafal
1288 1379 1357 1460 (qui
1381 1388 1483 1459 caput
1506 1390 1579 1442 erat
1606 1381 1779 1443 cuiusdam
1809 1377 1850 1441 f-

530 1493 655 1563 miliae,
690 1492 839 1555 callosae
870 1495 958 1574 apud
990 1492 1193 1555 Frcmonam
1231 1494 1265 1557 in
1297 1492 1478 1557 Lusitanos
1508 1494 1717 1579 hostilitatis)
1746 1515 1853 1576 quom,

530 1610 619 1689 quod
643 1608 734 1670 beati
758 1608 850 1671 illius
873 1608 990 1670 Iacobi
1014 1609 1224 1680 immolandi,
1248 1630 1295 1672 ex
1317 1610 1398 1672 odio
1414 1612 1603 1672 inveterato
1620 1610 1652 1672 in
1670 1611 1852 1679 Lusitanos,

531 1725 732 1805 praecipuus
756 1736 873 1785 auctor
895 1721 1015 1796 fuerat,
1041 1724 1134 1785 illico
1159 1725 1255 1787 iussit
1280 1726 1482 1787 obtruncari.

205 1845 321 1927 'Tecta
345 1845 503 1906 Gueorguis
620 1844 649 1901 8.
663 1838 768 1901 Tecla
779 1840 982 1923 Gueorguis,
994 1860 1071 1902 cum
1083 1851 1155 1903 tres
1167 1841 1222 1903 vel
1238 1850 1383 1922 quatuor
1396 1842 1468 1903 dies
1480 1842 1645 1913 latuisset,
1659 1843 1714 1904 die
1727 1843 1853 1905 sabbati

183 1917 342 2039 ,ffiffl
356 1930 502 1978 p‘m‘g‘m
531 1960 628 2037 (quae
645 1966 717 2017 erat
740 1956 873 2017 decima
895 1958 1041 2037 septima
1064 1958 1265 2026 decembris,
1281 1975 1358 2018 cum
1375 1957 1439 2018 hoc
1456 1957 1585 2020 bellum
1600 1954 1702 2019 finem
1718 1959 1853 2038 accepit)

530 2072 564 2132 in
587 2073 749 2152 spelunca
776 2082 930 2152 repertus
957 2090 1033 2133 cum
1056 2092 1118 2135 suo
1141 2070 1271 2154 perfido
1295 2074 1413 2135 sodale
1436 2071 1564 2135 Zaolda
1581 2073 1724 2136 Mariam
1740 2079 1774 2135 et
1789 2093 1853 2135 mo·

530 2188 638 2277 nacho
662 2184 754 2249 sebo
778 2186 913 2259 Amlac,
938 2188 1025 2250 inter
1046 2188 1237 2250 haereticos
1259 2185 1402 2250 famose.
1427 2188 1572 2252 Duobus
1603 2190 1716 2270 capita
1744 2191 1854 2251 statim

449 2304 451 2309 ’
530 2306 671 2365 dimissa
701 2315 734 2366 et
758 2304 832 2384 ipse
854 2304 955 2366 vivus
977 2306 1020 2367 ad
1044 2306 1208 2366 victorem
1232 2306 1423 2385 perductus,
1446 2316 1480 2367 et
1505 2306 1538 2366 in
1563 2306 1658 2387 regia
1690 2317 1800 2367 castra
1815 2307 1855 2366 ab

530 2421 648 2482 eodem
673 2421 842 2482 remissus.
868 2419 907 2481 In
930 2440 1017 2501 quae
1040 2419 1242 2500 Imperator,
1265 2428 1343 2500 post
1366 2431 1460 2482 actas
1485 2419 1562 2481 Deo
1592 2440 1654 2501 pro
1687 2431 1759 2482 tam
1788 2440 1854 2481 ma-

529 2544 640 2598 turata
663 2537 805 2598 victoria
829 2535 969 2617 gratias,
993 2555 1069 2597 eum
1093 2537 1190 2598 iussit
1213 2556 1233 2597 a
1256 2537 1395 2616 cingulo
1419 2537 1463 2598 ad
1487 2537 1647 2599 humeros
1667 2538 1804 2607 nudum,
1823 2550 1854 2597 et

529 2652 670 2713 duorum
694 2653 861 2713 sociorum
886 2650 1010 2713 craniis
1033 2672 1078 2713 ex
1101 2662 1244 2731 utroque
1267 2652 1408 2715 brachio
1431 2652 1615 2732 suspensis,
1646 2653 1691 2714 ad
1715 2652 1855 2734 ignomi-

530 2768 621 2828 niam
644 2763 769 2828 inferri,
794 2765 894 2827 Illico
921 2767 965 2827 ad
996 2786 1131 2829 causam
1163 2767 1361 2829 discendam
1393 2778 1554 2849 raptatus,
1586 2778 1620 2830 et
1650 2764 1855 2829 defensionis

529 2901 665 2963 expers,
689 2884 760 2963 igni
784 2892 835 2943 est
859 2883 1081 2953 adiudicatus,
1105 2894 1141 2944 ut
1164 2882 1223 2963 qui
1239 2885 1319 2965 igne
1335 2902 1450 2946 sacras
1465 2884 1632 2965 imagines
1648 2892 1683 2945 et
1698 2883 1855 2963 reliquias

529 2998 774 3078 absumpserat,
799 2999 898 3059 ‘vivus
922 2998 993 3077 igni
1017 2999 1232 3060 devorandus
1255 3001 1455 3070 traderetur,
1480 3000 1576 3080 isque
1598 3000 1642 3061 ad
1666 3000 1752 3061 illud
1780 3018 1856 3079 sup-

528 3114 667 3194 plicium
692 3114 923 3194 expetendum
948 3111 1078 3175 fornaci
1102 3114 1269 3177 calcariae
1293 3115 1447 3178 iniectus.

219 3237 319 3285 Tecla
344 3238 502 3299 oueorguis
619 3251 648 3308 9.
672 3226 887 3291 Catholicum
911 3229 970 3290 ille
993 3227 1237 3292 confessarium
1262 3232 1420 3311 poposcit
1451 3239 1486 3292 ut
1510 3250 1584 3292 cum
1610 3230 1685 3292 Deo
1719 3231 1752 3293 in
1782 3250 1854 3313 gra-

183 3318 293 3370 peracta
320 3308 501 3358 confessione
547 3347 552 3358 .
700 3347 705 3359 .
834 3346 841 3358 .
1279 3348 1284 3359 .
1488 3348 1494 3360 .

182 3393 291 3429 errores
309 3379 408 3429 eiurat.
528 3354 611 3407 tram
635 3346 770 3417 rediret,
797 3364 985 3426 m1ssusque
1007 3366 1048 3408 ea
1071 3346 1113 3406 de
1136 3365 1172 3408 re
1193 3357 1327 3408 nuntius
1343 3348 1386 3408 ad
1403 3346 1646 3417 Patrrarcham,
1666 3345 1854 3428 Gorgorrae

528 3472 607 3523 tunc
631 3463 665 3523 in
689 3471 823 3542 patrum
846 3472 1016 3523 conventu
1040 3472 1237 3524 morantem.
1263 3461 1327 3524 lile
1351 3482 1433 3525 vero
1452 3464 1505 3525 sui
1521 3463 1597 3525 loco
1613 3483 1645 3544 p.
1667 3462 1852 3524 Antonium

528 3578 669 3649 dimisit,
693 3597 771 3640 suas
794 3579 825 3637 ei
850 3578 954 3647 vices,
978 3578 1021 3638 ad
1045 3577 1251 3640 relaxandas
1274 3597 1431 3640 censuras
1455 3587 1488 3640 et
1511 3579 1555 3640 ad
1578 3579 1715 3640 veniam
1731 3579 1774 3638 ab
1788 3576 1853 3638 Im·

528 3705 683 3775 peratore
706 3714 766 3756 suo
790 3694 927 3755 nomine
950 3693 1170 3763 exorandam,
1195 3694 1368 3776 delegans.
1386 3692 1457 3756 Sua
1471 3691 1604 3776 flagitia
1619 3704 1653 3756 et
1674 3692 1852 3775 sacrilegia

527 3809 631 3872 Tecla
655 3808 848 3891 Gueorguis
872 3811 915 3871 ad
931 3808 1043 3871 Patris
1066 3828 1164 3870 aures
1186 3811 1280 3890 prius
1303 3809 1488 3881 damnavit,
1514 3818 1548 3871 et
1571 3820 1691 3890 postea
1712 3810 1852 3875 solemni

527 3928 713 3988 eiuratione
737 3945 879 3994 errores,
904 3927 937 3986 in
961 3924 1081 4004 templi
1104 3925 1274 3987 vestibulo
1297 3925 1367 3987 *est
1391 3927 1590 3988 detestatus
1616 3924 1701 3987 Inde
1724 3927 1767 3987 ad
1789 3925 1851 3987 Im·
1877 3932 1894 3981 t.
1908 3924 1952 3975 nt.
1979 3978 1980 4019 p

527 4054 717 4123 peratorem
742 4054 838 4122 pater
861 4060 938 4102 cum
962 4040 1079 4101 multis
1102 4038 1179 4101 aliis
1202 4042 1365 4121 perrexit,
1389 4052 1423 4103 et
1446 4043 1570 4112 omnia,
1584 4060 1672 4121 quae
1688 4043 1795 4122 ipsum
1811 4040 1851 4105 ad

526 4158 792 4220 misericordiam
818 4157 995 4239 impellere
1019 4174 1169 4235 possent,
1199 4160 1347 4239 supplex
1379 4158 1584 4220 denarravit.
1617 4155 1714 4237 Quae
1744 4157 1852 4219 omnia

526 4274 585 4337 ille
608 4276 726 4355 paucis
750 4275 799 4337 sic
822 4276 998 4338 dissolvit:
1023 4274 1158 4339 Mauro
1182 4294 1241 4343 me,
1264 4279 1375 4357 pater,
1407 4273 1455 4336 ad
1481 4270 1716 4359 ignoscendum
1745 4270 1853 4339 Talae

526 4388 716 4474 Grceorguz's
738 4391 887 4454 rationes
907 4393 1146 4475 permovebunt,
1169 4411 1227 4453 nec
1250 4390 1340 4452 altas
1362 4396 1445 4473 opus
1467 4393 1520 4452 cst
1536 4388 1731 4473 producere,
1758 4408 1852 4471 quam

526 4506 614 4589 quod
634 4506 683 4569 bis
705 4527 748 4568 rx
771 4506 902 4590 duplici
912 4508 999 4590 filia
1023 4529 1115 4570 meus
1141 4507 1187 4570 sit
1214 4526 1327 4592 gener,
1350 4511 1384 4568 et
1405 4503 1486 4569 duos
1507 4525 1552 4568 ex
1584 4505 1631 4567 iis
1651 4504 1752 4588 filios
1780 4501 1851 4567 edu·

525 4622 627 4691 xerr't,
652 4622 715 4705 qui
735 4621 825 4684 mala
842 4630 972 4706 semper
994 4628 1169 4707 apparent,
1192 4627 1225 4685 ct
1247 4626 1379 4685 euntem
1404 4618 1450 4684 ad
1467 4620 1589 4683 bellum
1616 4620 1769 4705 expediti
1788 4618 1850 4683 r'am

525 4737 652 4820 equales
674 4737 888 4799 comitantur.
914 4738 1000 4800 Eam
1025 4739 1236 4801 r'm'uriarum
1255 4741 1399 4820 partem,
1416 4756 1499 4819 quac
1515 4734 1562 4800 ad
1574 4757 1625 4800 me
1640 4737 1773 4808 attr'nct,
1789 4735 1850 4801 rum

524 4852 650 4923 dimin,
674 4851 733 4915 sed
752 4851 787 4915 si
807 4854 843 4915 in
867 4853 922 4927 iis,
945 4874 1029 4936 puae
1050 4853 1125 4917 Dei
1144 4852 1300 4916 honorem
1326 4853 1486 4924 lacerant,
1510 4851 1714 4922 contraherem,
1744 4869 1851 4915 vereor

525 4990 567 5031 nc
591 4968 628 5030 in
652 4989 712 5042 me,
737 4966 773 5029 in
791 4988 896 5030 aarum
907 4968 1090 5054 sanrz'lr'am
1107 4973 1140 5031 et
1154 4988 1297 5052 regnum
1313 4974 1437 5051 poenae
1453 4966 1513 5029 illi
1524 4966 1651 5030 debrias
1669 4971 1848 5031 uertuntur.

524 5082 583 5146 Sic
607 5093 736 5165 patrem
762 5086 901 5155 dimisit,
925 5087 1131 5147 submonens
1156 5096 1190 5146 ut
1215 5084 1422 5165 Gorgorram
1446 5083 1694 5166 regrederetur,
1719 5093 1753 5146 et
1768 5082 1850 5165 ignis
