4066 6174
539 570 601 646 378
871 579 1146 630 EXPEDITIONIS
1169 579 1430 630 AETHIOPICAE
1455 578 1535 628 Ere.

535 733 657 800 tamen,
681 726 720 790 in
742 746 837 812 quem
869 726 906 789 V.
932 726 1103 790 Maiestas
1125 746 1222 790 suam
1244 732 1336 811 spem
1358 745 1434 791 vere
1462 723 1662 791 contulerat,
1693 728 1878 807 unumque

536 842 575 908 in
597 862 679 905 suas
700 862 823 905 manus
846 840 1011 914 immisit·
1041 846 1075 905 et
1103 840 1142 905 in
1173 839 1403 926 tranquillum
1434 838 1578 904 adducta
1604 845 1654 905 est
1683 838 1878 904 rebellionis

535 956 676 1021 illorum
700 961 886 1042 tempestas.

625 1096 655 1155 9.
679 1074 780 1139 Dicit
807 1073 846 1138 V.
875 1072 1046 1137 Maiestas
1072 1071 1110 1135 in
1142 1094 1205 1135 sua
1235 1071 1378 1158 epistola
1386 1098 1399 1133 .·
1428 1072 1654 1137 Praeconium
1684 1071 1757 1147 ieci,
1790 1071 1881 1156 quod

536 1195 607 1254 tota
628 1190 814 1254 multitudo
835 1188 1017 1254 castrensis
1041 1189 1079 1251 iii
1103 1209 1154 1251 me
1177 1187 1394 1255 rebellaverit.
1420 1189 1494 1271 Quo
1515 1186 1554 1252 id
1568 1190 1694 1273 pacto?
1717 1187 1801 1251 Non
1826 1206 1877 1250 re·

534 1306 694 1370 cordatur
717 1306 755 1372 V.
772 1305 951 1379 Maiestas,
966 1326 1018 1370 me
1032 1326 1107 1369 cum
1130 1305 1168 1367 in
1191 1303 1366 1391 Agaorum
1390 1304 1526 1391 regiam
1551 1308 1686 1368 tantum
1710 1323 1786 1367 cum
1801 1322 1878 1365 con·

536 1422 615 1508 iuge
637 1426 671 1486 et
691 1443 752 1486 sex
774 1421 941 1506 equitibus
963 1421 1167 1496 demorarer,
1189 1440 1243 1484 eos
1265 1421 1304 1483 in
1328 1418 1464 1485 Christi
1484 1421 1617 1485 domini
1627 1420 1751 1506 fidem,
1773 1439 1876 1505 quam

535 1536 686 1621 ipsorum
712 1539 874 1621 parentas
903 1535 1119 1621 ignorarunt,
1150 1534 1311 1619 baptismo
1341 1539 1375 1599 et
1402 1533 1609 1599 ecciharistia
1637 1532 1813 1618 susceptis,
1844 1537 1879 1595 ct

530 1650 735 1737 posthabitis
757 1650 985 1715 arundinibus
1003 1672 1088 1735 quae
1113 1650 1155 1713 ab
1181 1650 1323 1735 antiquo
1337 1656 1483 1736 tempore
1498 1651 1640 1715 illorum
1655 1653 1759 1714 erant
1773 1647 1877 1724 idola,

536 1767 714 1832 induxisse
732 1773 766 1831 et
790 1788 881 1831 nunc
896 1771 1009 1831 nostro
1024 1766 1165 1852 inperia
1180 1766 1338 1831 siibiectos
1352 1766 1461 1831 viaere
1475 1772 1509 1831 et
1524 1767 1652 1830 tributa
1669 1760 1877 1852 pensitare?

536 1884 632 1967 Quae
653 1883 848 1947 omanorum
870 1882 1114 1969 conglutinatia
1136 1883 1291 1969 sequitur
1312 1902 1356 1946 ex
1377 1903 1414 1947 eo
1432 1883 1621 1968 praecoma,
1643 1902 1707 1967 quo
1730 1881 1876 1955 inbitur,

535 2004 576 2064 iit
597 1998 752 2063 Romani
771 2020 831 2063 suo
858 2000 952 2063 modo
974 2004 1009 2063 et
1030 1998 1271 2064 Alexandrini
1293 2018 1354 2063 suo
1376 1999 1480 2065 vi‘tain
1503 1994 1732 2085 transigant?
1762 1997 1877 2061 Num·

536 2114 618 2201 quid
647 2116 684 2180 V.
708 2115 874 2179 Maiestas
896 2114 1111 2189 obliviscitur,
1135 2116 1231 2201 quod,
1255 2137 1329 2179 cum
1352 2114 1544 2202 Achaferii
1557 2135 1703 2178 essemus
1717 2118 1754 2177 et
1767 2113 1817 2177 ibi
1829 2112 1874 2177 si·

536 2232 618 2295 mili
632 2231 814 2317 praeconia
835 2231 1026 2305 decreverit,
1049 2252 1092 2295 ne
1113 2231 1276 2295 vialentia
1299 2231 1376 2295 illis
1396 2230 1603 2318 inferretur,
1627 2229 1757 2315 qui'oel
1769 2251 1875 2293 uriam

534 2348 589 2412 vel
608 2346 776 2433 duplicem
799 2352 960 2411 naturam
984 2346 1121 2411 Christo
1143 2348 1368 2433 assignarent,
1391 2346 1500 2410 hilum
1523 2345 1687 2433 abfuisse,
1714 2345 1799 2430 quin
1825 2366 1876 2408 nie

537 2462 649 2527 Onaol
669 2464 707 2527 in
731 2464 849 2527 mortis
870 2483 1002 2550 ungues
1016 2463 1203 2539 coniecerit,
1218 2469 1353 2528 certans
1363 2469 1428 2548 pro
1443 2465 1548 2527 nni'us
1557 2464 1737 2548 firmitate
1744 2488 1760 2533 ,·
1775 2482 1874 2547 qnam

536 2585 648 2643 tamen
671 2580 778 2653 Deus,
800 2580 913 2644 viatus
928 2578 1094 2666 fortinm,
1121 2581 1158 2643 in
1181 2585 1316 2645 nostras
1338 2601 1462 2643 maniis
1484 2578 1656 2643 conclusit.

628 2716 678 2761 10.
702 2695 802 2759 Dicit
822 2696 926 2759 etiam
957 2697 995 2761 V.
1020 2696 1189 2761 Maiestas
1213 2697 1250 2759 in
1272 2716 1336 2760 sua
1358 2695 1510 2781 epistola,
1531 2716 1567 2758 se
1592 2694 1672 2758 huic
1692 2692 1874 2780 praeconio

535 2832 707 2875 assensum
730 2832 807 2887 esse,
831 2812 921 2897 quod
943 2832 1057 2876 omnes
1087 2812 1252 2875 nobiscum
1277 2816 1479 2898 pugnarent
1503 2816 1537 2875 ct
1561 2815 1698 2874 nostiae
1721 2809 1874 2896 regiones

535 2928 793 2993 everterentur?
816 2926 1000 3013 Numquid
1030 2928 1157 3013 quoties
1190 2928 1326 3013 aliquae
1347 2926 1549 3012 Aethiopiae
1565 2926 1765 3013 provinciae
1786 2945 1872 2989 cver-

535 3064 592 3107 sae
613 3048 706 3118 siint,
731 3043 909 3107 Romanae
922 3044 1016 3127 fidei
1035 3063 1136 3107 cama
1155 3043 1359 3129 perierunt!
1383 3043 1470 3126 Quis
1493 3042 1688 3107 i‘llimi'tatos
1709 3042 1790 3105 illos
1804 3062 1872 3104 ma·

537 3162 647 3223 iarum
671 3165 863 3223 nostrorum
877 3160 974 3244 fines
996 3160 1035 3222 ab
1057 3160 1190 3247 Angote
1211 3165 1246 3224 et
1265 3159 1384 3225 Doara
1406 3180 1510 3245 nsque
1532 3158 1579 3223 ad
1591 3160 1730 3223 Bi'samo
1744 3158 1870 3227 evertit,

423 3362 427 3368 Ι
535 3277 609 3340 nisi
628 3274 751 3339 Gallae
764 3274 857 3360 fidei
871 3275 1016 3360 penitus
1037 3275 1182 3362 ignari?
1205 3277 1340 3341 Bellum
1360 3299 1382 3341 a
1398 3283 1544 3362 tempore
1559 3275 1712 3340 Adamds
1726 3272 1875 3361 Seguedi'

536 3397 569 3456 et
604 3391 830 3455 Habitachum
873 3392 906 3454 Τ
901 3412 1017 3456 ascaro
1047 3393 1095 3457 od
1121 3412 1181 3456 nos
1209 3413 1314 3477 usque
1343 3413 1411 3456 non
1436 3392 1660 3478 interquiescit.
1692 3390 1874 3477 Numquid

536 3506 623 3570 hanc
637 3508 748 3591 fidem
772 3508 844 3571 ideo
863 3508 1087 3593 probabimus,
1111 3514 1152 3572 ut
1172 3514 1304 3572 nostros
1314 3510 1411 3594 fines
1420 3506 1712 3596 prorogaremus?
1730 3508 1790 3571 An
1804 3528 1869 3570 non

536 3623 604 3685 iam
635 3643 772 3686 avorum
803 3643 942 3686 snorum
966 3644 1068 3710 regno
1099 3624 1135 3687 V.
1162 3624 1330 3688 Maiestas
1352 3629 1386 3688 et
1406 3645 1464 3711 ega
1487 3624 1793 3710 quantulacumque
1810 3630 1867 3709 pa·

535 3739 644 3803 centis
668 3739 736 3801 mei
755 3736 962 3803 haereditate
979 3739 1160 3824 potiabar?
1191 3740 1347 3804 Vi‘dcntes
1372 3746 1485 3805 tamen
1507 3746 1543 3804 et
1567 3746 1781 3827 agnoscentes
1793 3761 1867 3802 san·

535 3858 607 3917 ctae
629 3853 732 3917 i'stins
745 3854 840 3937 fidei
858 3855 1044 3929 veritatem,
1068 3876 1128 3919 nec
1157 3856 1312 3940 cuiquam
1342 3861 1445 3920 extra
1477 3856 1574 3919 illam
1604 3857 1750 3919 salutem
1777 3863 1868 3941 posse

535 3970 734 4055 contingere,
759 3969 797 4032 in
820 3991 892 4034 eam
916 3971 1158 4047 contendimus,
1181 3978 1311 4057 etpost
1333 3973 1532 4059 ingressum,
1555 3973 1662 4044 Deus,
1686 3973 1749 4057 qui
1776 3972 1867 4036 illins

536 4090 587 4148 est
613 4089 826 4155 coementum,
859 4086 991 4172 magnis
1020 4106 1080 4149 nos
1110 4087 1287 4151 miraculis
1317 4094 1352 4151 et
1379 4088 1554 4174 speciatim
1585 4089 1623 4153 V.
1650 4088 1866 4152 Maiestatem
2012 4140 2013 4149 ,

526 4198 603 4284 fide
620 4199 849 4284 pervadentem
872 4202 1097 4284 confirmavit.
1120 4203 1221 4267 Sicut
1241 4205 1418 4269 odoratum
1442 4204 1551 4269 Pauli
1569 4226 1605 4269 os
1626 4204 1722 4268 dinit
1743 4204 1782 4267 in
1804 4204 1867 4289 epi·

535 4315 620 4378 stola
644 4316 691 4379 ad
712 4316 903 4380 Hebraeos:
925 4317 1050 4381 Samti
1064 4325 1129 4402 per
1147 4318 1257 4403 fidem
1286 4321 1441 4384 vicerunt
1470 4341 1599 4407 regna:
1628 4320 1767 4405 operati
1793 4323 1869 4382 suiit

536 4432 729 4504 iustitiam·
752 4432 869 4516 adepti
892 4438 975 4496 sunt
1006 4434 1299 4517 repromissianes,·
1322 4435 1439 4523 fortes
1460 4434 1558 4523 facti
1583 4442 1666 4499 sunt
1695 4436 1734 4498 in
1761 4436 1867 4510 *bello
1891 4441 1975 4495 [¹77³-

531 4547 777 4611 convaluerunt
804 4548 844 4611 de
868 4547 1098 4631 infirmitate,·
1120 4550 1362 4615 obturaverunt
1383 4572 1445 4615 ora
1461 4552 1618 4625 leonum·
1639 4552 1869 4617 extinxerunt

533 4663 694 4747 impetum
718 4663 819 4748 i'gm‘s.
844 4663 930 4727 Fide
944 4663 1028 4747 filii
1046 4665 1164 4728 Israel
1175 4667 1393 4732 transierunt
1407 4688 1500 4732 inore
1514 4668 1682 4742 Rubrum,
1698 4673 1866 4753 tamquam

530 4785 595 4861 per
616 4778 751 4841 aridam
776 4783 904 4842 terram
928 4781 1018 4863 quod
1037 4782 1175 4865 experti
1194 4783 1347 4868 aegyptii
1364 4782 1521 4848 devorati
1542 4789 1633 4847 sient.
1661 4782 1751 4846 Fide
1782 4781 1871 4847 mari

535 4891 666 4954 Iericho
688 4899 890 4959 corruerunt
911 4895 1057 4960 circuitu
1080 4898 1211 4961 diarum
1231 4904 1363 4983 septem.
1391 4899 1439 4961 In
1455 4900 1538 4963 aliis
1553 4899 1653 4963 libris
1667 4899 1867 4972 invenimus,

526 5009 602 5091 fide
624 5010 778 5095 insigma
800 5012 967 5076 miracula
985 5020 1137 5098 patrata.
1160 5016 1266 5079 Nimc
1283 5018 1436 5101 primum
1463 5016 1568 5081 andia
1582 5017 1659 5101 fide
1683 5037 1792 5103 regna
1822 5017 1867 5078 la·

535 5123 712 5209 besactari.
738 5127 840 5189 Hanc
862 5149 920 5213 ego
934 5130 1045 5212 fidem
1069 5152 1141 5194 nica
1164 5138 1280 5216 sponte
1303 5154 1371 5197 non
1396 5131 1559 5211 inchoavi,
1590 5134 1651 5199 sed
1674 5154 1696 5197 a
1729 5133 1768 5197 V.
1793 5132 1867 5196 Ma·
