4124 6182
653 579 770 628 LIBER
794 580 817 638 1,
841 579 967 628 CAPUT
990 579 1059 628 XII.
1456 584 1513 644 107

185 721 315 787 firmato
338 724 457 788 animo
480 728 523 789 ad
547 727 772 789 occidendum
798 724 1053 808 Imperatorem,
1084 736 1166 790 tunc
1197 726 1343 810 primum
1376 728 1410 789 in
1443 727 1519 809 ipso

186 840 300 903 itinere
325 860 345 903 a
370 843 626 926 consanguinea
648 842 701 904 Ite
724 841 855 904 Amata
877 838 1043 914 Christds
1068 843 1249 905 consilium
1269 854 1434 917 assecuta,
1460 845 1520 906 ad·

186 957 358 1027 monitum,
383 976 461 1019 cum
485 959 616 1041 ingenti
640 959 780 1021 cohorte
803 956 910 1020 Iulius
933 967 967 1021 et
998 956 1092 1021 Cafld
1116 960 1150 1020 in
1178 960 1293 1022 aulam
1325 958 1519 1031 convolant,

185 1092 287 1154 eaque
312 1073 358 1135 ad
382 1072 590 1136 vestibulum
616 1074 760 1137 dimissa
791 1073 826 1137 in
857 1071 1054 1137 inferiorem
1084 1076 1270 1147 exedram·
1291 1076 1350 1137 ubi
1380 1087 1461 1137 tunc
1485 1075 1519 1137 in

185 1189 276 1270 regio
300 1190 393 1251 lecto
416 1190 557 1252 sedebat
580 1189 771 1271 Imperator
793 1191 933 1253 omnino
956 1191 1146 1272 intrepidus
1169 1202 1203 1254 et
1227 1190 1355 1254 nullius
1385 1202 1519 1273 pertur-

185 1305 331 1367 bationis
354 1302 513 1368 fluctibus
536 1316 705 1377 aestuans,
729 1307 931 1388 irrumpunt.
961 1306 1022 1369 Ad
1045 1307 1143 1369 illum
1167 1306 1308 1388 propius
1334 1324 1442 1388 gener
1465 1326 1521 1369 ac-

185 1421 281 1493 cedit,
307 1432 341 1483 et
365 1419 520 1483 difficilia
542 1422 712 1502 quaedam
730 1422 906 1503 postulata
920 1422 1091 1504 proponit,
1108 1423 1232 1505 quibus
1248 1424 1308 1486 ille
1325 1443 1392 1485 non
1408 1423 1520 1486 solum

183 1535 337 1599 hilariter
360 1538 488 1609 annuit,
511 1538 574 1599 sed
597 1538 815 1620 indulgenter
838 1539 945 1619 ipsius
968 1538 1121 1621 gladium
1138 1540 1181 1600 de
1198 1557 1292 1601 more
1308 1548 1388 1601 ante
1408 1536 1519 1619 Impe-

184 1663 331 1715 ratorem
351 1653 459 1715 instar
473 1652 587 1714 baculi
610 1673 798 1734 appensum
821 1654 955 1735 capulo,
971 1654 1069 1737 quasi
1088 1654 1254 1726 alludens,
1275 1655 1519 1726 contrectavit;

183 1776 253 1829 tum
276 1786 402 1849 corpus
425 1787 447 1830 a
469 1777 578 1831 strato
601 1770 800 1850 corripiens,
828 1788 866 1832 se
896 1769 1121 1832 ambulationi
1152 1770 1256 1841 dedit,
1288 1781 1322 1832 et
1353 1770 1520 1852 paulatim

184 1884 216 1945 in
238 1883 406 1946 solarium
429 1885 594 1947 scandere
616 1885 760 1966 occepit,
785 1886 918 1948 duobus
940 1886 1181 1968 gestientibus,
1203 1887 1296 1967 quod
1320 1887 1355 1949 in
1379 1904 1421 1948 eo
1445 1906 1520 1949 cac-

183 2001 260 2062 dem
283 2000 392 2063 tutius
415 2009 552 2081 patrare
574 2012 724 2082 possent.
749 1998 819 2065 Sed
843 2001 912 2073 ille,
937 2003 1051 2065 scalae
1067 2000 1244 2085 fastigium
1259 2002 1377 2073 tenuit,
1395 2002 1520 2064 ostium

183 2117 225 2178 ad
254 2136 294 2179 se
326 2116 505 2198 repentina
535 2127 569 2180 et
604 2117 796 2180 inevitabili
823 2118 952 2198 pessuli
984 2118 1176 2181 incursione
1208 2117 1363 2190 adduxit,
1394 2136 1520 2198 eosque

182 2232 318 2295 hiantes
340 2242 374 2294 et
397 2233 443 2294 ob
467 2231 628 2296 amissam
651 2233 815 2315 praedam
839 2234 969 2297 doloris
993 2234 1113 2316 plenos
1137 2234 1250 2296 elusit.
1273 2230 1387 2314 Quare
1414 2234 1522 2314 patris

183 2348 296 2410 Paesii
328 2346 456 2411 facturn
489 2359 523 2411 et
554 2349 683 2412 dictum
707 2351 807 2412 nobis
833 2349 971 2432 saepius
1002 2350 1192 2431 Imperator
1222 2349 1330 2412 instar
1361 2348 1521 2412 caelestis

182 2464 312 2527 oraculi
335 2461 516 2530 referebat.

272 2600 303 2660 5.
329 2580 457 2644 Verum
481 2583 657 2663 quiescere
677 2601 754 2644 cum
770 2584 900 2645 nesciat
916 2583 1050 2645 animus
1064 2584 1229 2644 scelerum
1247 2580 1344 2644 furiis
1359 2583 1518 2665 agitatus,
1583 2590 1678 2674 tutius·
1703 2590 1869 2653 1mpentori

182 2695 307 2760 Iulium
332 2698 368 2760 in
391 2696 646 2779 Imperatorem,
671 2699 768 2779 quasi
791 2699 843 2761 sui
859 2708 1142 2778 contemptorem,
1160 2699 1275 2760 odium
1292 2699 1326 2759 in
1346 2697 1423 2760 Ras
1440 2694 1521 2760 Selai
1547 2661 1679 2783 {²123ss
1690 2661 1870 2784 ἑτέρῃ

181 2811 349 2883 Christds‚
374 2814 420 2875 ob
443 2814 592 2876 delatam
616 2815 740 2895 capitis
762 2814 955 2895 principum
971 2815 1175 2895 dignitatem
1192 2826 1226 2876 et
1242 2812 1408 2877 Goiamae
1424 2833 1520 2895 prae·
1547 2813 1645 2855 “M

182 2928 362 2999 secturam,
386 2947 472 3009 quas
495 2929 560 2991 sibi
585 2928 719 2991 debitas
742 2930 974 3002 existimabat,
999 2930 1093 2993 velut
1117 2930 1183 2992 sibi
1207 2930 1367 2992 iniuriose
1391 2930 1520 2991 antela-

181 3056 252 3107 tum
278 3044 468 3107 invidentia
493 3044 730 3115 extimulabat,
755 3054 789 3107 et
813 3065 931 3108 ansam
955 3048 1139 3128 utriusque,
1164 3046 1221 3108 vel
1241 3046 1363 3109 saltem
1380 3046 1521 3109 alterius

181 3181 201 3222 a
224 3161 319 3223 vivis
342 3156 518 3222 auferendi
541 3160 689 3223 sollicite
705 3162 901 3224 rimabatur.
917 3161 1020 3224 Illam
1036 3180 1119 3224 vero
1134 3158 1229 3224 eaflo
1245 3162 1434 3233 edomavit,
1452 3161 1520 3223 Im-

181 3287 342 3357 peratore
366 3276 411 3339 ad
433 3276 697 3358 quadragenalis
720 3277 836 3339 ieiunii
859 3278 1013 3359 auspicia
1035 3298 1080 3340 ex
1097 3276 1243 3341 Goiama
1258 3273 1466 3358 Gorgorram
1483 3296 1520 3338 se

180 3394 382 3476 colligente,
407 3403 441 3454 et
463 3392 661 3474 quingentis
677 3394 848 3473 equitibus
864 3392 1033 3456 Nubianis
1048 3413 1070 3455 a
1085 3392 1187 3476 Rege
1211 3413 1272 3455 suo
1296 3393 1341 3454 ob
1361 3390 1521 3455 offensio·

182 3529 270 3581 nem,
288 3509 407 3570 nescio
422 3527 533 3589 quam,
547 3509 712 3590 digressis
728 3519 762 3570 et
778 3510 912 3590 imperii
928 3507 1076 3571 confinia
1091 3510 1353 3591 populantibus
1377 3510 1421 3572 ad
1436 3528 1523 3589 quos

181 3625 386 3708 abigendos,
410 3634 444 3686 et
468 3624 560 3686 illius
576 3624 701 3707 plagae
716 3627 823 3705 equis,
840 3626 898 3706 qui
915 3625 1027 3687 solent
1043 3644 1119 3688 esse
1134 3626 1376 3706 probatissimi,
1394 3646 1521 3688 exuen-

181 3742 256 3811 dos,
292 3738 467 3803 eunuchus
497 3738 742 3821 Imperatorem
774 3738 898 3804 fucatis
928 3742 1117 3803 rationibus
1147 3741 1328 3822 permovit,
1361 3753 1395 3803 et
1427 3742 1522 3803 illico

181 3855 310 3919 Iulium
334 3852 481 3938 Ogirae.
506 3874 573 3917 non
598 3857 782 3919 admodum
805 3858 956 3928 distanti,
982 3876 1059 3918 cum
1075 3857 1263 3937 praestanti
1280 3858 1434 3937 equitatu
1451 3858 1523 3920 iura

67 3984 102 4026 ·'
122 4012 154 4034 2·
182 3974 335 4043 dantem,
360 3971 433 4033 dati
456 3972 591 4034 consilii
614 3973 793 4034 certiorem
819 3971 910 4046 fecit,
933 3970 985 4035 *et
1001 3973 1159 4036 stimulos
1175 3975 1328 4045 subiecit,
1345 3984 1382 4036 ut
1402 3975 1436 4035 in
1453 3970 1521 4037 Go-

181 4089 311 4151 iamam
335 4087 435 4170 signa
456 4104 534 4149 cum
558 4086 635 4150 Res
657 4084 740 4150 Sela
762 4086 916 4151 Christds
938 4088 1126 4150 collaturus
1141 4107 1243 4170 porro
1259 4102 1437 4171 pergeret;
1454 4088 1521 4151 Im·

180 4215 379 4286 peratorem
403 4202 459 4265 vel
482 4223 528 4265 ex
552 4202 712 4266 Nubiano
734 4204 828 4266 bello
851 4224 919 4266 non
942 4206 1128 4268 rediturum
1152 4206 1208 4268 vel
1232 4207 1279 4268 ita
1303 4225 1390 4278 sero,
1407 4218 1443 4268 ut
1463 4226 1521 4288 pe-

181 4320 349 4382 riclitanti
374 4316 472 4381 fratri
496 4320 627 4382 auxilio
652 4339 727 4382 esse
752 4321 916 4401 nequiret.

274 4437 305 4497 6.
330 4432 401 4497 Ubi
425 4433 617 4516 Imperator
640 4437 705 4498 iter
728 4436 761 4497 in
787 4434 935 4497 Nubiam
961 4437 1117 4507 intendit,
1135 4435 1253 4508 Iulius,
1271 4437 1414 4519 vulgato
1429 4439 1523 4519 prius
1585 4449 1641 4497 Sed
1660 4450 1774 4498 trustra.

181 4551 309 4621 edicto,
334 4559 370 4612 ut
395 4550 453 4632 qui
477 4570 579 4612 unam
602 4551 636 4612 in
660 4548 798 4614 Christo
822 4563 978 4615 naturam
1002 4550 1226 4633 profiteretur,
1252 4553 1318 4614 sibi
1348 4552 1522 4626 haereret;

181 4667 242 4747 qui
266 4667 363 4737 duas
395 4664 599 4748 Imperatori
630 4668 686 4729 vel
717 4666 793 4729 Res
824 4665 990 4731 Goiamae
1022 4668 1170 4749 praesidi
1202 4687 1325 4730 nomen
1357 4670 1463 4739 daret,
1489 4671 1522 4731 in

181 4781 476 4865 Bagamedrinum
499 4800 643 4865 regnum
666 4795 778 4846 castra
802 4785 919 4854 movit,
944 4795 980 4846 ut
1009 4785 1057 4846 ibi
1089 4782 1164 4846 Ras
1194 4781 1328 4846 Emana
1359 4782 1522 4854 Christds,

181 4917 289 4960 unum
312 4916 360 4960 ex
383 4898 578 4971 coniuratis,
603 4899 668 4961 sibi
692 4900 902 4981 adiungeret.
929 4899 993 4961 Ille
1017 4910 1132 4963 tamen
1157 4900 1282 4971 verbis,
1299 4920 1401 4981 quam
1421 4898 1523 4962 factis

182 5013 384 5095 promptior,
410 5012 547 5095 longius
571 5015 604 5075 in
629 5013 780 5078 Amarae
803 5013 888 5077 fines
912 5016 1174 5097 dilapsus,·eum
1199 5016 1325 5086 docuit,
1349 5025 1521 5078 tantorum

183 5128 402 5212 negotiorum
427 5129 552 5191 molem
577 5130 619 5191 iis
641 5140 774 5193 tantum
797 5131 1014 5202 credendam,
1039 5131 1096 5213 qui
1121 5131 1219 5193 initio
1238 5131 1387 5202 valeant,
1404 5142 1437 5193 et
1462 5152 1522 5212 op-
