4066 6174
556 615 618 689 376
887 622 1163 673 Expaumoms
1186 622 1451 673 narmomcns
1474 623 1555 672 Ere.

555 771 803 835 Incarnationis
826 771 1036 855 rogantibus,
1060 770 1288 852 responderit:
1323 769 1388 833 Dei
1412 768 1519 833 filium
1549 771 1748 852 vespertino
1775 790 1893 852 crepu-

554 889 650 950 sculo
673 888 717 950 ad
743 885 920 970 Virginem
945 887 1171 960 descendisse,
1196 898 1230 950 et
1254 888 1288 949 in
1312 888 1388 968 ipso
1407 887 1591 949 conticinio
1615 887 1657 950 ad
1683 887 1819 949 coelum
1843 906 1895 948 re·

555 1005 698 1066 volasse.
722 1003 783 1066 Ab
807 1004 875 1066 alio
898 1005 1100 1086 quaesitum,
1124 1014 1208 1085 quot
1232 1014 1346 1066 essent
1368 1002 1546 1066 Trinitatis
1569 1021 1736 1085 personae
1752 1012 1799 1072 et,
1816 1022 1894 1065 cum

553 1129 622 1183 tres
645 1117 855 1191 affirmasset,
886 1120 1029 1182 ulterius
1060 1121 1104 1181 ab
1135 1139 1177 1182 eo
1209 1130 1367 1203 rogatum
1390 1138 1559 1202 quaenam
1583 1139 1628 1181 ex
1659 1118 1730 1181 illis
1753 1137 1895 1181 carnem

553 1238 790 1318 assumpserit;
807 1237 866 1318 qui
882 1236 1089 1298 Dioscorum
1105 1236 1290 1318 respondit.
1307 1235 1370 1299 Cui
1387 1234 1567 1298 catholici:
1584 1233 1706 1306 Recte,
1725 1236 1895 1315 inquiunt,

554 1352 687 1425 asseris,
711 1353 797 1414 duas
819 1362 957 1415 naturas
974 1351 1021 1415 ibi
1040 1373 1108 1416 non
1124 1354 1299 1425 extitisse;
1324 1352 1412 1415 adde
1436 1371 1499 1414 nec
1514 1352 1667 1413 divinam
1691 1370 1754 1413 nec
1773 1350 1894 1412 huma·

554 1487 643 1541 nam,
667 1470 806 1550 planum
831 1469 921 1531 enim
944 1478 995 1531 est
1019 1469 1223 1532 Dioscorum
1240 1470 1376 1551 penitus
1392 1469 1511 1531 divina
1534 1487 1596 1530 nec
1621 1468 1733 1530 minus
1760 1476 1894 1529 certum

553 1583 702 1646 humana
725 1586 883 1655 caruisse,
908 1585 993 1647 haec
1016 1586 1107 1647 enim
1131 1586 1166 1647 in
1190 1605 1231 1648 eo
1255 1595 1372 1648 vestro
1395 1585 1536 1647 doctore
1559 1585 1594 1647 in
1617 1583 1807 1647 belluinam
1836 1584 1895 1645 de·

555 1700 727 1782 migravit.

243 1820 352 1901 omne·
378 1818 526 1870 Luoinno·
645 1835 674 1894 3.
691 1812 892 1879 Sentiebant
908 1817 942 1888 ii,
959 1818 1017 1898 qui
1034 1817 1198 1880 catholici
1223 1814 1369 1888 fuerant,
1393 1814 1521 1880 Christi
1543 1817 1748 1900 sanguinem
1771 1813 1895 1878 confici

207 1905 269 2020 ᾖ
278 1890 529 2013 ἕᾞζζῗᾷἶζζ
556 1952 621 1994 non
639 1952 738 2014 posse
754 1933 789 1994 in
806 1952 894 2015 aqua
916 1952 980 1996 sex
1004 1934 1061 1995 vel
1085 1943 1217 2015 septem
1241 1933 1349 1996 acinis
1372 1953 1459 1996 uvae
1482 1952 1604 2015 passae
1631 1942 1816 2001 macerata,
1834 1932 1895 1993 sed

207 2031 324 2096 probati.
555 2046 589 2108 in
602 2067 751 2119 meraco;
768 2049 826 2130 qui
841 2068 976 2130 semper
991 2049 1161 2112 haeresim
1177 2045 1345 2121 foverant,
1362 2069 1407 2111 ex
1422 2049 1526 2131 pleno
1542 2048 1586 2110 ad
1602 2047 1767 2129 pristinos
1782 2065 1896 2109 mores

555 2163 761 2225 redeundum
778 2164 1039 2227 contendebant.
1057 2164 1177 2246 Magni
1192 2184 1294 2246 super
1309 2165 1374 2227 hac
1389 2165 1589 2246 quaestione
1605 2161 1700 2227 fuere
1715 2164 1894 2226 tumultus.

553 2276 733 2349 Convenit,
757 2288 793 2342 ut
817 2280 851 2342 id
875 2277 981 2350 fieret,
1005 2281 1097 2362 quod
1120 2289 1210 2342 esset
1242 2278 1479 2343 Alexandriae
1501 2280 1673 2344 usitatum.
1706 2277 1834 2341 Nullus
1861 2279 1895 2340 in

553 2403 673 2457 testem
698 2395 830 2457 doctior
853 2398 999 2459 occurrit
1021 2416 1124 2478 quam
1140 2393 1238 2457 faber
1253 2396 1420 2477 lignarius
1435 2396 1626 2479 aegyptius,
1642 2396 1700 2476 qui
1717 2394 1896 2457 consultus

554 2510 728 2590 respondit
743 2509 853 2573 solum
870 2512 903 2572 in
920 2530 1084 2594 expresso
1099 2531 1146 2574 ex
1163 2513 1239 2574 uvis
1255 2531 1357 2575 succo
1373 2509 1501 2575 Christi
1518 2512 1720 2595 sanguinem
1737 2510 1895 2573 Alexan-

553 2624 647 2686 driae
670 2627 871 2689 consecrari.
895 2626 1029 2690 Laetati
1052 2636 1130 2690 sunt
1153 2648 1194 2692 eo
1218 2626 1384 2712 suffragio
1408 2648 1509 2691 verae
1530 2629 1705 2710 opinionis
1728 2627 1893 2699 asseclae,

553 2740 613 2801 sed
637 2742 808 2803 contraria
831 2741 985 2815 invaluit,
1010 2763 1052 2807 ne
1076 2762 1213 2807 suorum
1238 2744 1406 2807 maiorum
1428 2744 1639 2807 consuetudo
1663 2743 1892 2813 damnaretur,

554 2865 611 2919 aut
635 2855 876 2920 Lusitanorum
895 2878 975 2922 usus
998 2861 1254 2941 approbaretur.

242 2979 307 3028 teon
332 2975 460 3027 nomini·
483 2976 528 3027 in·
643 2993 673 3051 4.
699 2973 758 3035 Ad
781 2983 911 3037 tantam
935 2977 1119 3058 caliginem
1141 2986 1177 3039 et
1200 2978 1324 3039 mentis
1347 2977 1608 3059 perversitatem
1632 2976 1831 3043 deventum,
1858 2984 1893 3036 ut

208 3047 320 3099 ’ΜΟ
337 3048 432 3099 '²⁰⁸⁸‘
554 3091 714 3169 quoniam
739 3089 892 3153 Lusitani
915 3100 949 3154 et
972 3092 1133 3154 catholici
1157 3094 1192 3154 in
1215 3092 1339 3173 quovis
1362 3092 1569 3163 discrimine,
1592 3091 1649 3153 vol
1672 3092 1779 3155 etiam
1795 3099 1894 3154 extra

555 3204 651 3277 illud,
675 3205 890 3269 sanctissimo
913 3205 993 3269 Iesu
1017 3209 1153 3270 nomine
1182 3210 1419 3290 pronunciato,
1451 3208 1606 3270 divinum
1636 3207 1808 3269 auxilium
1832 3206 1891 3268 im·

553 3318 699 3401 plorant,
723 3321 813 3402 apud
837 3341 874 3384 se
896 3324 1076 3385 statuerint
1098 3324 1318 3404 praeconium
1342 3324 1406 3385 sub
1429 3324 1552 3405 capitis
1567 3340 1680 3404 poena
1695 3323 1731 3384 in
1748 3341 1818 3393 eos,
1835 3321 1891 3402 qui

554 3434 639 3497 illud
663 3436 824 3517 deinceps
847 3437 1055 3509 invocarent,
1081 3439 1283 3501 iaciendum.
1307 3436 1354 3500 Et
1376 3437 1502 3520 *aliqui
1525 3439 1651 3520 reperti
1675 3437 1765 3500 adeo
1789 3439 1824 3500 in
1844 3435 1891 3499 fe-
1916 3441 1997 3501 titir-

553 3551 664 3613 rinam
684 3551 835 3613 indolem
851 3554 1040 3625 transmoti,
1057 3563 1093 3616 ut
1109 3574 1178 3625 eos,
1195 3555 1254 3636 qui
1270 3554 1356 3616 illud
1374 3555 1600 3625 nominarent,
1616 3553 1799 3616 venabulis
1814 3573 1890 3615 con·

552 3663 709 3740 fixerint3
733 3669 957 3750 eamdemque
981 3669 1228 3734 immanitatem
1243 3672 1460 3733 exercuerint
1475 3672 1510 3732 in
1526 3689 1660 3753 pueros,
1681 3675 1774 3751 quod
1793 3668 1890 3731 incir-

552 3782 721 3845 cumcisos
737 3791 921 3854 cernerent,
935 3785 1117 3848 hastilibus
1134 3787 1254 3849 vitalia
1271 3786 1556 3870 transadigentes,
1572 3796 1606 3849 et
1623 3788 1656 3848 in
1674 3787 1762 3848 duas
1777 3796 1890 3867 partes

243 3903 390 3955 Generalis
407 3902 526 3954 eircum-
553 3897 771 3961 dissecantes.
787 3897 834 3960 Et
848 3901 1069 3980 praeconium
1084 3901 1257 3982 generalis
1269 3901 1485 3964 circumcisio
1496 3903 1645 3983 excepit,
1662 3911 1699 3963 ut
1711 3900 1890 3963 Romanae

207 3976 278 4026 ‘¹⁸³⁰
296 3977 453 4027 ’‘mm'‘
552 4010 642 4085 fidei,
666 4033 769 4095 quam
792 4012 940 4095 professi
963 4013 1107 4087 fuerant,
1130 4020 1344 4098 praeputium
1368 4028 1402 4080 et
1426 4018 1657 4099 opprobrium,
1682 4026 1718 4080 ut
1743 4019 1811 4099 ipsi
1833 4037 1890 4098 Pu·

551 4130 679 4201 tabant,
715 4130 898 4192 tolleretur.
934 4128 997 4193 Cui
1029 4132 1184 4195 additum
1214 4135 1401 4196 secundum
1432 4135 1614 4215 baptisma,
1645 4135 1687 4197 ad
1720 4134 1890 4196 tollendas

553 4246 683 4315 sordes,
706 4266 793 4328 quae
817 4248 852 4308 in
875 4256 988 4309 rectae
1010 4245 1091 4310 fidei
1114 4251 1331 4330 susceptione
1354 4250 1452 4312 iuxta
1481 4251 1668 4313 eomndem
1695 4250 1888 4332 opinionem

553 4359 687 4424 fuerant
711 4372 913 4425 contractae.
940 4361 1085 4426 Etcum
1109 4374 1287 4446 peccatum
1312 4366 1489 4448 originale,
1513 4368 1606 4448 quod
1629 4367 1807 4448 baptismo
1836 4367 1889 4427 de·

554 4478 649 4549 letur,
674 4479 903 4559 poenitentiae
926 4479 1082 4541 clavibus
1105 4500 1172 4543 non
1198 4480 1383 4552 subiaceat,
1408 4483 1500 4545 docti
1524 4482 1576 4545 illi
1599 4481 1759 4545 monachi
1784 4483 1888 4545 solum

554 4592 640 4655 illud
664 4603 843 4674 susceptae
874 4592 1055 4657 Romanae
1078 4593 1158 4658 fidei
1189 4605 1379 4677 peccatum,
1410 4598 1502 4679 quod
1536 4598 1686 4661 secundo
1721 4598 1889 4680 baptismo

553 4708 733 4772 eluendum
756 4712 950 4781 censebant,
975 4711 1019 4773 ad
1043 4709 1306 4785 confessionem,
1329 4713 1471 4795 reliquis
1497 4714 1645 4781 omissis,
1669 4711 1888 4777 deferendum

554 4825 813 4905 praedicabant-3
838 4826 898 4888 sed
922 4823 1025 4888 facile
1050 4827 1190 4897 aboleri,
1215 4830 1243 4890 si
1260 4830 1336 4909 quis
1351 4830 1490 4910 saepius
1507 4828 1653 4892 diceret:
1671 4829 1798 4894 Kedus
1814 4830 1888 4893 Dio·

553 4960 680 5013 scoros
706 4939 825 5003 Raetis
848 4941 953 5014 Leon,
979 4944 1012 5004 id
1036 4953 1099 5014 est,
1123 4953 1261 5006 sanctus
1284 4943 1479 5013 Dioscorus,
1509 4944 1703 5007 immundus
1734 4945 1825 5018 Leo;
1848 4964 1886 5007 ex

553 5057 642 5127 odio,
660 5076 727 5138 quo
743 5058 778 5118 in
794 5078 871 5120 eum
895 5067 1050 5121 sanctum
1073 5057 1275 5121 Pontificem
1296 5060 1530 5132 incenduntur,
1546 5061 1636 5142 quod
1654 5072 1777 5123 auctor
1792 5060 1887 5124 fuerit

553 5172 688 5234 concilii
713 5171 1010 5245 Chalcedonensis,
1036 5176 1069 5235 in
1093 5194 1161 5255 quo
1185 5176 1324 5238 coelesti
1349 5195 1410 5237 sua
1433 5176 1581 5258 epistola
1603 5186 1637 5240 et
1652 5188 1885 5242 sexcentorum
