4166 6182
524 524 542 581 8
858 532 1133 582 EXPEDITIONIS
1156 532 1416 584 AETHIOPICAE
1439 534 1520 583 ETC.

524 697 774 776 protectorem
812 699 849 756 et
887 681 953 754 tibi
982 707 1021 754 se
1050 707 1134 754 cum
1168 707 1236 755 suo
1275 682 1490 755 Patriarcha
1526 682 1646 765 exule,
1686 679 1853 775 spoliato,

523 832 673 889 etcum
703 817 775 889 hoc
803 816 942 899 libello,
981 830 1037 888 tot
1071 815 1361 913 grassationum,
1394 815 1566 888 caedium
1599 828 1638 886 et
1669 837 1856 886 aerumna·

524 977 604 1023 rum
647 965 753 1033 teste,
791 948 1002 1022 committit.
1041 949 1081 1021 Si
1121 948 1193 1021 tuis
1230 947 1292 1021 ille
1330 949 1450 1022 oculis
1491 963 1528 1021 et
1564 948 1682 1019 tutela
1723 945 1857 1041 dignus

523 1110 598 1157 non
627 1100 695 1167 est,
726 1082 844 1179 ipsius
877 1085 1077 1179 suppleant
1104 1082 1368 1179 indignitatem
1402 1108 1467 1156 sex
1494 1079 1684 1177 gloriosae
1713 1095 1853 1151 tuorum

522 1217 682 1290 filiorum
712 1231 749 1291 et
777 1217 894 1313 ipsius
922 1216 1108 1290 sociorum
1138 1241 1310 1301 coronae,
1342 1217 1379 1288 in
1399 1241 1493 1311 quas
1513 1214 1692 1297 incurres
1718 1228 1756 1286 et
1780 1236 1855 1306 sep-

522 1352 624 1436 tima,
644 1353 712 1424 sed
732 1377 819 1424 vere
838 1352 1057 1435 decumana,
1079 1350 1239 1423 Nicaeni
1257 1348 1439 1445 episcopi,
1460 1348 1661 1422 Societatis
1684 1346 1855 1420 uberibus

521 1500 558 1556 et
586 1486 681 1558 lacte
705 1484 868 1569 enutriti,
889 1509 935 1557 ex
956 1484 1149 1579 praecelsa
1168 1486 1311 1567 arbore,
1332 1484 1434 1577 quod
1456 1498 1622 1555 maturus
1641 1480 1742 1553 illius
1761 1493 1854 1552 esset

521 1618 672 1701 fructuS,
704 1617 889 1713 suspensi,
919 1633 970 1701 ut,
987 1618 1051 1711 qui
1079 1632 1179 1690 totus
1207 1618 1313 1690 caelo
1337 1618 1554 1700 debebatur,
1577 1616 1684 1688 caelo
1704 1612 1859 1709 propior

519 1767 556 1824 et
576 1753 706 1847 procul
725 1777 748 1824 a
767 1767 875 1835 terra,
896 1775 1006 1845 equa
1025 1749 1118 1823 nihil
1138 1752 1371 1846 corruptelae
1391 1765 1551 1833 suxerat,
1568 1748 1702 1821 obiret.
1729 1748 1861 1818 Plures

519 1885 614 1958 alios
643 1884 775 1958 obvios
804 1883 972 1968 habebiS,
1007 1908 1102 1978 quos
1135 1908 1219 1979 egn,
1254 1909 1320 1957 seu
1353 1882 1548 1956 laborandi
1582 1880 1761 1964 studium,
1792 1905 1860 1952 seu

519 2018 711 2091 charitatis
726 2019 912 2101 ardorem,
928 2042 994 2091 seu
1013 2016 1223 2090 animorum
1244 2017 1547 2090 coniunctionem
1564 2014 1860 2097 considerarem,

518 2151 762 2224 lectissimum
801 2176 950 2247 semper
982 2151 1095 2223 habui
1120 2150 1319 2224 Societatis
1347 2150 1580 2234 fasciculum,
1614 2174 1662 2221 ex
1695 2147 1861 2219 maxime

518 2284 717 2357 odoriferis
745 2284 913 2357 omnium
942 2285 1118 2357 virtutum
1149 2282 1302 2357 floribus
1330 2283 1606 2367 concinnatum,
1638 2283 1704 2378 qui
1734 2282 1771 2354 in
1802 2283 1860 2352 ln-

518 2417 619 2490 diam
648 2415 922 2512 persecutionis
941 2417 1088 2489 turbine
1107 2416 1297 2501 disiectus
1313 2419 1499 2502 eamdem,
1520 2430 1561 2489 ut
1584 2416 1697 2489 Nilus
1717 2415 1860 2488 aethio-

518 2549 625 2646 picus
641 2552 872 2646 Aegyptum
889 2550 1059 2623 consevit
1077 2566 1114 2622 et
1133 2551 1385 2646 locupletavit.
1403 2551 1460 2622 Ex
1480 2550 1545 2623 illo
1565 2549 1666 2622 enim
1683 2548 1859 2644 disperso

517 2708 613 2755 unus
642 2708 816 2777 egressus
844 2700 901 2756 est
929 2683 1084 2756 Goanae
1113 2683 1341 2778 provinciae,
1371 2685 1464 2755 alter
1492 2683 1649 2756 Goanae
1677 2698 1715 2755 et
1739 2682 1858 2754 Mala·

516 2817 666 2889 baricae
686 2816 845 2889 diversis
873 2815 1042 2889 trienniis
1066 2818 1298 2899 moderator;
1325 2833 1361 2890 et
1381 2817 1527 2889 illorum
1549 2818 1643 2889 alter
1661 2814 1858 2909 utriusque

516 2951 627 3023 simul
655 2950 827 3023 visitator
854 2965 891 3022 et
919 2953 1051 3021 iterum
1081 2951 1129 3021 ad
1158 2950 1257 3021 idem
1288 2975 1422 3023 munus
1450 2966 1538 3045 post
1557 2965 1717 3022 mortem
1739 2948 1859 3021 nomi·

517 3099 645 3167 natus;
676 3083 828 3178 quidam
859 3083 896 3155 in
925 3082 1076 3157 schedis
1104 3083 1350 3157 Provincialis
1374 3083 1606 3179 designatus
1637 3085 1705 3157 sed
1735 3096 1858 3155 morte

515 3215 731 3311 impeditus.
762 3217 810 3289 Et
838 3217 963 3311 plures
991 3231 1127 3301 essent,
1158 3217 1229 3289 nisi
1259 3218 1433 3302 charitas
1463 3244 1561 3313 quae
1590 3219 1627 3291 in
1648 3217 1859 3311 Aethiopia

515 3351 709 3443 flagrabat,
749 3350 941 3443 paululum
985 3348 1021 3421 in
1061 3350 1168 3422 India
1209 3366 1427 3445 tepesceret.
1459 3353 1662 3424 Recto*res
1700 3351 1857 3447 collegii
1882 3355 1928 3412 ts.

515 3481 639 3555 Goani
668 3495 705 3553 et
733 3481 902 3566 aliorum,
933 3499 970 3555 et
998 3483 1194 3556 Professae
1222 3484 1357 3556 domus
1385 3485 1591 3581 praepositi
1622 3512 1697 3559 non
1728 3486 1856 3581 pauci,

514 3616 565 3688 ita
593 3631 634 3687 ut
653 3614 854 3687 universim
878 3614 1006 3687 missio
1025 3615 1251 3711 Aethiopica
1270 3618 1477 3691 consularis
1497 3620 1697 3692 haberetur
1716 3635 1754 3693 et
1780 3645 1858 3692 ma-

512 3749 736 3845 gistratuum
771 3746 1080 3842 promptuarium.

603 3880 731 3961 Multis
766 3906 824 3952 me
854 3880 961 3953 noxis
995 3881 1202 3953 involutum
1235 3908 1440 3969 cernerem,
1464 3885 1547 3970 nisi,
1579 3885 1616 3957 in
1652 3887 1860 3960 licentioso

512 4028 549 4086 et
577 4015 625 4086 ab
645 4012 840 4085 hominum
869 4015 988 4087 oculis
1016 4017 1169 4088 reducto
1185 4017 1279 4104 solo,
1296 4033 1376 4090 tam
1395 4019 1668 4095 continentium
1691 4038 1729 4094 et
1748 4046 1861 4116 prae-

512 4159 707 4219 cautorum
738 4164 884 4241 patrum
914 4164 1045 4220 senatu
1073 4150 1255 4245 cingerer,
1286 4176 1443 4244 quorum
1473 4172 1651 4249 aspectus
1680 4172 1718 4230 et
1747 4184 1862 4254 prae-

511 4278 632 4352 sentia
662 4279 752 4351 mihi
786 4305 936 4375 semper
973 4283 1153 4375 pudorem
1183 4301 1220 4356 et
1254 4285 1326 4356 mei
1364 4286 1645 4382 displicentiam
1684 4307 1723 4365 et
1761 4319 1864 4390 erga

510 4413 615 4507 ipsos
634 4413 880 4529 reverentiam
902 4413 1106 4508 ingerebat.
1128 4416 1264 4507 Quare,
1285 4420 1317 4492 si
1337 4420 1427 4514 quid
1452 4420 1489 4492 in
1510 4424 1720 4521 Aethiopia
1740 4429 1864 4501 laude

511 4545 669 4640 dignum
699 4546 811 4641 gessi,
833 4549 881 4618 ab
910 4547 1057 4619 illorum
1086 4553 1270 4646 exemplo,
1292 4552 1489 4629 virtutibus
1518 4574 1557 4630 et
1582 4559 1738 4634 monitis
1768 4589 1864 4658 pro·

510 4677 634 4750 cessit.
665 4679 747 4750 Nec
767 4679 888 4750 habeo
917 4680 1120 4775 quidquam
1150 4685 1339 4778 potentius
1367 4690 1468 4781 quod
1498 4715 1606 4763 meae
1635 4692 1862 4768 defensioni

509 4811 726 4893 obtendam,
757 4836 869 4903 quam
899 4814 1000 4905 quod
1028 4839 1176 4909 semper
1204 4817 1351 4891 illorum
1380 4823 1572 4897 consortio
1605 4826 1743 4900 fuerim
1775 4855 1862 4901 mu-

509 4942 609 5014 nitus
638 4957 675 5012 et
703 4943 862 5015 consilia
889 4961 1048 5029 secutus
1079 4972 1148 5020 nec
1182 4974 1360 5045 umquam
1389 4958 1437 5028 ab
1470 4981 1599 5028 eorum
1632 4959 1785 5053 placitis
1815 4971 1861 5035 et

509 5073 662 5147 nutibus
691 5074 727 5146 in
758 5074 857 5147 illius
886 5076 1066 5150 ecclesiae
1104 5081 1426 5161 administratione
1455 5090 1710 5167 discesserim.
1738 5092 1855 5185 Quod
