4066 6184
680 2229 867 2306 CAPUT
895 2232 1004 2305 XIV.

420 2522 687 2618 Imperatoris
715 2545 816 2619 erga
842 2525 930 2598 Ras
956 2525 1053 2602 Sela
1081 2524 1269 2601 Christus

282 2654 423 2730 aversi
451 2655 583 2729 animi
610 2657 863 2733 offensiones
891 2658 943 2732 ab
971 2659 1145 2734 aemulis
1164 2659 1399 2740 instinctae.

265 3026 291 3067 1.
317 3004 371 3068 Ea
394 3024 506 3068 rerum
528 3005 753 3069 humanarum
776 3017 829 3069 est
852 3007 949 3069 labes
972 3015 1018 3080 ut,
1043 3026 1120 3070 cum
1144 3007 1189 3069 ad
1213 3026 1382 3069 summum
1406 3009 1507 3070 verti·
1570 3015 1636 3064 Res
1677 3016 1852 3064 humanae

36 3126 52 3173 t.
70 3138 128 3178 122.
170 3141 257 3195 cem,
282 3119 528 3204 *pervenerint
553 3142 574 3185 a
595 3142 663 3204 quo
686 3122 789 3186 altius
805 3123 988 3186 ascendere
1004 3142 1072 3185 non
1087 3124 1230 3205 possint,
1247 3124 1422 3205 propiores
1439 3122 1507 3188 sint
1534 3085 1854 3221 ffimssoffifflff'

169 3238 290 3301 ruinae
313 3238 392 3300 illas
415 3239 596 3321 congenita
624 3248 764 3302 naturae
794 3240 945 3321 ipsarum
970 3237 1167 3321 infirmitate
1189 3238 1245 3323 (ad
1268 3258 1370 3320 quam
1394 3236 1507 3302 facilis

169 3372 304 3435 semper
327 3372 503 3437 regressus
526 3364 562 3416 ut
579 3373 741 3417 ascensus
758 3355 928 3418 violentus
944 3374 983 3417 ac
1000 3355 1144 3436 proinde
1159 3353 1299 3418 minime
1319 3354 1508 3439 diuturnus)

169 3470 205 3531 in
228 3466 400 3532 infirmum
423 3489 464 3532 ac
487 3470 636 3532 natalem
661 3470 774 3533 locum
798 3471 962 3533 trahente.
987 3469 1146 3534 Vidimus
1169 3469 1333 3534 haetenus
1363 3468 1506 3532 catholi-

169 3603 244 3647 cam
268 3584 472 3665 religionem
497 3593 530 3647 et
553 3583 773 3647 Patriarchae
807 3587 1044 3648 auctoritatem
1077 3585 1120 3647 ad
1150 3604 1344 3666 supremum
1375 3583 1506 3668 gloriae

169 3708 203 3762 et
226 3700 496 3763 existimationis
518 3700 651 3781 apicem
673 3711 869 3782 provectas;
896 3700 1058 3782 deinceps
1074 3700 1267 3763 videbimus
1283 3701 1430 3782 primum
1446 3721 1507 3764 nu·

168 3823 293 3887 tantes,
317 3834 401 3877 mox
424 3816 608 3878 convulsas
623 3825 657 3879 et
672 3818 811 3880 tandem
827 3817 903 3880 solo
918 3826 1132 3899 coaequatas.
1150 3815 1190 3878 In
1210 3817 1393 3898 praecipua
1407 3816 1507 3879 huius

168 3927 316 3994 aedificii
340 3929 555 3995 firmamenta
578 3931 824 4021 Imperatorem
848 3942 881 3995 et
913 3930 1052 3994 fratrem
1076 3931 1182 4014 ipsius
1206 3931 1283 3995 Ras
1306 3928 1387 3995 Seli
1410 3929 1506 3994 Chri·

167 4044 250 4119 stds,
274 4065 408 4109 summa
432 4046 596 4110 hactenus
619 4048 809 4110 animorum
832 4049 1068 4122 consensione,
1093 4049 1356 4131 conglutinatos,
1380 4049 1507 4110 mutuis

167 4162 422 4244 suspicionibus
456 4164 653 4236 turbandos,
688 4164 798 4246 prima
829 4164 882 4227 vis
916 4165 1017 4227 huius
1047 4164 1261 4244 tempestatis
1292 4162 1454 4235 incubuit,
1486 4183 1506 4226 a

167 4280 279 4342 tribus
301 4279 513 4361 typhonibus
535 4280 637 4343 valde
659 4280 884 4343 horribilibus
908 4281 1068 4343 excitata.

259 4415 289 4459 2.
313 4393 456 4456 Illorum
480 4395 611 4476 primus
634 4393 699 4458 fuit
723 4395 799 4459 Ras
822 4394 955 4458 Emana
978 4394 1133 4460 Christos
1155 4397 1306 4458 uterinus
1329 4404 1363 4457 et
1393 4397 1507 4458 senior
1569 4405 1625 4453 Rau
1642 4404 1751 4453 umam
1771 4401 1852 4452 curl-

168 4509 344 4592 utriusque
367 4506 481 4583 frater,
506 4520 643 4592 apertus
670 4520 789 4574 contra
814 4511 1061 4593 Imperatorem
1092 4530 1169 4573 cum
1200 4510 1288 4574 Iulio
1319 4511 1507 4593 perduellis
1533 4472 1738 4596 mm&
1756 4473 1812 4524 Μ

166 4635 199 4689 et
223 4625 384 4708 capitalis
406 4623 488 4689 Sela
511 4624 667 4689 Christos
689 4626 809 4699 hostis,
834 4628 879 4690 ob
902 4628 1024 4708 capitis
1048 4627 1251 4709 dignitatem
1268 4647 1289 4688 a
1305 4646 1341 4689 se
1358 4629 1392 4690 in
1409 4627 1505 4689 illum

165 4744 210 4806 ab
233 4741 444 4824 Imperatore
467 4743 678 4805 translatam.
702 4742 765 4806 Est
788 4744 879 4806 enim
903 4744 1046 4824 vulgare
1070 4744 1104 4805 in
1128 4741 1328 4824 Aethiopia,
1351 4753 1399 4809 ut,
1423 4762 1499 4805 cum

165 4860 243 4940 quis
265 4857 367 4921 alteri
391 4857 424 4919 in
448 4858 564 4940 aliquo
587 4878 726 4922 munere
742 4857 916 4933 sufficitur,
932 4860 1042 4922 hostis
1058 4860 1169 4922 eidem
1186 4868 1328 4931 creetur,
1345 4880 1387 4921 ne
1403 4859 1500 4941 quid-

165 4993 267 5056 quam
290 4974 403 5037 eidem
427 4973 561 5056 placeat
584 4985 618 5038 et
641 4975 726 5038 nihil
742 4995 810 5037 non
826 4976 1013 5038 damnetur.
1031 4972 1139 5056 Quem
1156 4994 1233 5037 cum
1249 4974 1353 5037 homo
1374 4974 1499 5037 nullius

166 5100 256 5153 esset
278 5090 414 5152 roboris
436 5099 472 5153 et
494 5091 627 5153 accisae
652 5090 786 5163 mentis,
819 5093 927 5152 maior
958 5089 1088 5152 invidia
1118 5092 1216 5174 (quae
1247 5099 1284 5152 ut
1314 5109 1501 5173 generosos

165 5206 297 5269 animos
321 5206 467 5288 ignorat,
491 5208 540 5268 sic
563 5208 764 5293 plerumque
789 5205 915 5269 insidet
940 5204 1093 5287 enerves)
1123 5205 1235 5268 acrius
1257 5205 1498 5269 instimulabat

244 5344 273 5388 C.
289 5344 399 5387 uicem.
413 5344 469 5386 Rer.
487 5345 555 5387 Aeta.
571 5346 662 5399 δαίμ.
677 5359 724 5388 occ.
738 5345 803 5387 i'ned.
820 5368 844 5376 -
862 5344 925 5387 vm.
1400 5357 1425 5398 33
