4066 6174
588 576 704 625 LIBER
728 577 767 635 11,
792 576 917 627 CAPUT
941 576 1056 625 xxxr.
1425 568 1488 643 365

153 717 307 784 tholicos
332 721 529 786 medullitus
545 742 620 787 esse
636 734 858 806 agnoverant,
875 724 1044 794 dicebant,
1069 724 1209 804 eosqui
1233 724 1429 787 Romanam
1453 722 1490 786 fi-

153 834 234 897 dem
245 836 374 899 sectari
385 837 525 912 vellent,
537 859 558 902 a
570 838 704 902 nemine
716 841 917 921 impeditum
934 859 996 903 nec
1009 837 1177 903 afflictum
1193 842 1253 912 iri;
1277 842 1344 904 sibi
1360 851 1493 904 tantum

153 968 256 1014 curae
280 972 357 1016 esse
380 954 497 1017 rudem
520 955 735 1037 plebeculam
751 965 843 1018 metu
859 955 1017 1031 liberare,
1033 976 1077 1018 ne
1091 975 1174 1038 prae
1188 957 1360 1020 desiderio
1381 956 1495 1020 avitae

152 1064 245 1141 fidei,
269 1087 361 1149 quae
382 1070 472 1133 ultro
495 1068 710 1143 efferebatur,
729 1073 773 1134 ad
788 1070 969 1134 Lastenses
985 1081 1205 1138 commearet.
1222 1071 1320 1154 Quae
1335 1073 1494 1154 deceptio

153 1201 222 1245 non
248 1182 285 1246 in
308 1186 436 1249 multos
459 1187 534 1250 dies
556 1198 609 1250 est
630 1196 823 1270 prorogata,
848 1207 925 1251 cum
949 1189 1046 1250 brevi
1063 1188 1244 1251 Romanae
1259 1187 1339 1251 fidei
1364 1186 1494 1270 profes-

153 1318 252 1362 sores
275 1312 394 1382 aperte
416 1312 495 1366 sunt
519 1302 721 1385 impugnati.

247 1435 277 1494 9.
303 1415 437 1480 Horum
461 1418 679 1482 consiliorum
703 1428 737 1482 et
757 1419 955 1483 technarum
978 1421 1023 1482 ab
1039 1421 1204 1501 spectatis
1227 1419 1406 1484 catholicis
1430 1419 1494 1483 Pa·
1551 1428 1720 1487 Patriacum,
1733 1429 1842 1492 episco-

152 1532 318 1605 triarcha,
335 1533 516 1617 episcopus
531 1545 566 1597 et
580 1543 696 1617 patres
719 1535 896 1608 admoniti,
916 1554 954 1598 re
977 1536 1072 1617 prius
1088 1535 1163 1598 Deo
1180 1536 1322 1598 summis
1337 1537 1495 1618 precibus
1521 1501 1841 1621 pptprfflcdr‘esmpmpe-

153 1649 396 1712 commendata
410 1648 656 1733 Imperatorem
672 1660 706 1714 et
727 1650 932 1734 Principem,
957 1652 1016 1732 qui
1040 1649 1131 1714 fores
1155 1650 1223 1714 iarn
1242 1672 1288 1715 ex
1304 1652 1495 1733 composito

152 1764 364 1828 obserabant
386 1775 421 1828 et
443 1763 603 1830 difficiles
626 1768 738 1830 aditus
753 1768 973 1849 praebebant,
991 1767 1085 1829 adire
1109 1768 1367 1847 constituerunt.
1383 1766 1495 1851 Igitur

152 1879 387 1953 Patriarchae,
410 1882 573 1964 episcopo
596 1891 630 1945 et
653 1884 802 1963 quinque
833 1883 989 1964 patribus
1015 1884 1127 1965 patuit
1157 1883 1334 1966 ingressus
1364 1882 1420 1945 die
1443 1883 1494 1944 vi·

152 1997 289 2078 gesima
313 1995 408 2070 iunii,
430 2017 507 2060 cum
531 1997 720 2079 Imperator
737 2016 849 2081 aeger,
874 2009 1024 2061 moestus
1048 2007 1082 2061 et
1098 1998 1301 2061 iniucundus
1323 1997 1413 2061 lecto
1436 1999 1494 2060 de·

152 2114 343 2176 cumberet.
375 2111 550 2177 Victoriae
581 2115 731 2177 lauream
761 2115 906 2196 primum
935 2114 1072 2196 gratati,
1105 2133 1190 2195 quas
1213 2113 1290 2176 Deo
1321 2114 1366 2176 ob
1397 2113 1493 2176 illam
1531 2154 1537 2167 ·

152 2227 286 2311 gratias
310 2229 450 2293 deberet
473 2232 507 2293 in
531 2230 732 2292 memoriam
747 2231 965 2293 reduxerunt.
990 2229 1076 2291 Mox
1094 2228 1302 2300 Patriarcha,
1326 2238 1405 2310 post
1421 2248 1493 2292 mo·

153 2344 271 2407 dicum
291 2344 475 2419 silentium,
496 2347 582 2409 tanti
604 2347 734 2429 negotii
754 2347 909 2429 iugulum
929 2364 1124 2428 aggressus
1144 2365 1185 2408 eo
1205 2347 1386 2407 verborum
1407 2364 1494 2426 pon·

152 2461 237 2523 dere
259 2470 294 2524 et
319 2462 388 2524 oris
410 2463 603 2534 severitate,
628 2480 730 2542 quam
755 2461 841 2524 illud
865 2461 1039 2543 exigebat,
1064 2462 1113 2524 sic
1136 2469 1188 2523 est
1212 2479 1367 2525 exorsus

250 2596 296 2637 10.
322 2574 508 2660 Principii),
532 2576 681 2641 maxime
703 2576 906 2661 Imperator,
928 2596 990 2639 nos
1011 2575 1152 2639 victores
1170 2574 1291 2661 fuisse
1317 2576 1493 2640 existima·
1550 2586 1724 2636 Patrinrcnae
1737 2587 1838 2637 ontio.

151 2691 237 2767 bam,
260 2712 353 2755 nunc
374 2696 485 2756 tamen
508 2691 609 2756 m'etos
636 2713 795 2757 essenon
818 2693 951 2756 obscure
972 2690 1187 2776 deprehendo.
1217 2691 1382 2774 Quamvis
1404 2691 1493 2756 enim

153 2806 292 2872 rebelles
322 2807 360 2872 V.
386 2807 585 2872 Maiestatis
606 2828 761 2873 coronam
779 2807 997 2893 potissimum
1020 2807 1197 2882 ambirent,
1220 2828 1294 2871 cam
1310 2807 1492 2871 contentio·

152 2944 229 2987 nem
252 2923 364 2987 avitae
378 2923 473 3006 fidei
496 2923 723 2989 restituendae
752 2925 937 2989 velamento
967 2922 1179 2998 obnubebant,
1210 2943 1310 3006 quam
1340 2922 1375 2987 si
1401 2943 1493 2987 nunc

144 3035 231 3125 fusi
250 3038 459 3111 instaurant,
483 3039 744 3124 haudquaquam
758 3039 915 3123 superati
925 3042 1016 3110 sunt,
1031 3037 1092 3102 scd
1102 3042 1318 3121 uiperarunt.
1335 3038 1437 3102 Sicut
1454 3040 1492 3101 in

147 3155 322 3239 proelium
347 3154 520 3242 ingressam
542 3159 673 3239 tempus
687 3154 772 3241 fuit
787 3154 1052 3239 promessionem
1068 3157 1101 3216 et
1114 3158 1266 3217 octonem
1289 3160 1491 3239 nuncupan-

152 3272 284 3346 dorum,
307 3271 355 3334 sic
377 3291 469 3334 nune
498 3277 575 3335 erat
602 3270 878 3335 exsoluendorum
908 3276 942 3335 et
965 3270 1223 3354 implendorum,
1247 3274 1289 3332 ut
1310 3269 1425 3334 Deum
1448 3269 1495 3334 ad

152 3387 310 3451 uterina
335 3387 494 3470 beneficia
509 3387 716 3473 corigerenda
731 3386 1019 3471 obstringcrcmus.
1038 3385 1111 3467 Qui
1121 3383 1259 3449 ardetur
1273 3384 1335 3448 bac
1349 3386 1491 3449 uictoria

153 3502 344 3586 nepcnorcs
372 3523 486 3566 omnes
515 3502 713 3588 obsignasse,
743 3507 778 3566 et
811 3503 849 3566 V.
880 3502 1099 3566 Maiestatem
1131 3501 1169 3563 in
1199 3500 1380 3564 catholicae
1401 3501 1495 3585 fidei

151 3616 393 3703 promovendae
430 3619 655 3683 neccessitatem
693 3617 863 3704 adegisse·
885 3617 983 3681 illam
1012 3616 1176 3701 n'quidcm
1206 3617 1268 3679 sub
1297 3617 1405 3703 ipsius
1438 3638 1488 3681 ae·

153 3734 242 3798 nollo
265 3740 299 3798 et
319 3733 558 3798 catholicorum
577 3734 671 3821 globo
694 3734 773 3819 (qui
791 3733 859 3797 soli
876 3754 953 3797 acre
975 3753 1066 3796 nunc
1088 3732 1158 3796 dcci
1172 3736 1318 3816 possunt
1337 3733 1490 3817 bellasse)

153 3849 370 3935 comparauit.
395 3850 468 3914 Nec
490 3850 569 3913 adeo
592 3855 675 3914 sunt
696 3850 824 3935 exigui,
849 3853 1016 3933 quantum
1047 3849 1084 3912 V.
1110 3848 1293 3911 Maiestati
1304 3845 1402 3934 salso
1428 3869 1488 3912 an·

21 3973 124 4034 t.172,v.
154 3967 349 4030 nuntietur.
366 3965 413 4029 Si
431 3986 508 4030 aero
518 3967 625 4050 pauci
637 3966 804 4037 videntur,
825 3966 903 4029 inde
924 3970 1046 4039 ortum,
1062 3965 1151 4049 quod
1162 3961 1234 4028 *cos
1248 3984 1269 4027 a
1285 3965 1379 4028 domo
1396 3964 1489 4049 regi'a

146 4081 299 4168 favores,
322 4087 364 4145 ut
384 4081 549 4145 columbas
571 4103 592 4144 a
614 4082 689 4145 suis
712 4082 818 4153 tectis,
842 4081 957 4144 thuris
976 4089 1009 4144 et
1028 4100 1179 4144 escarum
1197 4079 1313 4164 inopia
1329 4078 1487 4164 dispellit.

152 4197 199 4261 Si
217 4198 308 4261 enim
331 4217 385 4260 cos
408 4198 444 4260 V.
470 4197 636 4261 Maiestas
657 4217 717 4260 sico
741 4197 848 4261 lateri
867 4197 1091 4282 adiungeret,-
1112 4195 1203 4258 siin
1226 4215 1279 4258 cos
1302 4195 1490 4279 honorifica

153 4318 187 4377 ct
207 4312 368 4397 opulenta
391 4313 511 4375 munia
533 4313 714 4387 collocaret,
739 4313 810 4396 ipsi
829 4312 964 4401 uberius
991 4316 1217 4376 excrescerent
1245 4316 1279 4375 ct
1308 4311 1489 4395 imperium

153 4449 191 4491 oc
205 4426 300 4512 fides
322 4428 570 4514 effloresccrcnt.
594 4428 667 4490 Sed
686 4428 726 4491 ab
748 4428 964 4512 aliquantulo
994 4434 1139 4513 tentporc
1161 4428 1192 4491 ii
1219 4434 1290 4491 tam
1320 4427 1489 4491 diocesia

151 4545 250 4608 cumo
268 4543 448 4629 patentur,
471 4549 505 4607 ct
529 4548 698 4628 serpentes
728 4549 799 4606 tam
829 4544 925 4606 entra
955 4545 1068 4607 sonum
1098 4542 1228 4608 conditi
1247 4543 1425 4630 foventur,
1449 4549 1490 4606 ut

150 4659 250 4742 fcrr’a
272 4663 371 4723 sexta
395 4664 570 4723 transacto
593 4659 631 4721 in
654 4659 735 4722 aulo
759 4657 836 4722 leuz'c
853 4660 1017 4744 proxima
1039 4660 1212 4724 collectum
1235 4659 1283 4722 sit
1299 4658 1488 4734 concilium,

151 4776 189 4838 in
212 4795 278 4860 quo
301 4794 368 4837 nan
391 4775 431 4839 de
452 4773 629 4849 uiburbiis,
651 4775 712 4838 scd
730 4775 771 4838 a'e
803 4796 878 4838 arce
911 4775 1140 4861 expugnanda
1154 4799 1167 4843 ,·
1190 4794 1257 4837 non
1280 4774 1321 4836 de
1350 4773 1482 4846 ritibus,

149 4891 211 4955 sed
230 4888 271 4954 de
292 4887 519 4975 dogmatibus,-
542 4908 610 4952 non
633 4889 672 4954 de
687 4888 883 4976 frondibus,
899 4891 960 4954 scd
975 4892 1015 4954 de
1037 4890 1149 4953 securi
1168 4890 1217 4952 ad
1227 4886 1320 4971 fidei
1339 4889 1485 4953 redicem

150 5005 360 5070 admovenda
385 5006 620 5068 consultatum.
651 5004 724 5068 Nec
754 5006 860 5068 multo
885 5010 964 5089 post
985 5004 1141 5067 auctioni
1161 5002 1245 5089 snit
1273 5004 1426 5088 exposita
1454 5011 1488 5068 et

146 5119 387 5208 gregariorum
410 5119 544 5204 optioni
564 5119 704 5188 relicto:
727 5142 748 5182 a
772 5120 888 5203 quibus
925 5121 959 5182 si
982 5125 1176 5204 quaeratur,
1203 5141 1285 5182 niem
1310 5119 1485 5183 Christum
