4166 6182
755 620 808 667 nu
832 617 1038 667 LECTOREM
1525 622 1563 681 13

227 767 348 828 tientia
363 785 427 848 por
443 786 550 828 annos
566 767 784 850 septuaginta
799 775 833 829 et
848 786 952 828 unum
976 766 1193 848 possiderunt
1209 774 1242 827 et
1258 765 1412 827 veritatis
1428 782 1567 826 vomere

228 881 477 963 prosciderunt.
501 881 567 944 Tot
590 883 681 944 enim
704 880 835 944 fluxere
851 883 895 943 ab
911 901 1000 944 anno
1021 878 1149 943 Christi
1166 879 1350 942 millesimo
1366 879 1566 962 quingente-

229 999 315 1059 simo
336 998 623 1081 quinquagesimo
647 998 776 1078 quinto,
801 1017 869 1078 quo
892 996 1038 1079 primum
1064 1000 1098 1059 in
1123 995 1310 1076 Aethiopia
1336 1003 1566 1077 penetrarunt,

227 1133 335 1193 usque
353 1115 396 1175 ad
414 1114 635 1176 millesimum
651 1114 940 1176 sexcentesimum
955 1113 1160 1196 vigesimum
1177 1122 1324 1183 sextum,
1342 1130 1410 1191 quo
1429 1111 1568 1191 publica

229 1248 390 1292 romanae
406 1226 490 1292 Sedi
514 1231 709 1292 ohedientia
725 1239 777 1292 est
793 1229 979 1310 persoluta.
1003 1228 1090 1291 Eam
1115 1248 1198 1291 vero
1222 1228 1307 1290 tanti
1323 1225 1404 1290 fecit
1425 1228 1567 1289 sanctis·

229 1346 335 1407 simus
353 1347 463 1426 ipsius
476 1364 615 1426 praeses
631 1344 792 1408 Urbanus
803 1344 901 1416 VIII,
913 1354 951 1407 ut
966 1345 1001 1406 in
1014 1345 1123 1406 literis
1136 1345 1178 1406 ad
1196 1344 1435 1424 imperatorem
1448 1341 1567 1406 Seltan

231 1458 428 1541 Seguedum
447 1463 494 1523 ita
509 1461 700 1543 scripserit:
725 1461 812 1523 Nili
830 1460 991 1537 fluminis
1007 1460 1151 1544 impetus
1170 1459 1338 1541 laetificat
1351 1457 1409 1521 hoc
1424 1464 1569 1542 tempore

230 1576 398 1639 cenatotem
422 1576 496 1639 Dei
514 1581 549 1639 et
570 1598 614 1640 ex
636 1576 830 1640 uirentibus
852 1576 1053 1661 Aethiopiae
1075 1576 1202 1660 campis
1217 1579 1444 1659 exportantur
1459 1572 1505 1636 ad
1517 1594 1568 1637 re·

226 1692 319 1777 gram
343 1692 435 1754 beati
454 1692 557 1756 Petri
571 1692 719 1778 fructus
740 1692 842 1777 digeri
857 1691 1016 1755 couurm'is
1034 1692 1240 1778 augelorum.
1264 1690 1448 1754 Plantasti
1461 1690 1569 1774 plane

230 1808 332 1870 coelos
356 1810 394 1871 iu
419 1810 534 1893 reguis
557 1809 641 1871 estis.
667 1808 712 1871 Et
732 1810 766 1870 in
783 1810 852 1871 alia
869 1810 913 1871 ad
937 1808 1174 1871 Patriarcham
1192 1809 1351 1889 epistola:
1372 1805 1570 1892 Negotiatio

232 1923 442 2008 Aethiopiae,
456 1945 540 2008 quae
563 1925 686 1987 tandiu
703 1924 740 1987 iu
755 1925 845 1987 uiam
859 1924 1012 2011 garritum
1036 1922 1218 1995 aberrauit,
1227 1922 1331 2009 saeta
1347 1927 1398 1985 est
1416 1921 1474 1984 boe
1489 1925 1568 1984 teur-

225 2046 309 2124 pore
332 2040 515 2103 thesaurus
530 2040 697 2104 Ecclesiae
719 2045 753 2103 et
767 2041 933 2126 garritum
948 2040 1038 2103 coeli.
1056 2040 1201 2111 btarzo'a,
1219 2038 1325 2113 Deus,
1340 2037 1569 2113 virtututum,

230 2156 397 2239 confirma
420 2154 487 2227 boc,
512 2155 619 2227 Deus,
655 2153 743 2239 quood
768 2159 927 2240 operatus
949 2176 983 2219 es
1007 2154 1044 2216 iu
1063 2153 1200 2239 populis
1225 2152 1439 2238 Aethiopum.
1464 2152 1569 2234 Ergo,

231 2272 380 2352 supremi
405 2270 584 2335 Ecclesiae
607 2272 731 2336 iudicis
753 2272 950 2336 testimonio
974 2282 1008 2335 et
1031 2272 1225 2354 praeconio,
1249 2270 1379 2353 aliquid
1402 2279 1516 2332 actum
1536 2279 1571 2331 et

231 2400 365 2470 partum
391 2386 457 2451 fuit
481 2389 515 2450 in
539 2391 676 2471 populis
699 2389 921 2471 Aethiopum,
946 2388 1077 2471 aliquid
1097 2386 1289 2450 dulcedinis
1312 2407 1357 2448 ex
1376 2386 1448 2447 Nili
1473 2384 1570 2466 aquis

142 2549 147 2560 ,
197 2549 203 2563 .
230 2505 400 2568 haustum.
425 2503 463 2567 Si
481 2524 575 2577 vero,
592 2508 691 2568 iuxta
714 2505 986 2587 *Apocalipsim,
1002 2525 1109 2589 oqreoe
1122 2505 1345 2589 populisuut
1365 2507 1399 2566 et
1409 2506 1525 2588 gentes
1540 2505 1573 2564 et

233 2621 381 2706 liuguae,
400 2641 527 2704 magna
550 2624 698 2685 iudicata
722 2632 773 2685 est
796 2624 858 2685 illa
882 2624 1072 2695 conversio,
1090 2624 1132 2684 de
1148 2641 1216 2703 qua
1230 2618 1391 2684 Summus
1407 2617 1570 2681 Pontifex

232 2740 292 2800 ait:
308 2737 566 2822 Nilifluuu'nzs
582 2740 727 2822 impetus
740 2738 904 2821 laetificat
914 2737 972 2800 hoe
984 2742 1129 2821 tempore
1140 2736 1307 2799 ciuitatem
1320 2735 1398 2797 Dei.
1413 2734 1466 2796 Ibi
1480 2735 1570 2795 enim

233 2863 364 2916 tantum
389 2864 441 2916 est
465 2873 628 2936 aquarum
652 2857 809 2936 impetus
826 2855 884 2916 ubi
907 2855 1046 2916 illarum
1061 2854 1156 2915 visae
1169 2852 1242 2934 [sio]
1256 2851 1310 2936 (a),
1328 2863 1362 2914 et
1379 2852 1569 2921 multitudo

232 2979 268 3031 ut
284 2971 318 3030 in
336 2968 489 3031 Canticis
505 2972 733 3032 canticorum:
751 2970 879 3032 Puteus
894 2990 1061 3053 oqreorum
1076 2968 1262 3032 uiuentium
1278 2989 1362 3053 quae
1373 2969 1495 3048 flerunt
1508 2966 1570 3029 iur-

228 3089 310 3167 petu
327 3085 368 3148 o¹e
383 3084 521 3148 Libano.
535 3084 572 3147 Si
590 3088 777 3167 negotiatio
790 3085 1000 3167 Aethiopiae
1016 3083 1109 3148 facta
1124 3095 1176 3148 est
1191 3085 1256 3147 hoc
1270 3095 1421 3165 tempore
1437 3083 1571 3145 thesau-

233 3219 288 3263 rus
312 3200 492 3264 Ecclesiae
515 3212 549 3263 et
564 3203 727 3281 gaudium
748 3203 845 3273 coeli,
863 3220 1008 3284 magnae
1024 3204 1058 3263 in
1079 3203 1175 3263 illam
1199 3212 1233 3264 et
1249 3203 1338 3263 istud
1355 3202 1470 3263 illatae
1494 3210 1571 3260 sunt

233 3334 349 3399 gazae,
363 3337 441 3379 cum
465 3317 643 3379 thesaurus
666 3319 739 3380 sine
763 3318 894 3401 ingenti
918 3318 1115 3379 divitiarum
1137 3319 1297 3401 congerie
1313 3336 1380 3378 non
1397 3317 1571 3385 consistat,

233 3441 268 3494 et
295 3434 431 3495 coelum
457 3452 525 3494 non
548 3434 712 3495 mediocri
735 3436 888 3517 gentium
914 3436 1111 3496 accessione
1138 3434 1292 3495 ditescat.
1324 3433 1393 3493 Cur
1416 3432 1480 3494 Dei
1504 3433 1573 3492 rir-

233 3558 343 3609 tutem
368 3556 403 3609 et
427 3546 718 3610 confirmationem
737 3547 863 3612 Christi
880 3547 1040 3610 Vicarius
1057 3549 1213 3620 advocat,
1230 3550 1258 3609 si
1276 3548 1361 3610 nihil
1381 3556 1494 3609 actum
1510 3556 1571 3617 est,

233 3663 325 3743 quod
350 3660 559 3743 perficiatur,
582 3664 667 3726 nihil
698 3675 833 3745 partum
865 3665 956 3746 quod
988 3664 1224 3727 confirmetur?
1252 3661 1399 3727 Inferius
1422 3682 1504 3724 vero
1529 3664 1573 3725 ad

232 3778 335 3841 huius
359 3780 533 3841 missionis
556 3782 730 3861 operarios
754 3801 947 3853 conversus,
969 3782 1080 3844 addit:
1099 3778 1197 3862 Quod
1208 3801 1284 3844 nero
1299 3779 1426 3842 attinet
1439 3776 1573 3865 adsru-

233 3894 434 3957 ternitatem
451 3899 546 3957 tuam
561 3900 595 3957 et
604 3895 787 3960 sacerdotes
797 3897 830 3959 S
827 3897 977 3960 ocietatis
988 3897 1078 3971 lesu,
1095 3896 1294 3960 uenerabilis
1307 3894 1437 3982 frater,
1452 3895 1573 3958 troum-

227 4009 352 4093 phatis
376 4010 414 4073 iu
437 4009 659 4075 benedictione
681 4013 858 4097 apostolati
875 4018 1013 4076 serratus
1028 4018 1062 4076 et
1070 4013 1200 4096 plausu
1219 4013 1387 4096 Europae,
1405 4032 1463 4074 nea
1484 4010 1575 4074 vobis

230 4131 430 4188 corastauter
448 4128 738 4209 perseverantibus
760 4150 799 4191 ea
817 4129 972 4215 perfecti
990 4126 1116 4191 decoris
1140 4126 1330 4191 diademata
1347 4127 1384 4189 iu
1403 4126 1487 4189 coelo
1502 4126 1573 4189 dee-

232 4246 327 4315 runt,
346 4261 432 4324 qrcae
450 4242 633 4326 pollicetur
650 4243 870 4328 Omnipotens
887 4244 1170 4329 propagatoribus
1186 4244 1288 4330 regni
1299 4242 1454 4305 eoelestis.
1469 4242 1573 4305 Benc-

231 4353 379 4418 dicimus
398 4356 506 4419 sacris
521 4356 688 4420 laboribus
702 4360 824 4423 vestris
840 4359 894 4442 (r).
912 4360 986 4422 Nos
1003 4361 1107 4441 igitur
1122 4368 1371 4442 propagatores
1386 4379 1461 4420 esse
1477 4361 1575 4440 regni

231 4473 399 4535 coelestis
422 4476 527 4537 sentit
557 4473 665 4539 Sedes
695 4478 895 4558 apostolica,
920 4486 954 4539 et
977 4478 1107 4558 aliquid
1131 4498 1150 4539 a
1174 4476 1274 4539 nobis
1305 4477 1506 4547 laboratum,
1541 4483 1575 4537 et

233 4597 374 4651 nostros
398 4590 536 4653 labores
559 4611 620 4653 sua
642 4593 766 4675 dignos
789 4590 894 4655 fuisse
918 4592 1167 4654 benedictione.
1196 4590 1287 4672 Quid
1319 4594 1423 4675 igitur
1446 4610 1573 4662 eorum,

232 4706 292 4785 qui
311 4723 427 4767 rerum
444 4707 555 4788 ignari
572 4717 607 4770 et
623 4710 718 4772 arido
734 4719 812 4772 sunt
827 4709 1016 4781 stomacho
1033 4710 1218 4771 maledicta
1233 4710 1411 4771 curemus?
1428 4707 1575 4770 illaledi·

230 4826 310 4883 cent
322 4821 392 4891 illi,
405 4826 439 4885 et
452 4827 490 4886 tu
503 4823 678 4899 benedices,
692 4828 739 4888 ait
751 4827 865 4906 regius
877 4824 1075 4909 Psalteslzl.
1085 4824 1124 4887 In
1137 4844 1238 4906 quem
1252 4826 1364 4887 locum
1379 4827 1477 4888 divus
1492 4824 1575 4885 Am·

323 5102 362 5159 (α)
382 5098 504 5148 Proiecto
524 5098 660 5161 legendum
682 5118 694 5145 n
709 5101 778 5149 ritae
792 5120 815 5149 u.

323 5190 362 5247 (ι)
383 5186 442 5237 Lib.
464 5199 487 5243 2,
507 5202 564 5250 cap.
585 5199 626 5243 20,
646 5204 670 5240 rr.
690 5199 715 5250 3.
737 5216 768 5225 -
787 5192 824 5251 (2)
845 5190 943 5240 Psalm,
966 5187 1023 5245 108,
1043 5204 1068 5238 n.
1089 5185 1130 5237 23.
