4066 6174
553 586 615 663 358
884 593 1158 647 exesumoms
1180 592 1446 646 maroneae
1470 592 1551 645 are.

552 746 689 807 obsides
711 745 898 827 praemisit.
921 744 988 806 Tot
1003 756 1110 813 erant,
1126 746 1184 826 qui
1200 744 1265 806 boc
1288 744 1497 806 translatitio
1512 742 1654 805 humore
1676 743 1878 811 laborabant,

551 872 587 925 ut
609 862 768 924 credatur
783 862 945 924 maiorem
961 862 1134 923 exercitus
1149 871 1281 941 partem
1304 879 1346 922 eo
1363 856 1468 922 fuisse
1483 858 1645 941 contagio
1659 858 1877 940 purulentam

551 976 690 1039 Illorum
717 978 808 1039 enim
828 977 954 1058 plures,
971 976 1051 1039 licet
1066 994 1125 1039 ore
1141 996 1179 1039 se
1193 975 1383 1038 catholicos
1405 975 1567 1045 dicerent.
1591 975 1761 1037 haeresim
1784 974 1879 1035 corde

552 1091 725 1164 fovebant.
749 1104 783 1156 et
813 1093 848 1155 in
870 1091 936 1155 hoc
960 1103 1095 1175 tempus
1120 1092 1293 1154 conditam
1316 1096 1509 1160 servabant,
1534 1092 1878 1172 praeterquamquod

550 1209 628 1271 huic
651 1210 746 1291 genti
780 1210 933 1272 innatum
967 1220 1001 1271 et
1023 1227 1159 1290 semper
1182 1208 1215 1270 in
1240 1226 1353 1270 mores
1376 1207 1550 1269 inductum
1574 1204 1655 1269 fuit:
1691 1205 1799 1268 Vivat
1826 1209 1878 1288 qui

550 1324 686 1396 *vincit
710 1344 853 1408 cumque
876 1336 1057 1407 tyrannum
1082 1334 1289 1387 crescentem
1314 1333 1501 1395 cernerent,
1525 1332 1560 1386 et
1588 1319 1786 1406 Seguedum
1804 1319 1878 1385 defi·
1901 1327 1969 1385 tue

550 1441 708 1513 cientem,
732 1443 896 1504 orientem
920 1440 1027 1504 solem
1051 1460 1152 1523 quam
1177 1441 1357 1503 cadentem
1380 1440 1493 1502 colere
1515 1440 1699 1502 malebant.

640 1576 668 1636 3.
693 1553 907 1637 Quamquam
930 1558 1055 1619 iustum
1086 1556 1151 1619 hoc
1176 1553 1280 1618 fuisse
1303 1564 1441 1636 putetur
1470 1554 1539 1617 Dei
1569 1556 1603 1617 in
1639 1554 1879 1636 Imperatorem

549 1669 615 1734 fide
639 1671 705 1735 iam
729 1681 972 1754 tepescentem,
1001 1680 1036 1734 et
1066 1671 1243 1753 superiora
1271 1671 1454 1752 praeconia
1484 1672 1519 1732 in
1545 1670 1640 1732 illius
1662 1671 1878 1753 opprobrium

548 1789 810 1869 permittentem,
834 1787 1048 1870 supplicium,
1073 1796 1208 1868 praeter
1234 1786 1302 1848 alia
1326 1786 1478 1848 libidinis
1500 1783 1643 1868 flagitia,
1667 1806 1755 1868 quae
1779 1785 1879 1867 ipsius

548 1912 583 1964 et
606 1902 791 1967 liberorum
815 1903 935 1965 domos
957 1902 1094 1985 publice
1117 1913 1151 1965 et
1175 1903 1311 1983 impune
1343 1903 1565 1973 incestabant,
1596 1903 1669 1984 ipse
1698 1911 1822 1972 tamen,
1845 1911 1879 1962 ut

548 2038 671 2085 causae
695 2038 775 2081 suae
799 2020 961 2081 iustitiam
985 2015 1203 2101 patefaceret,
1226 2028 1263 2080 ut
1285 2018 1450 2101 prodigus
1471 2028 1524 2080 est
1543 2018 1756 2091 clementiae,
1772 2016 1878 2099 impe

548 2144 694 2197 ratorem
719 2154 785 2197 non
809 2135 926 2196 iudicii
950 2135 1060 2217 virga,
1083 2134 1145 2197 sed
1167 2143 1308 2215 paterna
1331 2153 1432 2196 manu
1455 2135 1576 2216 punire
1599 2134 1795 2205 constituit;
1821 2153 1879 2196 nec

549 2250 716 2321 deserere,
728 2251 788 2313 sed
801 2251 946 2322 erudire,
962 2251 1113 2313 laborem
1129 2249 1226 2312 illum
1243 2250 1438 2331 respiciens,
1452 2268 1551 2331 quem
1569 2249 1692 2331 ipsein
1709 2247 1776 2312 fide
1788 2249 1878 2332 plan·

548 2367 652 2429 tanda
675 2376 708 2427 et
731 2366 955 2449 propaganda
977 2366 1217 2435 collocaverat,
1241 2367 1415 2446 talemque
1438 2364 1617 2428 victoriam
1645 2365 1774 2448 largiri,
1800 2384 1878 2448 qua-

549 2483 615 2544 lem
633 2500 818 2563 nunquam,
832 2482 953 2544 eodem
971 2492 1069 2553 teste,
1085 2490 1331 2563 reportaverat.
1353 2477 1454 2561 Quod
1469 2480 1536 2543 hoc
1550 2481 1618 2544 ritu
1632 2482 1816 2544 ordinavit.

637 2619 667 2675 4.
692 2596 823 2661 Lumen
846 2600 880 2660 in
905 2599 998 2660 illius
1021 2608 1166 2661 mentem
1192 2598 1325 2669 indidit,
1348 2616 1416 2679 quo
1439 2608 1615 2661 assecutus
1636 2608 1689 2660 est
1712 2598 1835 2660 erroris
1860 2618 1878 2658 a
2008 2672 2009 2679 ἵ

548 2734 585 2777 se
608 2714 748 2777 admissi
773 2715 807 2776 in
831 2714 1030 2777 deserendis
1052 2714 1218 2776 montium
1242 2711 1392 2796 fastigiis
1412 2710 1682 2786 deformitatem;
1708 2713 1878 2794 inquibus
2008 2726 2009 2793 l

548 2840 584 2893 ut
607 2831 724 2913 plures
746 2831 962 2912 scopulorum
987 2849 1165 2893 mucrones
1187 2831 1398 2903 attollantur,
1422 2850 1489 2892 non
1514 2850 1643 2912 paucae
1665 2831 1878 2912 expatiantur

546 2946 716 3030 planities,
740 2966 901 3028 equorum
927 2946 1146 3018 discursibus,
1169 2965 1310 3027 quorum
1336 2966 1474 3010 numero
1497 2957 1531 3009 et
1548 2945 1756 3028 praestantia
1779 2946 1877 3027 longe

546 3062 785 3135 antecellebat,
834 3062 1107 3144 percommodae,
1145 3062 1315 3144 simulque
1352 3072 1389 3126 ut
1428 3064 1638 3144 perspiceret
1671 3063 1875 3144 superiorem

547 3178 642 3240 illam
665 3188 759 3241 recta
781 3188 816 3241 et
839 3178 1001 3260 expedite
1027 3178 1238 3241 Dancazium
1267 3179 1400 3250 ducere,
1424 3179 1517 3259 quod
1546 3178 1576 3242 si
1603 3188 1770 3260 tyrannus
1793 3179 1875 3240 obti-

547 3304 648 3367 neret,
673 3294 715 3356 de
739 3313 776 3357 se
799 3303 834 3356 et
857 3293 1001 3376 imperio
1017 3294 1276 3358 conclamatum.
1294 3293 1418 3358 Robur
1437 3304 1614 3376 praeterea
1637 3295 1821 3376 impressit,
1837 3312 1875 3354 ne

545 3429 621 3473 cum
645 3431 686 3472 eo
710 3412 745 3473 in
768 3412 876 3473 aciem
901 3411 1107 3474 descendere
1130 3420 1312 3473 vereretur.
1344 3408 1443 3492 Quod
1468 3431 1544 3473 cum
1568 3410 1683 3473 animo
1706 3412 1777 3474 alte
1800 3407 1875 3473 defi·

546 3528 663 3598 xisset,
690 3524 843 3588 inferiori
866 3523 1018 3589 Enfrazii
1040 3529 1098 3589 via
1121 3547 1181 3609 per
1203 3526 1401 3590 Dambaeae
1424 3527 1529 3609 plana
1552 3536 1743 3590 retroactus
1765 3536 1801 3590 et
1815 3526 1874 3589 Pa·

544 3642 715 3704 triarchae
738 3642 840 3704 domo
864 3642 907 3704 ad
924 3641 1091 3705 orientem
1107 3642 1150 3705 ad
1167 3644 1344 3706 dexteram
1361 3652 1397 3705 et
1424 3661 1506 3706 mox
1522 3644 1557 3705 in
1574 3653 1726 3706 austrum
1742 3641 1873 3712 omissa,

545 3758 665 3820 eodem
689 3768 799 3839 portu,
824 3759 911 3820 inter
935 3758 1077 3821 duorum
1102 3759 1266 3821 montium
1291 3759 1507 3821 devexitates
1539 3755 1677 3821 facilem
1701 3777 1872 3822 ascensum

545 3874 739 3955 praebente,
763 3892 830 3955 quc
854 3874 937 3935 olim
954 3870 1092 3936 Granha
1114 3874 1228 3945 subiit,
1253 3893 1330 3936 cum
1354 3893 1473 3937 caesus
1488 3882 1541 3937 est
1560 3894 1581 3937 a
1596 3872 1773 3937 Lusitanis
1795 3874 1872 3936 etin

547 3987 628 4051 facti
653 3989 851 4051 memoriam
874 4009 963 4052 nunc
987 3988 1188 4053 Granbaber
1211 3990 1345 4063 dicitur,
1377 3991 1410 4053 in
1436 3991 1582 4053 celsiora
1609 3992 1731 4052 iterum
1759 3990 1871 4059 evasit,

545 4113 579 4166 et
602 4105 752 4167 medium
776 4124 814 4167 se
837 4124 1024 4186 opponens,
1051 4105 1143 4168 hosti
1167 4105 1374 4168 Dancazium
1406 4106 1651 4189 progrediendi
1680 4102 1871 4169 facultatem

545 4219 727 4282 intercidit.

233 4344 413 4407 Imperatoris
440 4358 517 4394 exer·
635 4354 664 4413 5.
689 4334 821 4398 Eodem
845 4346 998 4417 tempore
1028 4334 1116 4398 Libd
1147 4346 1279 4399 montes
1310 4345 1475 4419 tyrannus
1506 4349 1744 4420 occupaverat,
1768 4347 1802 4399 et
1822 4356 1871 4399 su·

196 4416 518 4551 ffissffiffi'zdss
545 4451 642 4513 blimi
678 4462 780 4533 atque
815 4452 985 4533 aequabili
1016 4449 1240 4534 Oinadeguae
1270 4452 1374 4514 dorso
1409 4451 1618 4515 Dancazium
1652 4454 1809 4534 petebat:
1842 4462 1871 4514 et

195 4558 301 4608 ΜΝ·
545 4586 622 4629 cum
647 4567 744 4630 multi
768 4568 812 4630 ad
835 4586 912 4630 eum
928 4588 973 4629 ex
997 4566 1119 4629 vicinis
1135 4568 1271 4649 oppidis
1294 4568 1407 4631 vicani
1423 4565 1679 4639 confluxissent,
1695 4570 1872 4650 sexaginta

543 4702 631 4765 pene
654 4682 811 4745 cohortes
834 4684 1008 4755 educebat,
1033 4684 1066 4744 in
1090 4684 1214 4765 quibus
1236 4683 1325 4746 ultra
1347 4682 1472 4766 viginti
1494 4683 1644 4765 quinque
1672 4684 1782 4746 millia
1804 4701 1870 4745 cor·

544 4818 664 4880 porum
689 4800 809 4880 magis,
834 4818 934 4881 quam
958 4799 1115 4871 militum,
1133 4796 1205 4861 fere
1220 4798 1398 4861 inermium
1415 4808 1450 4861 et
1472 4799 1776 4862 inexercitatomm
1799 4818 1870 4861 cen·

543 4915 715 4977 sebantur.
739 4912 871 4995 Quibus
894 4932 957 4995 pro
981 4912 1199 4977 munimentis
1221 4924 1256 4976 et
1285 4914 1364 4976 telis
1386 4923 1459 4977 erat
1483 4913 1628 4997 insignis
1662 4913 1869 4989 confidentia,

543 5031 634 5112 quod
647 5050 693 5093 ex
705 5031 860 5111 repetitis
873 5031 1000 5092 nuntiis
1012 5031 1186 5102 rescirent,
1207 5031 1419 5111 imperialem
1435 5031 1625 5094 exercitum
1642 5030 1753 5094 invito
1764 5030 1869 5093 Marte

543 5146 624 5208 illuc
636 5155 855 5227 pertractum,
872 5156 906 5209 et
921 5146 1109 5207 umbratice
1126 5155 1255 5209 tantum
1271 5155 1499 5230 pugnaturum
1516 5156 1561 5219 et,
1577 5147 1711 5229 siquae
1729 5145 1870 5210 fenestra
