4124 6182
677 561 793 609 maun
817 562 840 618 1,
865 561 990 609 cnnur
1013 562 1052 610 11.
1491 567 1529 627 37

193 709 362 790 partibus,
386 709 474 770 sicut
497 716 531 771 et
554 707 716 779 olearum,
741 709 838 770 silva.
871 707 1058 771 Mendaces
1081 709 1146 771 hae
1177 718 1255 771 sunt
1282 710 1417 790 ubique.
1446 729 1535 783 nam,

193 845 272 887 cum
296 845 336 888 se
354 827 454 888 mites
469 822 563 888 foliis
578 822 785 907 praeferant,
809 844 891 888 vere
914 835 992 887 sunt
1015 826 1164 897 oleastri,
1189 827 1382 888 verminoso
1402 846 1537 907 semper

194 939 319 1012 fructu,
345 961 408 1004 nec
432 942 477 1004 ad
501 961 653 1004 mensam
677 941 733 1003 vel
757 942 801 1004 ad
824 950 995 1022 trapetum
1017 960 1177 1021 umquam
1194 943 1406 1005 accedentes.
1421 940 1535 1004 Arun-

195 1059 315 1120 dinum
340 1067 375 1121 et
399 1058 627 1121 mascularum
650 1067 684 1120 et
705 1056 940 1129 faeminarum,
965 1059 1025 1120 sed
1051 1059 1199 1120 invicem
1223 1060 1461 1130 seiunctarum,
1482 1060 1537 1121 vis

194 1174 336 1255 ingens:
361 1173 523 1236 masculis
545 1175 634 1236 inest
657 1174 814 1236 soliditas
837 1184 871 1236 et
894 1193 962 1235 non
986 1191 1064 1236 raro
1087 1172 1272 1236 brachialis
1295 1184 1329 1237 et
1352 1186 1432 1256 apta
1457 1194 1536 1237 con·

193 1288 380 1352 tundendis
392 1291 605 1371 serpentibus
621 1290 819 1360 crassitudo,
833 1289 933 1361 unde,
946 1290 1038 1370 quod
1054 1289 1140 1352 tales
1156 1288 1323 1371 Aegypto
1336 1291 1466 1352 innasci
1479 1292 1536 1352 de·

193 1408 309 1477 beant,
328 1407 456 1488 agnovi
479 1406 623 1468 solerter
638 1407 766 1468 dictum
782 1424 804 1466 a
819 1406 900 1467 divo
916 1403 1111 1466 Athanasio
1128 1403 1171 1486 (ι)
1195 1406 1393 1467 arundinem
1410 1403 1537 1468 Christi

196 1521 357 1583 manibus
381 1522 587 1602 impositam,
612 1529 730 1602 utpote
753 1521 961 1582 conterendo
984 1530 1178 1601 serpentum
1202 1522 1306 1601 capiti
1333 1521 1535 1594 salutarem;

193 1634 367 1699 faeminae
384 1639 475 1699 intus
491 1656 600 1699 vanae
616 1646 704 1708 sunt,
720 1636 902 1698 coxendici
932 1654 1036 1717 super
1050 1654 1163 1718 genua
1187 1638 1357 1717 aequales.
1382 1636 1536 1699 Rhamni

193 1755 323 1836 pinetis
346 1754 479 1816 similes
502 1754 618 1814 densis
640 1754 769 1815 aculeis
792 1752 869 1814 loca
892 1755 1007 1815 omnia
1030 1749 1203 1815 infestant.

287 1890 336 1932 10.
363 1868 605 1932 Animantium
630 1871 779 1931 cicurum
804 1879 838 1930 et
865 1866 1084 1930 efferatorum
1116 1885 1241 1949 magna
1265 1878 1316 1930 est
1340 1868 1535 1931 multitudo:
1598 1876 1794 1928 Animantium
1840 1877 1883 1926 in·

192 2006 328 2055 canum,
353 1984 485 2058 felium,
510 1986 572 2048 sed
596 2005 714 2048 omnes
737 2004 825 2066 pene
847 1993 926 2047 sunt
948 1985 1140 2056 silvicolae,
1164 2003 1226 2046 nec
1250 1986 1349 2065 pauci
1365 1985 1536 2068 algaleam
1564 1962 1634 2011 Μ
1651 1950 1771 1998 ubertas.

192 2102 298 2186 (quod
323 2120 470 2165 comune
494 2110 546 2163 est
569 2099 840 2183 odoramentum)
864 2100 1044 2173 sudantes;
1067 2118 1176 2170 suum,
1200 2118 1388 2181 caprarum,
1409 2102 1534 2163 ovium.

197 2218 403 2281 bubalorum
420 2228 453 2279 et
468 2217 584 2288 boum,
599 2236 686 2297 quae
702 2217 832 2297 primae
847 2227 925 2278 sunt
942 2216 1094 2287 divitiae,
1111 2227 1144 2278 et
1161 2212 1272 2278 Gallis
1288 2225 1322 2277 et
1344 2214 1536 2289 Galatibus,

195 2336 288 2397 lacte
312 2344 346 2397 et
370 2354 472 2396 carne
496 2334 600 2395 cruda
623 2333 842 2395 vescentibus
865 2340 900 2394 et
920 2333 1022 2393 coriis
1037 2352 1074 2394 se
1090 2333 1340 2412 obtegentibus‚
1357 2341 1430 2393 tota
1444 2333 1537 2394 vitae

192 2452 360 2513 subsidia.
386 2448 561 2513 Onerariis
593 2449 691 2513 multi
722 2449 766 2510 ad
797 2449 950 2510 sarcinas
974 2456 1124 2519 utuntur,
1149 2448 1312 2510 lautiores
1334 2448 1378 2509 ad
1402 2467 1538 2510 mensas

193 2567 372 2649 saginatis,
386 2584 473 2646 quos
489 2562 647 2628 Gueches
663 2564 849 2646 appellant,
860 2572 959 2625 vasto
978 2583 1152 2635 cornuum,
1169 2564 1213 2625 ad
1229 2565 1344 2625 vinum
1362 2565 1537 2645 excipien-

193 2684 272 2744 dum
298 2692 333 2743 et
357 2690 431 2744 tuto
455 2700 515 2762 per
544 2683 675 2742 viarum
692 2679 910 2742 difficultates
927 2680 1198 2752 custodiendum,
1216 2689 1346 2762 paratu.
1365 2679 1537 2741 Mularum
1600 2690 1673 2754 Equi
1693 2699 1721 2739 et
1740 2688 1842 2738 mulae.

194 2817 385 2879 earumque
409 2806 652 2878 praestantum,
676 2805 776 2859 extra
799 2796 967 2857 bellorum
991 2798 1101 2858 aleam
1130 2806 1163 2858 et
1180 2793 1339 2858 festivam
1356 2795 1390 2856 in
1407 2797 1537 2865 castris,

195 2915 253 2976 ubi
277 2914 443 2994 equitant,
468 2912 741 2984 ostentationem,
755 2912 909 2993 vulgaris
931 2922 982 2974 est
1006 2932 1096 2974 usus
1123 2909 1316 2975 Generosos
1340 2929 1457 2990 equos,
1477 2911 1538 2973 sed

193 3031 346 3092 minores
361 3027 509 3110 Tigraea
525 3038 637 3111 prata,
653 3030 937 3110 generosissimos
953 3038 986 3089 ct
1004 3028 1278 3109 elegantissimos
1295 3026 1409 3088 Nubia
1425 3027 1537 3089 mittit·

195 3142 281 3207 Cum
305 3143 500 3226 elephantis
528 3145 655 3206 multae
678 3145 876 3225 provinciae
899 3145 960 3207 sed
985 3146 1133 3226 amplius
1149 3145 1339 3205 maritimae
1355 3143 1538 3205 abundent’

88 3305 94 3316 .
151 3310 157 3320 .
200 3260 334 3323 nullum
370 3261 481 3322 adhuc
512 3261 629 3322 videre
657 3258 948 3322 condocefactum.
980 3258 1162 3341 Vulpibus,
1198 3258 1316 3341 *lupis
1352 3259 1538 3339 pantheris,

196 3379 303 3458 apris,
328 3377 448 3447 simiis,
473 3378 593 3445 cervis,
618 3378 762 3457 capreis,
786 3376 961 3457 leporibus
984 3386 1019 3437 et
1035 3377 1211 3449 cuniculis,
1231 3377 1276 3437 ob
1296 3394 1464 3438 summum
1481 3394 1538 3436 ve·

198 3494 347 3555 nationis
371 3492 577 3575 neglectum,
602 3502 737 3555 montes
759 3502 794 3555 et
817 3495 930 3573 campi
958 3501 1037 3554 sunt
1061 3492 1202 3575 oppleti.
1229 3491 1380 3554 Leonem
1396 3513 1416 3553 a
1431 3492 1540 3554 cauda

198 3609 243 3670 ad
266 3628 438 3670 summum
470 3607 597 3669 collum
629 3609 893 3670 octocubitalem
925 3606 1051 3671 infesto
1079 3610 1201 3671 missili
1232 3628 1339 3689 nuper
1366 3610 1401 3670 in
1431 3626 1539 3690 regno

196 3722 346 3806 Tigraeo
369 3722 490 3785 invicti
515 3724 620 3785 animi
645 3724 778 3786 iuvenis
798 3722 956 3787 confecit.
974 3723 1277 3787 Rhinocerontum
1294 3744 1419 3786 cornua
1435 3743 1539 3805 saepe

195 3836 325 3901 fuimus
349 3839 548 3919 conspicati.
574 3838 671 3900 Duae
694 3840 783 3901 inter
806 3850 960 3902 caeteras
982 3841 1129 3911 belluae,
1147 3838 1299 3902 confines
1320 3841 1407 3902 inter
1423 3839 1538 3901 dome·

196 3955 300 4017 sticas
323 3965 359 4017 et
382 3955 558 4026 immanes,
582 3956 643 4016 sed
669 3952 771 4016 facile
795 3957 952 4037 magistri
977 3975 1113 4018 manum
1134 3965 1369 4038 agnoscentes,
1387 3957 1540 4017 novitate

197 4070 491 4132 commendantur.
516 4069 633 4132 Prima
654 4079 705 4133 est
729 4090 867 4153 onager,
892 4072 1004 4134 mulae
1027 4091 1090 4154 per
1116 4072 1233 4134 omnia
1250 4091 1389 4153 compar
1405 4080 1541 4153 praeter
1604 4082 1716 4144 onager
1729 4096 1780 4132 seu
1793 4044 1886 4131 zevrass

197 4183 314 4248 Midae
339 4184 520 4256 auriculas,
544 4205 632 4268 quae
655 4186 722 4268 ipsi
745 4189 832 4250 asini
856 4196 971 4250 notam
995 4198 1030 4250 et
1055 4207 1183 4250 nomen
1205 4189 1417 4250 addiderunt.
1442 4186 1482 4248 In
1498 4206 1540 4249 eo

194 4301 405 4382 picturando
428 4319 496 4362 non
520 4303 631 4364 minus
653 4312 772 4365 natura
787 4323 890 4385 quam
907 4304 941 4364 in
957 4323 1090 4385 pavone
1107 4304 1295 4375 laboravit;
1314 4304 1386 4373 sed,
1407 4312 1443 4365 ut
1459 4302 1538 4363 huic

197 4419 306 4500 pedes
329 4417 519 4499 impolitos
542 4421 592 4481 sic
616 4439 714 4482 aures
737 4421 789 4483 illi
814 4422 989 4502 longiores
1013 4422 1160 4503 reliquit,
1184 4430 1221 4482 ut
1237 4421 1411 4498 utriusque
1432 4417 1540 4481 fastus

199 4535 345 4597 alicuius
368 4534 547 4596 dedecoris
569 4536 797 4616 pensitatione
820 4537 1023 4600 subsideret.
1043 4536 1111 4598 Per
1127 4536 1263 4598 lumbos
1279 4536 1453 4615 nigricans
1468 4535 1540 4615 agi·

193 4660 249 4729 tur
271 4651 392 4713 instita
416 4668 436 4711 e
459 4669 527 4731 qua
542 4651 586 4712 ad
602 4660 782 4733 utrumque
798 4653 887 4714 latus
903 4653 938 4713 in
954 4654 1061 4714 imum
1077 4662 1232 4715 ventrem
1250 4649 1424 4721 fasciolae,
1437 4650 1540 4716 modo

197 4767 328 4849 nigrae,
354 4766 460 4827 modo
483 4767 658 4837 candidae,
682 4768 784 4829 modo
815 4768 1005 4839 cinericiae,
1027 4768 1133 4834 ,modo
1154 4767 1353 4837 subrubrae,
1377 4767 1463 4827 mira
1486 4785 1542 4827 ae·

196 4882 365 4962 qualitate
394 4890 428 4943 et
450 4882 526 4961 pari
551 4882 764 4964 longitudine
791 4884 966 4945 ducuntur.
1000 4882 1073 4945 Nec
1106 4882 1175 4944 alia
1205 4881 1358 4963 corporis
1389 4882 1541 4943 membra

193 4998 327 5060 similes
359 4995 516 5058 maculae
546 4994 709 5059 deficiunt
738 4999 951 5081 singulorum
976 5017 1154 5060 mensurae
1178 5009 1414 5078 congruentes.
1445 4995 1541 5076 Quae

282 5134 323 5193 ιι)
342 5130 385 5179 De
405 5130 532 5177 Passrbne
550 5130 626 5182 Dom.
