4066 6184
547 580 608 642 244
878 574 1150 626 EXPEDITIONIS
1174 573 1435 625 AETHIOPICAE
1460 572 1539 625 ETC.

233 730 310 781 Libri
323 729 427 814 innatet
436 739 464 780 et
473 731 518 780 de·
636 744 664 787 2.
689 723 792 786 Liber
815 733 848 786 et
872 724 1072 786 adolescens
1099 725 1142 785 ad
1173 723 1408 787 Patriarcham
1439 732 1517 786 sunt
1547 722 1685 785 deducti
1711 723 1779 802 qui,
1803 742 1873 784 sen-

82 865 106 913 ὓ
197 817 261 925 {itit
279 802 518 937 ineffreeii'irinipud
544 843 672 904 tentiae
695 840 913 922 asperitatem
937 841 1127 911 emolliens,
1152 849 1296 903 mortem
1320 841 1532 911 verberibus,
1559 839 1676 902 statim
1706 839 1750 901 ad
1781 838 1874 900 aulae

546 955 638 1021 fores
661 960 791 1021 scutica
813 954 961 1028 inflictis,
989 956 1231 1030 commutavit;
1254 956 1447 1039 librumque
1477 957 1643 1018 evolvens
1666 957 1699 1017 in
1724 953 1872 1016 Rabino

545 1094 619 1137 rum
643 1071 741 1137 Isaac
764 1083 798 1136 et
821 1070 1016 1137 Salomonis
1039 1074 1285 1135 commentaria
1308 1074 1459 1136 incurrit.
1482 1070 1578 1135 Tunc
1605 1071 1775 1134 iudicibus
1808 1071 1874 1132 edi·

545 1193 597 1253 xit
621 1200 657 1254 ut
680 1208 798 1252 omnes
821 1189 939 1252 Iudaei
964 1188 1071 1252 libros
1093 1189 1192 1252 adse
1210 1189 1418 1252 inveherent.
1435 1185 1547 1271 Saepe
1564 1197 1677 1251 tamen
1692 1184 1827 1255 accidit,
1842 1194 1875 1246 ut

546 1305 689 1369 fortuito
704 1305 871 1389 quaedam
889 1315 1079 1378 occurrant,
1103 1324 1247 1388 quornm
1272 1306 1425 1368 inventio
1449 1306 1590 1368 maioris
1613 1313 1703 1367 esset
1726 1304 1874 1366 emenda.

545 1422 761 1486 Tenebantur
783 1423 819 1485 in
842 1421 961 1484 Iudaei
984 1422 1096 1493 domo,
1120 1423 1209 1484 inter
1231 1440 1354 1503 pueros
1377 1440 1416 1482 ac
1439 1420 1583 1503 puellas,
1610 1422 1729 1483 decem
1752 1421 1874 1481 manci·

545 1541 677 1621 piorum
702 1539 825 1621 capita,
842 1539 966 1620 partim
986 1534 1124 1602 Christo
1139 1540 1206 1599 iarn
1223 1546 1430 1606 consecrata,
1447 1537 1571 1618 partim
1588 1537 1640 1598 illi
1656 1556 1779 1599 nornen
1799 1536 1875 1598 dare

545 1656 752 1728 anhelantia,
775 1674 862 1736 quae
886 1654 1020 1737 magnis
1043 1654 1250 1717 clamoribus
1273 1663 1351 1718 sunt
1375 1663 1572 1735 conquesta,
1596 1654 1705 1715 invita
1727 1672 1765 1714 se
1780 1653 1875 1714 abeo

545 1771 683 1834 homine
706 1771 852 1834 detineri
875 1778 912 1833 ut
934 1770 1055 1833 Turcis
1078 1779 1112 1833 et
1135 1770 1212 1833 aliis
1235 1768 1488 1832 Mahometanis
1515 1771 1558 1832 ad
1585 1788 1721 1832 suarum
1753 1770 1874 1830 anima·

545 1907 618 1951 rum
642 1887 822 1969 pernitiem
842 1886 1081 1959 distrahantur,
1107 1896 1164 1949 aut
1186 1885 1330 1950 iudaicis
1346 1887 1467 1949 ritibus
1482 1884 1687 1967 polluantur.
1711 1883 1776 1947 Est
1790 1885 1875 1946 enim

546 2006 693 2084 pessima
717 2003 802 2065 haec
826 2002 1077 2065 Abassinorum
1102 2003 1290 2085 negotiatio
1313 2001 1359 2085 (in
1383 2021 1450 2084 qua
1465 2000 1646 2064 evellenda
1660 2002 1739 2082 plus
1755 2000 1877 2063 laboris

547 2121 731 2201 posuimus,
756 2139 857 2200 quam
882 2117 1069 2181 viderimus
1092 2119 1325 2197 emolumenti)
1346 2128 1383 2181 ut
1406 2129 1508 2199 capta
1530 2117 1624 2179 bello
1650 2117 1801 2185 servitia,
1822 2117 1875 2179 vel

547 2237 649 2297 etiam
673 2236 814 2317 quosvis
837 2236 1004 2318 ingenuos
1028 2232 1119 2298 furto
1146 2235 1338 2317 subreptos,
1369 2234 1414 2296 ad
1444 2252 1576 2316 pannos
1605 2234 1740 2295 indicos
1769 2243 1803 2294 et
1830 2241 1874 2293 ta·

547 2351 638 2432 petia
673 2352 860 2413 coemenda
892 2348 1088 2413 infidelibus
1115 2350 1317 2425 divendant3
1348 2360 1383 2413 et
1413 2359 1510 2413 tanto
1540 2348 1725 2421 ardentius,
1756 2358 1875 2431 quanto

547 2467 631 2529 haec
655 2468 826 2548 mancipia
849 2466 893 2528 ab
916 2466 986 2528 illis
1009 2465 1113 2529 vilius
1136 2476 1307 2546 parantur,
1332 2476 1367 2528 et
1390 2468 1500 2529 carius
1523 2486 1544 2528 a
1559 2465 1812 2529 Mahometanis
1825 2484 1874 2526 ae·

548 2585 737 2646 stimantur.
762 2581 859 2645 Nihil
882 2583 972 2645 enim
997 2583 1084 2645 tanti
1107 2579 1237 2645 faciunt
1261 2601 1300 2645 ac
1331 2583 1472 2646 servilia
1500 2581 1754 2645 Abassinorum
1784 2581 1874 2643 mini-

547 2700 658 2761 steria.
684 2698 822 2781 Ingenti
845 2698 1008 2760 librorum
1044 2699 1179 2760 sarcina
1209 2698 1302 2760 domi
1333 2707 1473 2770 retenta,
1505 2697 1676 2780 mancipia
1706 2706 1780 2760 tuto
1805 2696 1875 2758 loco

547 2824 626 2877 sunt
649 2815 804 2897 deposita
827 2824 862 2877 et
885 2813 1032 2876 Iudaeus
1054 2814 1204 2876 vinculis
1227 2814 1441 2896 mancipatus
1463 2815 1573 2877 donec
1588 2815 1631 2876 de
1650 2833 1687 2876 re
1702 2812 1875 2875 consilium

548 2933 699 2994 iniretur.
724 2929 778 2992 De
801 2949 868 3012 qua
892 2929 1137 3012 Imperatorem
1162 2939 1261 2993 extra
1284 2939 1396 2993 castra
1417 2940 1498 2994 tunc
1521 2931 1704 3012 degentem
1736 2928 1875 2991 Patriar-

548 3048 612 3110 cha
634 3048 819 3119 admonuit,
842 3047 1025 3110 ostendens
1048 3065 1093 3108 ex
1116 3065 1289 3110 sacrorum
1313 3066 1480 3109 canonum
1504 3047 1660 3116 decretis,
1689 3042 1787 3108 nefas
1809 3064 1876 3106 esse

548 3163 678 3226 liberae
701 3160 791 3226 filios
813 3162 960 3225 ancillae
983 3162 1103 3224 liberis
1134 3171 1167 3224 et
1202 3162 1416 3235 christianos,
1440 3171 1498 3225 aut
1528 3181 1588 3224 eos
1618 3163 1676 3241 qui
1708 3159 1876 3223 christiani

548 3299 623 3342 esse
646 3278 786 3350 vellent,
812 3277 947 3340 ludaeis
969 3276 1133 3351 *servire;
1165 3279 1226 3341 sed
1250 3298 1291 3340 eo
1315 3279 1400 3359 ipso,
1424 3297 1491 3359 quo
1514 3297 1552 3340 se
1575 3276 1782 3340 christianae
1805 3274 1876 3338 fidei
1897 3278 1964 3329 tut.
1998 3262 1999 3287 ³

549 3395 722 3468 dederent,
747 3394 842 3457 nullo
865 3395 973 3475 pretio
997 3393 1141 3465 reddit0,
1166 3394 1210 3455 ab
1234 3413 1351 3456 eorum
1374 3402 1543 3476 potestate
1573 3393 1792 3464 avellendos;
1822 3391 1876 3453 sed
1998 3376 1999 3379 ¹

550 3513 630 3591 quia
654 3512 688 3573 id
713 3511 863 3573 insolens
887 3521 977 3572 esset
999 3509 1249 3573 Abassinorum
1267 3511 1415 3581 auribus,
1431 3529 1469 3572 se
1485 3510 1729 3591 permissurum
1745 3518 1781 3569 ut
1797 3507 1876 3569 chri·

550 3628 670 3689 stianis
693 3626 784 3688 heris
808 3628 897 3688 iusta
920 3627 1155 3689 aestimatione
1179 3627 1391 3692 addicantur.
1875 3617 1878 3621 ’

239 3750 283 3798 Ad
308 3747 443 3798 iudicium
469 3758 521 3831 tra·
641 3762 670 3821 3.
687 3741 769 3805 Post
786 3743 936 3813 biduum,
953 3742 1054 3806 rebus
1069 3743 1252 3805 ordinatim
1269 3744 1492 3824 praeparatis,
1506 3740 1677 3805 Umbares
1688 3752 1724 3805 et
1735 3741 1875 3824 Azages,

203 3820 293 3941 iffi
310 3830 373 3869 ωε
401 3821 522 3868 ΡΜ
550 3859 607 3941 qui
635 3868 714 3921 sunt
745 3859 910 3920 maiomm
942 3859 1163 3921 tribunalium
1187 3858 1316 3920 iudices
1340 3869 1373 3921 et
1396 3859 1515 3939 palatii
1539 3872 1725 3928 senatores,
1754 3858 1798 3919 ad
1820 3857 1876 3918 Pa·

550 3974 718 4038 triarchae
749 3975 863 4036 aulam
897 3977 1087 4045 convocati,
1119 3994 1205 4056 quos
1236 3985 1420 4038 consecuta
1450 3973 1515 4037 fuit
1544 3971 1677 4037 infinita
1707 3974 1876 4036 curialium

551 4091 748 4163 multitudo;
782 4101 965 4174 antequam
997 4091 1122 4154 Iudeus
1153 4093 1297 4154 dextera
1327 4100 1504 4155 catenatus
1537 4101 1572 4154 et
1606 4066 1778 4171 mancipia
1810 4106 1876 4170 per·

551 4208 662 4279 ducta,
688 4206 858 4289 lignorum
884 4207 986 4270 etiarn
1010 4216 1120 4270 stmes
1144 4208 1178 4269 in
1204 4209 1290 4271 atrio
1314 4218 1392 4271 ante
1415 4209 1536 4270 domus
1563 4205 1657 4270 fores
1680 4209 1818 4269 incensa
1839 4203 1877 4266 ad

551 4323 659 4386 libros
682 4324 961 4395 concremandos,
985 4324 1020 4384 in
1036 4343 1138 4404 quam
1154 4343 1256 4405 saepe
1272 4326 1374 4387 miser
1397 4324 1516 4387 oculos
1534 4323 1766 4393 convertebat,
1783 4320 1877 4383 insui

551 4441 821 4503 combustionem
845 4442 957 4521 parari
981 4441 1176 4503 arbitratus.
1192 4439 1315 4503 Paucis
1331 4450 1411 4503 tunc
1427 4436 1601 4522 praefatus
1620 4450 1673 4501 est
1690 4437 1878 4501 Patriarcha

551 4555 593 4617 de
618 4556 743 4617 damno
766 4556 859 4636 quod
883 4555 942 4617 ille
965 4555 1141 4618 doetrinae
1164 4576 1246 4619 suae
1269 4575 1401 4619 veneno
1425 4555 1596 4629 intulerat,
1619 4555 1664 4618 de
1690 4555 1811 4636 culpae
1826 4553 1877 4615 ad·

552 4672 675 4732 missae
698 4681 732 4734 et
755 4671 960 4753 promeritae
982 4691 1113 4753 poenae
1137 4672 1316 4755 gravitate,
1339 4672 1384 4734 ob
1400 4691 1502 4754 quarn
1518 4692 1563 4734 ex
1579 4670 1878 4734 ecclesiasticarum

553 4784 667 4867 legum
691 4804 844 4857 censura,
868 4786 1033 4849 saeculari
1057 4787 1198 4850 brachio
1221 4788 1406 4849 tradendus
1435 4796 1524 4849 esset
1548 4796 1582 4848 et
1606 4807 1652 4849 ex
1675 4784 1877 4867 praescripto

551 4900 788 4983 imperialium,
813 4922 953 4984 quarum
978 4904 1051 4985 ipse
1075 4904 1109 4965 in
1133 4903 1302 4984 imperiali
1325 4903 1409 4965 urbe
1436 4911 1544 4972 natus,
1561 4901 1777 4984 ignoratione
1791 4918 1876 4982 prae·

551 5019 690 5080 tendere
714 5038 780 5080 non
805 5028 930 5099 posset,
954 5020 1054 5082 bonis
1077 5019 1236 5081 omnibus
1258 5018 1452 5101 publicatis,
1470 5018 1549 5100 igne
1566 5019 1821 5080 consumendus.
1837 5010 1876 5076 Se

551 5144 667 5195 tamen
691 5134 782 5217 ignis
804 5155 949 5215 poenam
966 5137 1070 5197 modo
1085 5135 1177 5197 nolle
1194 5134 1282 5197 ultra
1298 5135 1461 5197 librorum
1478 5135 1676 5217 congeriem
1692 5133 1874 5198 extendere,
