4166 6182
549 561 668 609 xxxn
1092 562 1352 611 tu'rttobthtto

549 709 682 784 merito
711 710 796 806 quis
824 727 952 807 posset
980 711 1017 783 in
1049 711 1121 785 hoc
1151 709 1255 783 brevi
1285 709 1513 784 mentionem
1548 710 1688 782 nullam
1727 709 1805 781 heri
1835 710 1883 780 la-

548 846 680 917 borum
709 869 804 939 quos
831 869 899 940 per
933 844 1126 940 octoginta
1163 860 1200 917 et
1238 844 1400 940 amplius
1436 868 1556 917 annos
1592 842 1764 915 Societas
1802 843 1882 914 lesu

548 1000 631 1049 cum
662 975 825 1049 maximo
854 977 974 1050 fructu
1003 977 1040 1049 in
1069 976 1273 1073 Aethiopia
1309 975 1524 1061 exantlavit,
1565 1000 1686 1071 neque
1723 977 1882 1070 Impera-

546 1109 638 1182 toris
664 1110 793 1182 Seltan
821 1110 950 1206 Sagad
980 1110 1172 1206 ipsiusque
1201 1109 1396 1183 Fasiladas
1425 1108 1488 1204 qui
1509 1110 1623 1205 paulo
1641 1124 1729 1182 ante
1754 1132 1880 1181 coram

546 1241 759 1337 patriarcha
786 1244 944 1315 Mendez
976 1242 1125 1338 publice
1153 1243 1405 1317 obedientiam
1436 1242 1699 1339 praestiterant
1726 1265 1881 1316 romano

546 1375 714 1469 pontifici
742 1376 897 1449 Urbano
925 1376 1011 1448 VIII
1042 1376 1261 1450 immediato
1290 1375 1584 1471 praedecessori,
1612 1375 1770 1471 eiusque
1799 1375 1881 1447 loco

545 1509 829 1583 commemorari
861 1509 1115 1583 obedientiam
1146 1509 1364 1605 praestitam
1394 1535 1416 1583 a
1444 1510 1537 1583 Zara
1574 1510 1688 1582 Iacob
1725 1507 1763 1581 in
1797 1533 1882 1580 con·

544 1640 634 1716 cilio
660 1642 888 1727 Florentino,
918 1660 1025 1738 quae,
1055 1659 1096 1715 ut
1123 1642 1312 1716 historicis
1345 1656 1486 1727 uotum,
1517 1640 1777 1716 commentitia
1813 1654 1879 1713 est.

545 1776 654 1847 Adeo
683 1790 770 1849 tunc
807 1777 952 1848 Romae
992 1800 1210 1871 persuasum
1248 1792 1327 1850 erat
1363 1775 1648 1849 insectationem
1688 1772 1882 1847 Fasiladas

545 1933 620 1981 non
658 1907 695 1981 in
734 1909 958 1982 catholicum
1000 1933 1137 1982 nomen
1175 1909 1242 1983 sed
1280 1909 1316 1983 in
1357 1907 1566 1982 iesuiticum
1604 1922 1642 1981 et
1678 1907 1879 1981 lusitanum

546 2039 661 2115 fuisse
688 2041 899 2116 excitatam.

626 2195 689 2249 21.
710 2176 766 2247 Ex
794 2172 885 2249 urbe
914 2175 1075 2273 Neapoli
1097 2175 1247 2250 Cairum
1270 2174 1464 2272 navigavit
1483 2172 1824 2272 Chrysopolitanus
1842 2187 1880 2243 ut

546 2307 633 2382 inde
662 2307 698 2380 in
728 2306 969 2405 Aethiopiam
998 2335 1039 2382 se
1059 2310 1255 2383 conferret.
1277 2308 1388 2382 Cairo
1408 2308 1479 2381 sibi
1499 2306 1687 2381 adiunctis
1711 2305 1880 2402 patribus

544 2441 589 2514 fr.
619 2442 779 2537 losepho
807 2444 855 2515 de
883 2442 999 2516 Atino
1027 2458 1065 2516 et
1092 2442 1217 2515 Felice
1244 2467 1267 2515 a
1293 2444 1332 2515 S.
1362 2441 1542 2514 Severiuo
1563 2442 1713 2514 Mocam
1734 2464 1775 2513 se
1795 2464 1879 2513 con-

544 2575 638 2648 tulit.
668 2575 745 2648 Sed
773 2600 857 2648 cum
888 2576 1088 2649 maximam
1127 2589 1302 2671 expertus
1338 2575 1471 2649 fuisset
1508 2574 1765 2647 difficultatem
1804 2573 1878 2644 Ma·

543 2732 650 2781 zuam
679 2708 907 2804 appellendi‚
937 2708 1036 2781 vitae
1064 2733 1154 2782 suae
1183 2707 1376 2794 sollicitus,
1407 2707 1546 2781 relictis
1575 2706 1700 2791 sociis,
1727 2704 1877 2780 Cairum

544 2860 714 2915 reversus
741 2857 808 2926 est,
838 2841 901 2914 ubi
932 2865 1082 2914 manere
1113 2840 1215 2915 iussu
1243 2841 1283 2918 S.
1311 2839 1629 2937 Congregationis
1657 2840 1706 2914 de
1744 2840 1878 2934 Propa-

542 2974 670 3070 ganda
697 2970 790 3047 Fide
816 2999 917 3048 anno
952 2978 1050 3066 1648
1089 2988 1243 3048 coactus
1278 2990 1335 3048 est
1370 2989 1524 3070 propter
1560 2990 1712 3069 apertas
1749 2974 1798 3045 ab
1833 2995 1878 3044 eo

543 3105 759 3181 inimicitias
786 3130 871 3180 cum
909 3106 1126 3181 Patriarcha
1162 3123 1355 3203 susceptas
1379 3108 1442 3203 (r).
1481 3107 1557 3179 Sed
1594 3120 1633 3180 et
1669 3106 1878 3180 simultates

542 3239 654 3314 etiam
684 3264 768 3313 cum
797 3239 874 3313 suis
907 3239 959 3314 ibi
996 3241 1207 3315 exercuisse
1244 3239 1391 3314 videtur
1418 3266 1502 3314 cum
1532 3256 1678 3335 patrem
1708 3240 1877 3312 Marcum

541 3400 564 3447 a
592 3376 695 3447 Luca
726 3398 872 3448 sacram
907 3373 1251 3471 Congregationem
1285 3399 1459 3447 exorasse
1492 3375 1664 3471 legamus
1701 3399 1750 3447 ne
1787 3374 1879 3445 Mat·

542 3508 674 3581 thaeus
702 3532 725 3580 a
751 3507 883 3581 Castro
912 3506 949 3580 in
978 3507 1198 3603 episcopum
1228 3506 1326 3581 Cairi
1355 3507 1586 3603 eligeretur(
1613 3513 1636 3605 ).

620 3762 664 3840 (t)
689 3762 767 3820 «Ad
799 3763 898 3837 Cong.
932 3762 1037 3833 diei3
1071 3762 1170 3820 martii
1202 3759 1285 3832 1648,
1311 3779 1341 3818 n
1372 3760 1399 3817 8.
1434 3760 1597 3819 Referente
1629 3762 1743 3819 eodem
1775 3760 1876 3818 Emin.

540 3860 622 3918 Card
651 3860 816 3936 Capponio
838 3860 1017 3919 memoriale
1037 3878 1057 3918 a
1071 3859 1190 3917 Iesuitis
1211 3861 1317 3917 datum
1332 3860 1459 3917 nomine
1481 3858 1678 3918 Patriarchae
1693 3860 1877 3934 Aethiopiae

539 3968 648 4017 contra
669 3958 704 4015 R.
727 3958 758 4017 P.
787 3957 824 4015 D.
848 3958 1038 4015 Matthaeum
1059 3958 1238 4033 episcopum
1259 3956 1549 4033 Chrysopolitanum
1566 3957 1596 4013 in
1614 3958 1728 4014 eadem
1753 3956 1876 4014 Aethio·

541 4058 593 4132 pia
614 4058 759 4115 vicarium
791 4056 1004 4131 apostolicum,
1027 4057 1059 4113 in
1080 4073 1142 4130 quo
1174 4056 1311 4130 pluribus
1341 4065 1448 4113 contra
1481 4054 1672 4130 praedictum
1706 4056 1875 4130 praelatum

540 4154 696 4225 insuebant
717 4163 759 4222 ut,
780 4154 882 4211 officio
904 4154 1066 4210 vicariatus
1094 4153 1256 4228 apostolici
1284 4162 1437 4219 revocato
1467 4154 1495 4210 ei
1526 4154 1757 4228 praeciperetur
1787 4172 1825 4210 ne
1845 4152 1876 4208 in

540 4250 737 4325 Aethiopiam
758 4268 791 4307 se
812 4250 997 4315 transferret.
1020 4268 1090 4306 cum
1117 4251 1286 4324 praelatum
1315 4251 1400 4308 dIcto
1429 4250 1624 4309 Patriarchae
1653 4251 1818 4309 inimicum
1846 4250 1875 4305 iu

541 4350 732 4425 praedIctum
765 4365 891 4422 regnum
923 4350 1044 4404 mittero
1075 4366 1138 4406 non
1171 4349 1350 4417 convenIat3
1381 4358 1411 4405 et
1438 4349 1528 4405 simul
1551 4348 1703 4407 referente
1724 4350 1754 4407 S.
1778 4350 1816 4407 D.
1838 4346 1875 4404 N.

539 4447 650 4505 Sacrae
664 4446 921 4522 CongregatIonis
935 4445 1122 4502 sententiam
1136 4446 1218 4503 circa
1232 4445 1290 4502 hoc
1306 4446 1489 4514 desiderare,
1512 4445 1760 4505 Emmentissimi
1774 4446 1876 4504 Patres

538 4556 723 4603 censuerunt
744 4543 885 4619 petitIoni
907 4541 1090 4601 Iesuitarum
1111 4560 1178 4600 esse
1199 4543 1399 4599 annuendum
1419 4554 1450 4601 et
1471 4545 1610 4618 praefato
1625 4544 1778 4620 episcopo
1793 4561 1876 4619 prae·

540 4643 720 4718 cipiendum
742 4641 826 4698 utin
849 4641 948 4716 Cayro
971 4650 1094 4697 maneat
1117 4641 1217 4697 donec
1241 4640 1334 4697 Sacra
1359 4639 1567 4714 Congregatio
1597 4642 1690 4700 aliter
1711 4643 1753 4700 de
1774 4662 1812 4700 eo
1832 4640 1875 4697 di·

539 4748 651 4814 sponat
666 4763 693 4796 ».
714 4739 759 4809 lin
780 4742 888 4811 mangi
913 4762 926 4788 «
944 4737 990 4793 De
1012 4738 1187 4795 revocando
1209 4738 1417 4812 abepiscopo
1439 4738 1702 4814 Chrysopolitano
1731 4741 1876 4799 vicariatu

537 4837 711 4911 apostolico
733 4835 913 4908 Aethiopiae
935 4835 975 4891 ad
1001 4835 1176 4893 instantiam
1208 4834 1416 4892 locustarum»
1456 4834 1555 4907 (APF,
1578 4836 1652 4893 Acta
1680 4856 1759 4896 ann.
1793 4834 1873 4906 1648,

539 4935 552 4991 I
581 4934 657 5004 38'.
679 4934 756 4990 lbid.
778 4934 818 4989 ad
840 4931 929 5005 Cong
959 4932 1022 4988 diei
1048 4947 1058 4987 1
1083 4932 1197 5006 aprilis
1221 4931 1240 4987 I.
1265 4943 1380 5004 5pv,n.
1412 4947 1455 5002 13.
1477 4933 1525 4990 Cf.
1548 4933 1634 5004 APF,
1652 4935 1730 4992 Lelt.
1753 4936 1874 5011 volgari.

540 5033 600 5088 vol.
624 5034 670 5099 2b‚
694 5031 716 5090 f.
739 5031 799 5101 43).

618 5129 662 5201 (2)
685 5126 769 5194 IlPF,
793 5126 896 5181 Str-mi
914 5127 1061 5197 oripintli,
1085 5126 1142 5182 vol.
1166 5125 1273 5193 LXIV,
1296 5127 1315 5183 f.
1343 5141 1404 5198 174.
