4066 6184
673 2127 862 2206 CAPUT
889 2128 997 2208 XIII.

217 2388 365 2462 Altera
401 2387 675 2463 patriarchae
713 2388 936 2483 disputatio
977 2410 1069 2463 cum
1109 2387 1256 2462 eodem
1297 2387 1448 2462 Iudaeo

264 2522 315 2596 de
344 2522 581 2618 integritate
599 2522 889 2598 sanctissimae
909 2523 988 2597 Dei
1006 2521 1220 2619 genitricis
1239 2520 1418 2601 Mariae.

261 2862 290 2905 1.
314 2838 511 2905 Praefracta
526 2843 743 2924 perversitas,
759 2842 872 2923 qualis
886 2850 939 2904 est
955 2841 1099 2912 iudaice,
1115 2840 1305 2902 cautionem
1322 2840 1389 2902 sibi
1409 2837 1504 2902 adhi·
1567 2850 1713 2900 1udaeus
1734 2847 1769 2896 ab
1786 2845 1852 2897 alli·

165 2960 248 3021 bere
271 2958 370 3032 solet,
401 2958 461 3019 sed
493 2977 560 3020 non
591 2959 845 3029 correctionem,
876 2966 911 3019 et
942 2966 1037 3019 tanto
1067 2956 1290 3038 perniciosius
1320 2963 1504 3038 grassatur,
1531 2917 1771 3043 gemundi·
1793 2933 1851 2968 ⁰⁰⁰

163 3081 296 3153 quanto
320 3084 355 3136 et
377 3073 552 3136 occultius.
577 3072 728 3136 Domum
751 3091 847 3135 suam
871 3090 909 3135 se
932 3071 1075 3155 collegit
1098 3068 1272 3142 Salomon,
1296 3070 1416 3151 illique
1443 3069 1504 3133 sed

167 3208 236 3252 non
262 3188 400 3271 liuguae
423 3189 596 3271 pessulum
619 3188 763 3252 obdidit.
787 3187 875 3250 Nam
900 3187 994 3250 horis
1008 3185 1252 3270 pomeridianis
1268 3187 1312 3249 ad
1327 3204 1404 3249 eum
1420 3186 1504 3248 abiit

165 3304 313 3367 edomo
341 3302 562 3387 imperatoria
584 3304 794 3383 adolescens,
818 3324 864 3367 ex
888 3322 1005 3367 eorum
1029 3322 1146 3387 grege,
1177 3303 1237 3385 qui
1268 3303 1374 3384 ipsius
1404 3319 1505 3364 vene·

168 3439 249 3483 num
276 3419 489 3492 hauriebant,
513 3422 557 3483 ad
580 3419 676 3485 cuius
699 3422 888 3504 ingressum
913 3419 1005 3483 fores
1032 3418 1091 3483 ille
1122 3418 1309 3501 praeclusit
1338 3436 1423 3480 cane
1453 3413 1505 3479 fo·

165 3536 323 3599 rinsecus
337 3537 372 3597 in
388 3536 578 3599 custodiam
602 3535 769 3608 adhibite,
798 3537 859 3599 sed
883 3556 978 3607 unus,
1003 3537 1061 3617 qui
1081 3534 1267 3599 matutinae
1283 3531 1506 3615 disputationi

26 3660 136 3723 t.115,v.
166 3648 377 3724 interfuerat,
402 3649 518 3715 fucum
540 3651 779 3723 subodoratus,
803 3650 1024 3734 explora*t0r
1040 3650 1193 3723 accessit,
1211 3652 1266 3714 cui
1281 3649 1386 3719 canis,
1402 3667 1505 3729 quam

165 3766 249 3829 hero
273 3763 418 3840 fidelior,
441 3766 620 3831 obmutuit.
645 3766 778 3831 Aurem
809 3768 869 3832 ille
898 3769 1096 3842 admovens,
1127 3788 1204 3832 cum
1236 3775 1424 3830 castrorum
1447 3785 1506 3846 pa·

165 3884 272 3945 rietes
294 3881 493 3965 plerumque
524 3884 737 3955 arundinum,
770 3905 815 3947 ex
845 3886 969 3968 quibus
995 3885 1270 3966 compinguntur,
1297 3882 1416 3946 addito
1442 3880 1506 3945 luti

165 4000 326 4084 coagulo,
350 3999 538 4063 crassitiem
563 4020 632 4063 non
656 3988 827 4083 superent,
852 4002 967 4064 omnia
987 4001 1118 4083 liquido
1144 4000 1298 4083 percepit
1313 4009 1348 4062 et
1362 4008 1506 4080 quatuor

164 4115 222 4178 vel
246 4116 397 4198 quinque
420 4116 640 4198 presbyteros
662 4128 767 4180 testes
783 4119 916 4180 accivit.
936 4118 983 4179 Hi
999 4118 1161 4180 Iudaeum
1178 4117 1357 4180 audierunt
1380 4114 1505 4186 omnia,

164 4251 253 4314 quae
277 4232 345 4294 sibi
369 4251 445 4294 cum
470 4231 670 4296 Patriarcha
693 4234 909 4306 accidissent,
934 4233 1169 4296 denarrantem
1194 4241 1228 4294 et
1251 4231 1360 4294 libros
1374 4233 1506 4313 aliquot

164 4347 334 4410 hebraeos
357 4348 393 4409 in
416 4366 533 4410 eorum
557 4345 827 4411 confutationem
851 4348 1068 4412 indicantem.
1094 4347 1156 4412 Cui
1180 4349 1398 4412 adolescens:
1415 4346 1506 4429 Quid

166 4464 211 4525 ad
234 4473 271 4527 te
294 4464 338 4525 de
362 4462 584 4526 Patriarcha?
618 4460 658 4526 Si
681 4464 744 4526 tibi
775 4464 986 4547 praeceperit
1016 4475 1052 4528 ut
1079 4466 1251 4547 baptismo
1274 4464 1426 4533 initieris,
1450 4462 1507 4524 vel

165 4580 409 4642 communione
432 4581 607 4659 muniaris,
632 4580 728 4642 nullo
758 4590 860 4662 pacto
885 4581 917 4642 ei
949 4580 1170 4644 obsecundes.
1193 4580 1255 4643 Ad
1285 4598 1373 4661 quae
1402 4578 1508 4641 verba

164 4704 271 4759 testes
294 4696 419 4761 ostium
442 4697 633 4779 signarunt,
658 4703 691 4757 et
714 4694 879 4759 Iudaeum
902 4697 1060 4760 manibus
1083 4696 1209 4759 librum
1239 4714 1431 4777 expansum
1458 4703 1507 4758 te-

164 4820 303 4875 nentem
329 4820 571 4893 oppresserunt
599 4820 634 4874 et
657 4813 701 4873 ab
724 4811 785 4873 lllo
808 4821 1033 4875 extorserunt.
1069 4811 1155 4873 Mox
1179 4809 1301 4883 iudice,
1329 4811 1426 4873 iuxta
1454 4829 1508 4872 so·

165 4927 316 4993 lemnem
339 4929 454 5010 gentis
476 4929 591 5001 ritum,
615 4938 803 5009 assumpto,
832 4929 951 4991 ambos
982 4925 1145 5009 perfidiae
1177 4928 1211 4989 in
1240 4926 1352 4989 Deum
1384 4935 1417 4989 et
1440 4925 1507 4989 Im·

165 5054 362 5125 potatorem
380 5054 413 5107 ct
430 5045 645 5128 pervicaciae
662 5044 697 5105 in
714 5042 950 5107 Patriarcham
967 5053 1179 5115 accusarunt,
1196 5053 1229 5106 et
1245 5053 1385 5125 uterque
1406 5043 1508 5105 morti

168 5156 233 5223 fuit
256 5160 473 5224 adiudicatus
496 5169 670 5223 reservata
693 5161 737 5222 ad
761 5159 993 5223 patriarcham
1017 5161 1258 5241 appellatione.
