4166 6182
321 560 542 611 VERBORUM
559 560 640 610 ETC.
657 558 762 622 QUAE
779 559 820 607 IN
837 558 1154 609 INTRODUCTIONE
1170 559 1448 609 CONTINENTUR
1512 562 1562 610 LV

530 818 558 877 E

218 1010 315 1070 aeon,
335 1011 397 1059 urbs
416 1010 568 1059 Lusitaniae
587 1010 614 1058 in
633 1010 707 1058 cuius
724 1008 859 1058 academia

252 1109 330 1159 lector
349 1111 384 1161 A.
404 1108 523 1166 Mendes,
540 1120 559 1156 v
579 1133 594 1146 ·
614 1108 680 1158 hauc
698 1108 857 1158 academiam

251 1222 318 1257 anuo
339 1205 404 1256 1621
428 1208 516 1257 invisit
534 1206 672 1272 Philippus
691 1206 739 1263 IV,
758 1216 786 1258 V.

523 1493 552 1552 ii

217 1685 342 1744 Falesia
374 1700 471 1735 nomen
504 1684 659 1735 Iudaeorum
692 1683 857 1750 Aethiopiae,

250 1794 338 1841 XLVII,
357 1792 412 1835 noi.
433 1794 456 1836 2.

215 1881 370 1941 Fssiladas,
391 1882 454 1946 imp.
467 1879 632 1947 Aethiopiae.
645 1881 691 1931 Ad
705 1895 765 1931 eum
776 1881 857 1930 semel

246 1981 280 2030 ab
297 1981 406 2031 Urbano
424 1980 504 2039 VIII,
523 1981 602 2031 ethis
615 1980 648 2030 ab
661 1981 816 2030 Innocentio
829 1981 857 2029 X

248 2079 376 2144 epistolae
403 2079 559 2136 scribuntur,
587 2086 664 2135 xxvi,
686 2088 762 2135 mx,
781 2089 857 2130 xxxi.

214 2177 377 2228 Fernsndes
388 2192 417 2241 p.
432 2178 575 2228 Antonia
586 2174 696 2244 (senior)
708 2177 735 2228 S.
745 2176 776 2235 1..
787 2176 857 2226 lassu

248 2276 423 2335 Patriarchae,
447 2276 524 2326 vertit
552 2275 699 2340 aethiopiae
725 2275 858 2339 liturgiam

250 2389 393 2435 romanam,
410 2384 469 2426 m.

216 2477 325 2526 Franco
355 2489 384 2538 p.
416 2473 558 2524 hamulus
587 2473 614 2524 S.
646 2473 668 2521 Ι.
698 2473 766 2522 Eius
792 2487 857 2537 opus

249 2572 391 2637 «Imagem
409 2571 444 2621 da
462 2571 562 2621 virtude
580 2584 623 2619 em
641 2587 658 2620 o
676 2569 813 2620 noviciado
824 2569 856 2618 de

246 2669 408 2726 Coimbran,
426 2679 453 2720 V.

520 2900 551 2962 G

210 3091 324 3154 Georgii
343 3091 474 3156 aethiopis
492 3090 615 3141 catholici
634 3090 745 3157 epistola
761 3091 794 3141 ad
805 3094 855 3141 Pa·

244 3188 396 3247 triarcham,
414 3198 479 3241 xxv.

211 3288 280 3349 Ges,
299 3298 444 3349 xvr,xn1v
463 3316 479 3328 -
504 3305 535 3339 eo
562 3289 679 3353 pervenit
705 3289 853 3355 patriarcha

246 3386 355 3437 Mendes
384 3384 417 3437 28
445 3388 508 3437 maii
530 3386 606 3451 1624,
630 3400 671 3437 xrr
693 3414 705 3427 ·
726 3387 796 3438 Goae
815 3403 854 3438 ar·

243 3484 425 3550 chiepiscopus
441 3484 513 3534 litem
527 3483 619 3535 habuit
630 3500 689 3534 cnm
704 3482 854 3535 Patriarcha

244 3583 312 3633 circa
339 3581 526 3641 ordinationes,
553 3594 590 3632 xi
618 3609 633 3621 -
658 3598 710 3647 qua
738 3584 853 3633 Romam

244 3679 330 3730 delata
348 3680 374 3730 S.
395 3680 423 3730 C.
444 3680 557 3731 Concilii
571 3679 737 3730 Patriarchae
752 3682 852 3746 praxim

243 3776 432 3835 condemnavit,
450 3790 495 3837 xi,
514 3788 567 3829 not.
590 3790 600 3827 1
622 3806 640 3818 -
655 3779 740 3829 Goani
753 3778 853 3829 archie-

242 3877 344 3942 piscopi
363 3876 476 3942 epistola
494 3876 528 3926 ad
546 3875 733 3936 Patriarcham,
752 3889 815 3930 ω’.

208 3974 312 4024 Gomes
339 3989 368 4038 p.
397 3972 523 4024 Andreas
543 3973 570 4026 S.
589 3974 612 4022 1.
640 3975 745 4039 scripsit
771 3975 851 4023 vitam

241 4070 405 4136 patriarchae
433 4071 550 4136 Mendes,
579 4087 609 4121 ex
633 4087 685 4136 qua
709 4050 782 4121 suam
807 4072 852 4120 de-

242 4171 353 4234 sumpsit
371 4185 397 4235 p.
416 4169 525 4227 Franco,
544 4181 639 4229 xxxix,
658 4180 712 4222 not.
734 4182 756 4222 1.

207 4268 361 4331 Gregorius
379 4268 455 4325 x111.
473 4276 544 4333 pont.
563 4284 637 4327 rom..
656 4278 721 4320 xxV.

206 4365 362 4425 Gordians,
384 4365 409 4418 fl.
430 4364 588 4425 Lusitaniae,
607 4378 646 4419 lv,

207 4464 291 4514 Guidi
310 4465 450 4527 ignatius,
470 4474 514 4523 xe,
534 4473 587 4515 not.
611 4477 632 4516 1.

512 4735 546 4794 H

205 4925 324 4986 Helena,
345 4926 496 4991 imperatrix
514 4926 679 4991 Aethiopiae,
692 4929 810 4979 laudatur
823 4929 850 4977 iu

240 5025 354 5089 epistola
373 5025 521 5076 Innocentil
535 5026 563 5075 X
576 5026 610 5076 ad
623 5026 766 5084 Fasiladis
781 5037 850 5076 xxxt

239 5134 264 5172 et
283 5131 338 5176 not.
358 5136 383 5186 4,

919 708 1113 768 Hergenrilter
1130 707 1210 764 card„
1230 716 1276 764 xi,
1295 716 1348 759 not.
1371 718 1393 759 1.

917 804 1151 868 Hierapolitanos
1169 806 1315 871 episcopus,
1333 820 1360 859 u.
1379 804 1525 856 dsRecha.

1229 1119 1245 1177 1

912 1339 1027 1400 icceghe
1053 1337 1245 1391 monachorum.
1271 1338 1318 1388 Ad
1336 1354 1394 1388 eum
1420 1340 1499 1388 semel
1526 1340 1559 1389 ab

947 1437 1052 1487 Urbano
1072 1438 1152 1495 VIII,
1171 1437 1212 1487 bis
1231 1436 1265 1487 ab
1284 1439 1437 1488 Innocentio
1456 1440 1485 1487 X
1504 1438 1559 1503 epl-

947 1536 1029 1586 stoiae
1047 1536 1202 1595 scribuntur,
1222 1548 1298 1596 xxvr,
1318 1548 1394 1594 xxix,
1413 1548 1489 1590 xm.

911 1634 1336 1700 ignatius(s.)eoasuetuc1ines,
1361 1650 1427 1699 quae
1452 1636 1558 1686 manile·

947 1742 986 1782 ste
1005 1749 1064 1783 cum
1083 1732 1133 1782 fide
1151 1732 1281 1783 catholica
1299 1749 1351 1783 non
1364 1744 1517 1799 pugnarent,
1531 1735 1557 1784 in

947 1831 1091 1896 Aethiopia
1110 1833 1256 1884 tolerantias
1274 1835 1449 1900 praescripsit,
1465 1844 1514 1884 xlv
1532 1841 1558 1883 et

946 1938 999 1980 not.
1022 1941 1044 1989 1,
1066 1942 1091 1979 2.

911 2024 1015 2090 ingoli,
1036 2044 1157 2078 romanus
1176 2030 1287 2095 praesui,
1308 2031 1462 2080 secretarius
1479 2029 1506 2083 S.
1526 2030 1556 2084 C.

947 2125 979 2173 de
998 2126 1076 2191 Prop.
1095 2124 1170 2185 Fide,
1184 2125 1261 2175 fidem
1274 2134 1388 2192 praestat
1401 2127 1479 2177 dictis
1489 2127 1558 2190 Zaga

947 2221 1073 2283 Christos,
1093 2223 1230 2288 mediaque
1249 2224 1281 2273 ad
1300 2239 1358 2273 eum
1380 2224 1555 2275 adiuvandum

945 2321 1067 2385 proponit
1086 2321 1298 2385 congregationi,
1317 2332 1374 2379 xlx,
1394 2330 1447 2373 not.
1473 2334 1500 2377 13
1518 2333 1556 2371 xx

948 2445 959 2458 ·
982 2419 1014 2469 de
1032 2420 1124 2470 eodem
1143 2430 1234 2485 postea
1253 2420 1364 2485 dubitat,
1383 2432 1440 2485 xxl,
1459 2428 1513 2473 not.
1530 2432 1554 2473 2.

910 2516 1068 2567 innocentii
1088 2519 1123 2578 X,
1144 2533 1209 2570 rom.
1227 2526 1308 2584 pont,
1333 2518 1408 2568 breve
1436 2518 1469 2567 ad
1489 2518 1554 2567 Mat·

948 2614 1051 2666 thaeum
1071 2615 1103 2667 de
1122 2616 1223 2675 Castro,
1242 2627 1305 2668 xer.

1215 2918 1236 2997 J

907 3136 1027 3199 Jacobus
1047 3137 1122 3187 della
1140 3140 1233 3189 Rocca
1244 3139 1372 3202 d'Algerl
1385 3140 1416 3192 sr.
1428 3139 1461 3191 O.
1474 3139 1552 3203 MM,

943 3234 1099 3297 guardianus
1109 3236 1267 3297 Placentiae,
1280 3247 1385 3287 accusat
1397 3238 1465 3300 Zaga
1477 3235 1552 3287 Chri·

944 3335 997 3383 stoe
1024 3335 1132 3399 eiusque
1159 3336 1244 3387 socios
1272 3337 1363 3386 iratres
1391 3336 1469 3393 MM..
1494 3346 1552 3394 xxi,

943 3438 996 3484 not.
1016 3441 1046 3495 33
1067 3442 1136 3485 xxli.

1216 3736 1245 3795 L

906 3953 1003 4002 huda
1021 3952 1064 4019 (a)
1084 3968 1112 4017 p.
1139 3953 1174 4003 ir.
1201 3953 1316 4013 Paulus,
1336 3954 1368 4006 Ο.
1388 3956 1456 4007 ΜΜ.
1476 3955 1551 4015 RR,

941 4050 1037 4100 Terrae
1055 4052 1165 4101 Sanctae
1189 4060 1285 4109 mutos,
1299 4052 1475 4102 testimonium
1494 4055 1550 4103 red-

941 4149 982 4198 dit
1000 4149 1032 4198 de
1050 4150 1129 4213 regiis
1147 4149 1279 4198 natalibus
1298 4150 1367 4213 Zaga
1383 4149 1501 4200 Christos
1524 4152 1550 4200 in

941 4248 1053 4312 epistola
1071 4248 1103 4296 ad
1122 4247 1149 4298 S.
1168 4247 1198 4299 C.
1217 4246 1249 4296 de
1270 4248 1345 4312 Prop.
1366 4247 1440 4306 Fide,
1466 4259 1551 4297 xvrrr-

941 4355 998 4403 nnn,
1018 4354 1071 4397 not.
1093 4358 1116 4396 a.

905 4443 983 4492 Lobo
1001 4458 1029 4506 p.
1050 4444 1243 4505 Hieronymus
1267 4443 1293 4495 S.
1313 4443 1344 4502 I.,
1373 4444 1473 4507 legatus
1501 4446 1551 4494 Pa·

941 4541 1067 4591 triarchae
1086 4543 1201 4591 Romam
1219 4551 1246 4593 et
1265 4541 1289 4591 in
1310 4543 1482 4602 Lusitaniam,
1496 4555 1551 4594 xiv

940 4665 957 4676 -
976 4640 1102 4689 rationem
1130 4639 1215 4689 reddit
1242 4641 1267 4692 S.
1287 4640 1490 4704 Congregationi
1519 4642 1551 4692 de

941 4738 1018 4802 Prop.
1038 4738 1105 4787 Fide
1123 4739 1155 4787 de
1173 4739 1260 4787 causis
1278 4737 1440 4803 aethiopicae
1465 4754 1551 4803 perse-

939 4836 1061 4895 cutionis,
1078 4847 1135 4885 xxx
1153 4862 1171 4875 -
1188 4837 1245 4886 eius
1264 4837 1362 4901 legatio
1375 4838 1403 4886 iu
1417 4838 1549 4902 Europam

938 4948 984 4982 cur
1001 4948 1049 4983 suo
1068 4933 1162 4983 effecm
1180 4936 1310 4994 frustrata,
1330 4945 1407 4984 xxxv
1418 4944 1445 4984 et
1458 4945 1510 4988 not.
1527 4946 1549 4988 1.

903 5033 980 5079 Luca
1001 5030 1042 5094 (s)
1061 5045 1090 5093 p.
1116 5032 1153 5082 ir.
1182 5034 1305 5093 Murcus,
1335 5032 1367 5084 Ο.
1386 5032 1455 5081 ΜΜ.
1475 5031 1550 5090 Ra..

941 5136 1019 5173 xxxii
1041 5152 1056 5165 -
1075 5127 1220 5191 praelectus
1245 5129 1378 5178 missionis
1406 5128 1542 5193 aegyptiae
