4066 6174
548 570 613 631 350
882 566 1156 618 EXPEDITIONIS
1180 568 1442 621 AETHIOPICAE
1465 570 1546 622 ETC.

546 713 590 775 ad
614 732 647 794 p.
672 712 811 776 Ioannis
834 733 942 786 aures,
967 734 1084 779 sacrae
1107 714 1345 781 Eucharistiae
1369 729 1596 782 commeatum
1620 721 1665 783 ab
1688 722 1811 783 eodem
1829 741 1880 784 su·

545 827 665 911 scepit,
690 840 724 893 et
751 840 898 911 quatuor
928 832 1093 896 ministris
1116 834 1384 898 succollantibus
1411 837 1524 899 mulae
1554 836 1746 918 impositus,
1778 856 1878 919 prope

545 944 630 1008 duas
653 964 675 1007 a
696 945 840 1009 meridie
863 946 964 1011 horas
988 948 1031 1011 ad
1054 949 1271 1033 designatum
1295 950 1361 1014 sibi
1385 951 1509 1015 collem
1533 954 1701 1033 pervenit.
1725 951 1879 1036 Quinque

545 1062 601 1123 vel
626 1080 690 1124 sex
713 1071 845 1125 tantum
870 1064 1068 1128 cohortibus
1090 1066 1303 1148 cingebatur,
1327 1069 1361 1129 in
1384 1068 1509 1149 quibus
1531 1068 1585 1131 bis
1608 1068 1705 1132 mille
1728 1079 1763 1132 et
1786 1071 1877 1151 quin·

543 1179 640 1260 genti
663 1178 719 1241 vel
743 1179 787 1242 ad
810 1199 978 1243 summum
1002 1191 1055 1244 ter
1079 1183 1220 1253 milleni,
1245 1202 1387 1265 quorum
1413 1184 1567 1267 plerique
1589 1195 1744 1266 tyrones,
1769 1204 1877 1248 cense-

544 1293 683 1366 bantur;
708 1294 859 1375 simplex
882 1295 1034 1376 equitum
1057 1306 1169 1360 turma
1192 1308 1366 1363 tercentos
1388 1320 1456 1363 non
1479 1302 1675 1383 superabat.
1699 1301 1816 1383 Ipsum
1831 1321 1877 1365 se

543 1409 711 1489 quebatur
734 1407 872 1474 Guebra
894 1408 1050 1476 Christos
1073 1412 1294 1496 Imperatoris
1321 1434 1438 1499 gener,
1469 1415 1635 1498 Gojamae
1662 1436 1801 1500 promit,
1829 1419 1876 1480 vir

542 1533 577 1587 et
599 1522 800 1589 fortitudine
824 1537 859 1590 et
882 1523 949 1589 fido
972 1529 1201 1611 praepollens,
1225 1550 1303 1593 cum
1326 1543 1406 1595 octo
1428 1533 1486 1595 vel
1510 1552 1634 1597 novem
1657 1545 1780 1616 quater
1806 1535 1875 1596 mil·

543 1641 657 1704 lenum
681 1652 715 1705 et
745 1643 1011 1725 quingentorum
1035 1647 1183 1708 militurn
1207 1646 1421 1721 cohortibus;
1446 1649 1494 1711 ita
1515 1659 1553 1712 ut
1577 1669 1697 1713 omnes
1721 1652 1756 1713 in
1778 1669 1874 1712 unam

542 1776 707 1820 summam
732 1759 870 1822 collecti
894 1759 1013 1823 novies
1034 1760 1193 1825 millenos
1209 1781 1277 1825 non
1293 1763 1542 1845 adaequarent;
1559 1783 1688 1847 eosque
1702 1767 1875 1847 pauciores

541 1873 710 1937 dissensio
733 1871 856 1947 effecit,
874 1894 952 1938 nam
970 1873 1137 1957 Gojamae
1152 1896 1291 1959 prorex,
1308 1878 1475 1943 leviculas
1489 1880 1658 1962 quasdam
1674 1878 1874 1943 offensiones

541 1989 680 2072 publico
704 1991 829 2054 damno
852 2010 1086 2073 compensans,
1110 2014 1191 2057 suos
1214 1995 1258 2057 ad
1283 1995 1456 2077 duplicem
1480 1996 1537 2059 vel
1567 1997 1739 2077 triplicem
1770 1997 1873 2077 sclopi

541 2107 667 2169 iactum
692 2106 847 2170 diversos
869 2118 922 2171 est
945 2118 1103 2181 metatus,
1128 2130 1205 2174 cum
1229 2110 1380 2174 Biconus
1405 2110 1544 2193 tyranni
1567 2121 1670 2193 caput
1700 2131 1761 2174 seu
1792 2112 1871 2183 Ras,

540 2224 635 2286 cultu
670 2224 807 2304 quidem
843 2226 1045 2299 rusticanus,
1072 2227 1135 2289 sed
1165 2227 1306 2291 militari
1336 2229 1482 2291 consilio
1512 2239 1547 2291 et
1578 2228 1701 2291 robore
1730 2228 1872 2291 lusitano

540 2337 675 2403 Viriato
698 2339 907 2415 simillimus,
930 2351 968 2403 ut
990 2360 1028 2405 se
1051 2342 1272 2424 imperatorio
1294 2354 1485 2425 opponeret
1508 2343 1599 2407 ultra
1626 2344 1749 2406 vicena
1771 2344 1870 2405 bella·

540 2465 650 2519 torum
675 2456 785 2519 millia
809 2468 1010 2521 numeraret.

226 2576 280 2627 vl:
296 2575 465 2659 nummis
479 2578 513 2626 ab
628 2576 658 2635 6.
683 2572 838 2636 Noverat
861 2574 971 2636 hostis
994 2576 1133 2657 egregie
1156 2577 1306 2658 oppositi
1330 2578 1503 2640 exercitus
1525 2577 1764 2661 exiguitatem,
1779 2577 1868 2639 ducis

189 2648 318 2770 fflfm
357 2661 512 2698 mm
539 2689 807 2752 invaletudinem
831 2700 866 2753 et
890 2689 957 2752 loci
980 2692 1207 2772 iniquitatem,
1230 2694 1291 2755 sod
1314 2693 1380 2755 sibi
1403 2713 1443 2756 ac
1474 2694 1546 2756 suis
1573 2694 1726 2756 maxime
1752 2711 1867 2774 oppor-

539 2815 666 2877 tunam,
689 2826 767 2869 cum
791 2804 1016 2890 confragosus
1039 2819 1131 2872 esset
1153 2820 1189 2872 et
1211 2810 1382 2891 equitibus
1405 2807 1559 2882 infestus,
1584 2811 1655 2873 suis
1685 2820 1797 2873 autem
1812 2828 1867 2891 per

538 2921 705 2986 lastenses
728 2923 889 3005 scopulos
913 2925 1021 2987 instar
1044 2943 1241 3005 caprearum
1267 2936 1301 2989 et
1329 2925 1502 2988 simiarum
1526 2925 1687 2988 subsilire
1718 2927 1865 2996 assuetis

538 3036 640 3101 facile
664 3040 831 3103 meabilis.
855 3038 928 3102 Vix
951 3051 1187 3122 pervenerant,
1210 3042 1291 3123 quin
1309 3042 1420 3104 vallos
1436 3040 1708 3105 circum*ducere
1723 3052 1864 3124 possent,
1884 3042 1962 3099 irati.

536 3164 570 3218 et
592 3155 697 3219 situm
720 3156 829 3218 oculis
860 3156 1015 3228 lustrare,
1047 3176 1124 3219 cum
1155 3158 1317 3220 rusticani
1345 3157 1502 3239 pluribus
1525 3159 1634 3238 portis
1664 3158 1864 3241 ingruerunt.

536 3269 612 3334 Ras
636 3272 679 3334 ad
703 3281 772 3334 tres
806 3272 862 3334 vel
896 3282 1042 3352 quatuor
1075 3273 1110 3334 in
1141 3292 1203 3335 sua
1233 3283 1344 3335 castra
1375 3273 1550 3343 ducentes,
1582 3292 1670 3355 equo
1701 3273 1864 3337 laboriose

535 3406 733 3459 conscenso,
764 3387 952 3458 advolavit,
985 3407 1131 3470 eumque
1162 3398 1215 3451 ter
1242 3389 1299 3451 vel
1331 3399 1452 3469 quater
1482 3390 1637 3452 animose
1668 3389 1815 3452 incitans
1836 3400 1865 3452 et

535 3502 669 3566 hastam
694 3503 860 3585 quatiens,
884 3503 1013 3567 milites
1036 3505 1079 3567 ad
1100 3506 1267 3586 proelium
1285 3506 1382 3567 brevi
1398 3507 1551 3568 oratione
1567 3505 1775 3578 cohortatus,
1791 3525 1866 3588 prae

535 3618 692 3680 dolorum
716 3620 932 3700 impatientia
955 3621 1093 3693 desiliit,
1118 3630 1152 3683 et
1175 3621 1281 3683 sellae
1305 3621 1458 3684 insidens
1481 3631 1603 3685 cuncta
1618 3622 1823 3704 disponebat
1837 3633 1866 3684 et

222 3740 327 3789 Hom
355 3739 429 3789 colle
459 3739 508 3788 ne-
534 3734 758 3797 subsidiarios
781 3754 849 3816 quo
873 3736 984 3798 acrior
998 3746 1071 3799 erat
1086 3736 1234 3800 hostium
1258 3739 1433 3801 contentio
1455 3738 1689 3803 submittebat.
1707 3737 1780 3801 Ubi
1796 3758 1866 3811 curu

187 3811 287 3860 mm
534 3849 670 3914 fortiter
692 3853 736 3914 ad
760 3853 845 3916 duas
868 3853 969 3915 horas
991 3864 1180 3935 pugnatum
1204 3864 1305 3927 esset,
1325 3875 1386 3917 eos
1416 3865 1497 3918 ante
1524 3865 1659 3917 noctem
1692 3855 1785 3917 colle
1814 3874 1867 3947 pe·

534 3968 625 4029 nitus
648 3968 789 4039 deiecit;
813 3979 847 4030 et
871 3978 949 4050 post
967 3979 1063 4033 actas
1079 3969 1155 4032 Deo
1171 3973 1301 4052 gratias
1316 3972 1387 4033 suis
1402 3980 1576 4052 receptum
1592 3969 1730 4033 indixit.
1755 3970 1865 4055 Ipsum

533 4101 617 4146 vero
640 4084 853 4166 experientia
876 4085 1038 4148 docuerat
1062 4085 1218 4149 novicios
1239 4097 1273 4148 et
1304 4088 1496 4150 instrenuos
1510 4087 1649 4158 milites,
1677 4089 1791 4177 magis
1805 4099 1867 4151 ter·

534 4218 618 4271 rore,
643 4219 746 4281 quam
770 4201 901 4282 pudore
924 4199 1071 4264 fraenari
1095 4211 1129 4264 et
1152 4221 1241 4273 suos,
1269 4201 1300 4264 si
1329 4204 1412 4283 quid
1443 4213 1535 4265 recte
1564 4204 1741 4273 turbarum
1771 4216 1864 4273 esset,

534 4315 679 4395 pedibus
701 4334 739 4378 se
769 4318 1075 4389 commendaturos,
1099 4327 1132 4378 et
1157 4335 1190 4398 p.
1215 4315 1335 4379 Ioanni
1359 4317 1402 4379 ad
1428 4336 1678 4400 quemcumque
1708 4329 1864 4382 eventum

532 4432 805 4511 pernicissimum
830 4452 875 4494 ex
898 4433 969 4494 suis
992 4451 1116 4512 equum
1140 4432 1328 4513 deputavit.

219 4555 353 4616 Gojamae
381 4568 504 4616 prom
622 4565 650 4626 7.
676 4548 716 4611 In
739 4568 917 4631 proregern
941 4545 1181 4630 Gojamensem
1205 4549 1314 4611 maior
1339 4549 1467 4613 laboris
1485 4558 1520 4612 et
1535 4551 1679 4631 periculi
1695 4551 1804 4614 moles
1819 4553 1863 4614 in·

181 4625 297 4677 valide
322 4640 461 4689 pugnans,
486 4641 503 4676 a
624 4665 630 4677 .
867 4665 873 4677 .
1145 4666 1151 4679 .
1461 4665 1467 4678 .
1631 4668 1637 4680 .

180 4696 242 4748 nnio
260 4696 407 4748 deseritur.
532 4665 659 4727 cubu1t.
687 4663 797 4727 Locus
820 4684 921 4736 emm,
945 4685 1045 4746 quem
1070 4675 1210 4728 sortitus
1233 4663 1354 4737 fuerat,
1379 4666 1535 4728 hostibus
1556 4667 1708 4748 undique
1731 4668 1863 4749 patebat

530 4789 564 4841 et
588 4780 631 4842 ab
655 4779 697 4842 iis
720 4781 870 4861 undique
893 4782 1120 4862 premebatur,
1145 4782 1206 4844 sed
1229 4782 1357 4844 collato
1381 4783 1469 4863 pede
1500 4791 1534 4845 et
1557 4783 1671 4845 animo
1688 4782 1861 4855 constanti,

530 4906 633 4978 atque
657 4898 826 4960 obdunto
849 4906 1021 4960 certarnen
1047 4899 1094 4961 in.
1105 4908 1240 4961 noctem
1265 4899 1447 4979 protraxit·
1472 4896 1542 4961 Ubi
1565 4909 1679 4962 tamen
1707 4901 1861 4963 tenebrae

528 5022 607 5075 sunt
632 5013 803 5084 densatae,
832 5013 997 5076 militibus
1030 5025 1141 5078 metus
1172 5014 1324 5077 adolevit
1354 5024 1389 5077 et
1420 5016 1529 5097 pudor
1557 5016 1636 5099 (quo
1660 5037 1732 5079 nox
1762 5015 1860 5093 caret)

527 5128 687 5200 excessit,
713 5147 898 5210 eorumque
922 5132 1058 5211 plurimi
1083 5133 1214 5213 proelio
1239 5133 1373 5215 dilapsi,
1399 5133 1468 5195 suis
1490 5134 1697 5197 stationibus
1713 5134 1858 5205 desertis,
