<?xml version="1.0" encoding="UTF-8"?>
<!DOCTYPE html PUBLIC "-//W3C//DTD XHTML 1.0 Transitional//EN"
    "http://www.w3.org/TR/xhtml1/DTD/xhtml1-transitional.dtd">
<html xmlns="http://www.w3.org/1999/xhtml" xml:lang="en" lang="en">
 <head>
  <title>
</title>
<meta http-equiv="Content-Type" content="text/html;charset=utf-8" />
  <meta name='ocr-system' content='tesseract 3.04.00' />
  <meta name='ocr-capabilities' content='ocr_page ocr_carea ocr_par ocr_line ocrx_word'/>
</head>
<body>
  <div class='ocr_page' id='page_1' title='image "./rerumaethiopica00beccgoog_0102.png"; bbox 0 0 4124 6182; ppageno 0'>
   <div class='ocr_carea' id='block_1_1' title="bbox 746 2167 1009 2243">
    <p class='ocr_par' dir='ltr' id='par_1_1' title="bbox 746 2167 1009 2243">
     <span class='ocr_line' id='line_1_1' title="bbox 746 2167 1009 2243; baseline -0.008 0"><span class='ocrx_word' id='word_1_1' title='bbox 746 2167 934 2243; x_wconf 88' lang='lat' dir='ltr'><strong>CAPUT</strong></span> <span class='ocrx_word' id='word_1_2' title='bbox 961 2168 1009 2242; x_wconf 88' lang='grc' dir='ltr'>ΙΙ.</span> 
     </span>
    </p>
   </div>
   <div class='ocr_carea' id='block_1_2' title="bbox 334 2432 1425 2532">
    <p class='ocr_par' dir='ltr' id='par_1_2' title="bbox 334 2432 1425 2532">
     <span class='ocr_line' id='line_1_2' title="bbox 334 2432 1425 2532; baseline 0.006 -25"><span class='ocrx_word' id='word_1_3' title='bbox 334 2436 399 2507; x_wconf 89' lang='lat' dir='ltr'>De</span> <span class='ocrx_word' id='word_1_4' title='bbox 427 2434 514 2506; x_wconf 91' lang='lat' dir='ltr'>Nili</span> <span class='ocrx_word' id='word_1_5' title='bbox 543 2432 734 2522; x_wconf 85' lang='lat' dir='ltr'>fontibus,</span> <span class='ocrx_word' id='word_1_6' title='bbox 763 2434 891 2529; x_wconf 90' lang='lat' dir='ltr'>petris</span> <span class='ocrx_word' id='word_1_7' title='bbox 918 2444 960 2509; x_wconf 87' lang='lat' dir='ltr'>et</span> <span class='ocrx_word' id='word_1_8' title='bbox 987 2444 1135 2510; x_wconf 90' lang='lat' dir='ltr'>natura</span> <span class='ocrx_word' id='word_1_9' title='bbox 1161 2435 1425 2532; x_wconf 83' lang='lat' dir='ltr'><strong>Aethiopiae.</strong></span> 
     </span>
    </p>
   </div>
   <div class='ocr_carea' id='block_1_3' title="bbox 208 2779 1900 5050">
    <p class='ocr_par' dir='ltr' id='par_1_3' title="bbox 208 2779 1900 5050">
     <span class='ocr_line' id='line_1_3' title="bbox 301 2779 1895 2876; baseline -0.001 -34"><span class='ocrx_word' id='word_1_10' title='bbox 301 2801 329 2842; x_wconf 91' lang='lat'>1.</span> <span class='ocrx_word' id='word_1_11' title='bbox 354 2779 466 2843; x_wconf 90' lang='lat' dir='ltr'>Nobis</span> <span class='ocrx_word' id='word_1_12' title='bbox 489 2798 572 2862; x_wconf 85' lang='lat' dir='ltr'>ergo</span> <span class='ocrx_word' id='word_1_13' title='bbox 595 2780 733 2861; x_wconf 87' lang='lat' dir='ltr'>saepius</span> <span class='ocrx_word' id='word_1_14' title='bbox 755 2781 901 2844; x_wconf 84' lang='lat' dir='ltr'>retulere</span> <span class='ocrx_word' id='word_1_15' title='bbox 924 2780 1089 2854; x_wconf 86' lang='lat' dir='ltr'>Lusitani,</span> <span class='ocrx_word' id='word_1_16' title='bbox 1114 2802 1176 2864; x_wconf 87' lang='lat' dir='ltr'>per</span> <span class='ocrx_word' id='word_1_17' title='bbox 1198 2783 1324 2846; x_wconf 88' lang='lat' dir='ltr'>multos</span> <span class='ocrx_word' id='word_1_18' title='bbox 1348 2803 1455 2847; x_wconf 89' lang='lat' dir='ltr'>annos</span> <span class='ocrx_word' id='word_1_19' title='bbox 1477 2784 1545 2847; x_wconf 90' lang='lat' dir='ltr'>Na·</span> <span class='ocrx_word' id='word_1_20' title='bbox 1576 2866 1582 2876; x_wconf 29' lang='grc' dir='ltr'>ι</span> <span class='ocrx_word' id='word_1_21' title='bbox 1609 2794 1669 2845; x_wconf 79' lang='lat' dir='ltr'>mli</span> <span class='ocrx_word' id='word_1_22' title='bbox 1687 2795 1780 2843; x_wconf 79' lang='lat' dir='ltr'>tontes</span> <span class='ocrx_word' id='word_1_23' title='bbox 1794 2791 1824 2841; x_wconf 86' lang='lat' dir='ltr'>in</span> <span class='ocrx_word' id='word_1_24' title='bbox 1838 2793 1895 2841; x_wconf 80' lang='lat' dir='ltr'>co-</span> 
     </span>
     <span class='ocr_line' id='line_1_4' title="bbox 211 2879 1658 2969; baseline 0.003 -12"><span class='ocrx_word' id='word_1_25' title='bbox 211 2896 310 2958; x_wconf 89' lang='lat' dir='ltr'>ninae</span> <span class='ocrx_word' id='word_1_26' title='bbox 334 2895 369 2958; x_wconf 91' lang='lat' dir='ltr'>in</span> <span class='ocrx_word' id='word_1_27' title='bbox 394 2893 539 2959; x_wconf 86' lang='lat' dir='ltr'>Goiama</span> <span class='ocrx_word' id='word_1_28' title='bbox 562 2897 706 2969; x_wconf 83' lang='lat' dir='ltr'>incolae,</span> <span class='ocrx_word' id='word_1_29' title='bbox 730 2906 764 2959; x_wconf 88' lang='lat' dir='ltr'>et</span> <span class='ocrx_word' id='word_1_30' title='bbox 786 2896 875 2958; x_wconf 90' lang='lat' dir='ltr'>inter</span> <span class='ocrx_word' id='word_1_31' title='bbox 898 2917 957 2959; x_wconf 89' lang='lat' dir='ltr'>eos</span> <span class='ocrx_word' id='word_1_32' title='bbox 981 2897 1127 2961; x_wconf 88' lang='lat' dir='ltr'>Ioannes</span> <span class='ocrx_word' id='word_1_33' title='bbox 1149 2896 1291 2961; x_wconf 85' lang='lat' dir='ltr'>Gabriel</span> <span class='ocrx_word' id='word_1_34' title='bbox 1313 2899 1451 2962; x_wconf 90' lang='lat' dir='ltr'>illorum</span> <span class='ocrx_word' id='word_1_35' title='bbox 1475 2901 1546 2962; x_wconf 85' lang='lat' dir='ltr'>dux</span> <span class='ocrx_word' id='word_1_36' title='bbox 1573 2879 1658 2915; x_wconf 58' lang='grc' dir='ltr'>Μ’·</span> 
     </span>
     <span class='ocr_line' id='line_1_5' title="bbox 208 3010 1546 3096; baseline 0.003 -23"><span class='ocrx_word' id='word_1_37' title='bbox 208 3023 243 3074; x_wconf 90' lang='lat' dir='ltr'>et</span> <span class='ocrx_word' id='word_1_38' title='bbox 267 3012 365 3074; x_wconf 90' lang='lat' dir='ltr'>senio</span> <span class='ocrx_word' id='word_1_39' title='bbox 389 3023 424 3074; x_wconf 90' lang='lat' dir='ltr'>et</span> <span class='ocrx_word' id='word_1_40' title='bbox 447 3013 649 3074; x_wconf 89' lang='lat' dir='ltr'>auctoritate</span> <span class='ocrx_word' id='word_1_41' title='bbox 672 3014 898 3085; x_wconf 86' lang='lat' dir='ltr'>venerandus,</span> <span class='ocrx_word' id='word_1_42' title='bbox 923 3023 958 3075; x_wconf 90' lang='lat' dir='ltr'>et</span> <span class='ocrx_word' id='word_1_43' title='bbox 983 3014 1090 3093; x_wconf 81' lang='lat' dir='ltr'>aliqui</span> <span class='ocrx_word' id='word_1_44' title='bbox 1114 3010 1298 3077; x_wconf 88' lang='lat' dir='ltr'>Societatis</span> <span class='ocrx_word' id='word_1_45' title='bbox 1320 3015 1398 3077; x_wconf 90' lang='lat' dir='ltr'>Iesu</span> <span class='ocrx_word' id='word_1_46' title='bbox 1422 3025 1546 3096; x_wconf 89' lang='lat' dir='ltr'>patres,</span> 
     </span>
     <span class='ocr_line' id='line_1_6' title="bbox 210 3125 1547 3211; baseline 0.004 -22"><span class='ocrx_word' id='word_1_47' title='bbox 210 3147 296 3207; x_wconf 92' lang='lat' dir='ltr'>quos</span> <span class='ocrx_word' id='word_1_48' title='bbox 321 3127 404 3189; x_wconf 90' lang='lat' dir='ltr'>illuc</span> <span class='ocrx_word' id='word_1_49' title='bbox 427 3136 461 3190; x_wconf 92' lang='lat' dir='ltr'>et</span> <span class='ocrx_word' id='word_1_50' title='bbox 484 3128 611 3190; x_wconf 91' lang='lat' dir='ltr'>vicinia</span> <span class='ocrx_word' id='word_1_51' title='bbox 634 3136 669 3190; x_wconf 87' lang='lat' dir='ltr'>et</span> <span class='ocrx_word' id='word_1_52' title='bbox 684 3125 825 3199; x_wconf 89' lang='lat' dir='ltr'>fontem,</span> <span class='ocrx_word' id='word_1_53' title='bbox 843 3130 992 3210; x_wconf 81' lang='lat' dir='ltr'>antiquis</span> <span class='ocrx_word' id='word_1_54' title='bbox 1007 3129 1051 3191; x_wconf 91' lang='lat' dir='ltr'>ad</span> <span class='ocrx_word' id='word_1_55' title='bbox 1071 3130 1283 3211; x_wconf 88' lang='lat' dir='ltr'>paraemiam</span> <span class='ocrx_word' id='word_1_56' title='bbox 1299 3130 1480 3203; x_wconf 88' lang='lat' dir='ltr'>occultum,</span> <span class='ocrx_word' id='word_1_57' title='bbox 1498 3130 1547 3194; x_wconf 91' lang='lat' dir='ltr'>in-</span> 
     </span>
     <span class='ocr_line' id='line_1_7' title="bbox 209 3241 1547 3330; baseline 0.004 -26"><span class='ocrx_word' id='word_1_58' title='bbox 209 3243 360 3325; x_wconf 80' lang='lat' dir='ltr'>dagandi</span> <span class='ocrx_word' id='word_1_59' title='bbox 384 3244 565 3306; x_wconf 89' lang='lat' dir='ltr'>curiositas</span> <span class='ocrx_word' id='word_1_60' title='bbox 588 3244 722 3314; x_wconf 87' lang='lat' dir='ltr'>accivit,</span> <span class='ocrx_word' id='word_1_61' title='bbox 752 3244 786 3306; x_wconf 90' lang='lat' dir='ltr'>in</span> <span class='ocrx_word' id='word_1_62' title='bbox 810 3244 981 3307; x_wconf 89' lang='lat' dir='ltr'>territorio</span> <span class='ocrx_word' id='word_1_63' title='bbox 1004 3241 1157 3318; x_wconf 89' lang='lat' dir='ltr'>Sacalae,</span> <span class='ocrx_word' id='word_1_64' title='bbox 1182 3247 1379 3327; x_wconf 87' lang='lat' dir='ltr'>provinciae</span> <span class='ocrx_word' id='word_1_65' title='bbox 1402 3245 1547 3330; x_wconf 84' lang='lat' dir='ltr'>Agaoae</span> 
     </span>
     <span class='ocr_line' id='line_1_8' title="bbox 210 3356 1548 3444; baseline 0.004 -24"><span class='ocrx_word' id='word_1_66' title='bbox 210 3359 255 3420; x_wconf 88' lang='lat' dir='ltr'>ad</span> <span class='ocrx_word' id='word_1_67' title='bbox 280 3356 503 3423; x_wconf 84' lang='lat' dir='ltr'>Occidentem</span> <span class='ocrx_word' id='word_1_68' title='bbox 528 3367 563 3421; x_wconf 92' lang='lat' dir='ltr'>et</span> <span class='ocrx_word' id='word_1_69' title='bbox 586 3360 825 3422; x_wconf 90' lang='lat' dir='ltr'>duodecimum</span> <span class='ocrx_word' id='word_1_70' title='bbox 852 3361 896 3422; x_wconf 90' lang='lat' dir='ltr'>ab</span> <span class='ocrx_word' id='word_1_71' title='bbox 919 3360 1119 3441; x_wconf 89' lang='lat' dir='ltr'>Aequatore</span> <span class='ocrx_word' id='word_1_72' title='bbox 1146 3363 1301 3444; x_wconf 82' lang='lat' dir='ltr'>gradum,</span> <span class='ocrx_word' id='word_1_73' title='bbox 1326 3363 1361 3424; x_wconf 90' lang='lat' dir='ltr'>in</span> <span class='ocrx_word' id='word_1_74' title='bbox 1385 3363 1548 3425; x_wconf 89' lang='lat' dir='ltr'>eminenti</span> 
     </span>
     <span class='ocr_line' id='line_1_9' title="bbox 211 3474 1548 3558; baseline 0.005 -24"><span class='ocrx_word' id='word_1_75' title='bbox 211 3475 301 3556; x_wconf 86' lang='lat' dir='ltr'>iugo,</span> <span class='ocrx_word' id='word_1_76' title='bbox 326 3475 419 3555; x_wconf 90' lang='lat' dir='ltr'>quod</span> <span class='ocrx_word' id='word_1_77' title='bbox 443 3495 463 3537; x_wconf 90' lang='lat' dir='ltr'>a</span> <span class='ocrx_word' id='word_1_78' title='bbox 486 3483 585 3555; x_wconf 84' lang='lat' dir='ltr'>tergo</span> <span class='ocrx_word' id='word_1_79' title='bbox 609 3474 644 3537; x_wconf 91' lang='lat' dir='ltr'>in</span> <span class='ocrx_word' id='word_1_80' title='bbox 669 3476 756 3537; x_wconf 88' lang='lat' dir='ltr'>muri</span> <span class='ocrx_word' id='word_1_81' title='bbox 779 3477 928 3557; x_wconf 86' lang='lat' dir='ltr'>speciem</span> <span class='ocrx_word' id='word_1_82' title='bbox 952 3495 1052 3557; x_wconf 89' lang='lat' dir='ltr'>rupes</span> <span class='ocrx_word' id='word_1_83' title='bbox 1068 3478 1103 3538; x_wconf 92' lang='lat' dir='ltr'>in</span> <span class='ocrx_word' id='word_1_84' title='bbox 1123 3478 1263 3539; x_wconf 80' lang='lat' dir='ltr'>nimiam</span> <span class='ocrx_word' id='word_1_85' title='bbox 1280 3476 1548 3558; x_wconf 86' lang='lat' dir='ltr'>profunditatem</span> 
     </span>
     <span class='ocr_line' id='line_1_10' title="bbox 208 3591 1548 3675; baseline 0.005 -25"><span class='ocrx_word' id='word_1_86' title='bbox 208 3591 377 3671; x_wconf 82' lang='lat' dir='ltr'>abruptae</span> <span class='ocrx_word' id='word_1_87' title='bbox 401 3591 567 3661; x_wconf 89' lang='lat' dir='ltr'>muniunt,</span> <span class='ocrx_word' id='word_1_88' title='bbox 588 3591 766 3672; x_wconf 89' lang='lat' dir='ltr'>planitiem</span> <span class='ocrx_word' id='word_1_89' title='bbox 782 3592 825 3653; x_wconf 92' lang='lat' dir='ltr'>ad</span> <span class='ocrx_word' id='word_1_90' title='bbox 842 3592 968 3672; x_wconf 89' lang='lat' dir='ltr'>lapidis</span> <span class='ocrx_word' id='word_1_91' title='bbox 984 3593 1111 3654; x_wconf 89' lang='lat' dir='ltr'>iactum</span> <span class='ocrx_word' id='word_1_92' title='bbox 1127 3612 1341 3675; x_wconf 88' lang='lat' dir='ltr'>quocumque</span> <span class='ocrx_word' id='word_1_93' title='bbox 1356 3604 1548 3675; x_wconf 89' lang='lat' dir='ltr'>protentam</span> 
     </span>
     <span class='ocr_line' id='line_1_11' title="bbox 214 3702 1549 3778; baseline 0.007 -16"><span class='ocrx_word' id='word_1_94' title='bbox 214 3705 288 3775; x_wconf 92' lang='lat' dir='ltr'>visi,</span> <span class='ocrx_word' id='word_1_95' title='bbox 314 3706 391 3767; x_wconf 93' lang='lat' dir='ltr'>solo</span> <span class='ocrx_word' id='word_1_96' title='bbox 414 3702 570 3776; x_wconf 87' lang='lat' dir='ltr'>flaccido,</span> <span class='ocrx_word' id='word_1_97' title='bbox 594 3707 696 3778; x_wconf 90' lang='lat' dir='ltr'>iunci,</span> <span class='ocrx_word' id='word_1_98' title='bbox 720 3708 867 3769; x_wconf 90' lang='lat' dir='ltr'>caricum</span> <span class='ocrx_word' id='word_1_99' title='bbox 891 3727 932 3769; x_wconf 86' lang='lat' dir='ltr'>ac</span> <span class='ocrx_word' id='word_1_100' title='bbox 953 3704 1116 3770; x_wconf 88' lang='lat' dir='ltr'>fruticum</span> <span class='ocrx_word' id='word_1_101' title='bbox 1144 3707 1318 3772; x_wconf 89' lang='lat' dir='ltr'>radicibus</span> <span class='ocrx_word' id='word_1_102' title='bbox 1333 3709 1549 3772; x_wconf 90' lang='lat' dir='ltr'>cancellatim</span> 
     </span>
     <span class='ocr_line' id='line_1_12' title="bbox 210 3821 1601 3904; baseline 0.005 -23"><span class='ocrx_word' id='word_1_103' title='bbox 210 3821 357 3891; x_wconf 73' lang='lat' dir='ltr'>intexto</span> <span class='ocrx_word' id='word_1_104' title='bbox 382 3831 414 3882; x_wconf 93' lang='lat' dir='ltr'>et</span> <span class='ocrx_word' id='word_1_105' title='bbox 440 3822 484 3883; x_wconf 87' lang='lat' dir='ltr'>ad</span> <span class='ocrx_word' id='word_1_106' title='bbox 501 3822 671 3883; x_wconf 89' lang='lat' dir='ltr'>modicam</span> <span class='ocrx_word' id='word_1_107' title='bbox 688 3823 828 3903; x_wconf 83' lang='lat' dir='ltr'>vestigii</span> <span class='ocrx_word' id='word_1_108' title='bbox 845 3822 1105 3904; x_wconf 89' lang='lat' dir='ltr'>impressionem</span> <span class='ocrx_word' id='word_1_109' title='bbox 1122 3823 1329 3897; x_wconf 78' lang='lat' dir='ltr'>subsidente,</span> <span class='ocrx_word' id='word_1_110' title='bbox 1346 3836 1380 3888; x_wconf 88' lang='lat' dir='ltr'>et</span> <span class='ocrx_word' id='word_1_111' title='bbox 1395 3846 1441 3887; x_wconf 83' lang='lat' dir='ltr'>ex</span> <span class='ocrx_word' id='word_1_112' title='bbox 1456 3826 1550 3888; x_wconf 92' lang='lat' dir='ltr'>illius</span> <span class='ocrx_word' id='word_1_113' title='bbox 1600 3855 1601 3858; x_wconf 39' lang='lat'>¹</span> 
     </span>
     <span class='ocr_line' id='line_1_13' title="bbox 213 3937 1550 4009; baseline 0.004 -12"><span class='ocrx_word' id='word_1_114' title='bbox 213 3946 331 3998; x_wconf 87' lang='lat' dir='ltr'>centro</span> <span class='ocrx_word' id='word_1_115' title='bbox 348 3937 433 3998; x_wconf 89' lang='lat' dir='ltr'>duas</span> <span class='ocrx_word' id='word_1_116' title='bbox 448 3939 632 4008; x_wconf 86' lang='lat' dir='ltr'>scatebras,</span> <span class='ocrx_word' id='word_1_117' title='bbox 650 3938 793 4000; x_wconf 87' lang='lat' dir='ltr'>alteram</span> <span class='ocrx_word' id='word_1_118' title='bbox 810 3940 1010 4009; x_wconf 90' lang='lat' dir='ltr'>uberiorem,</span> <span class='ocrx_word' id='word_1_119' title='bbox 1031 3940 1172 4002; x_wconf 87' lang='lat' dir='ltr'>alteram</span> <span class='ocrx_word' id='word_1_120' title='bbox 1188 3943 1378 4003; x_wconf 88' lang='lat' dir='ltr'>tenuiorem</span> <span class='ocrx_word' id='word_1_121' title='bbox 1395 3943 1550 4004; x_wconf 89' lang='lat' dir='ltr'>emicare:</span> 
     </span>
     <span class='ocr_line' id='line_1_14' title="bbox 210 4052 1550 4136; baseline 0.006 -24"><span class='ocrx_word' id='word_1_122' title='bbox 210 4052 246 4113; x_wconf 90' lang='lat' dir='ltr'>in</span> <span class='ocrx_word' id='word_1_123' title='bbox 270 4071 414 4134; x_wconf 90' lang='lat' dir='ltr'>quarum</span> <span class='ocrx_word' id='word_1_124' title='bbox 439 4052 582 4114; x_wconf 91' lang='lat' dir='ltr'>alteram</span> <span class='ocrx_word' id='word_1_125' title='bbox 605 4053 759 4115; x_wconf 89' lang='lat' dir='ltr'>immissa</span> <span class='ocrx_word' id='word_1_126' title='bbox 782 4054 905 4136; x_wconf 86' lang='lat' dir='ltr'>viginti</span> <span class='ocrx_word' id='word_1_127' title='bbox 930 4062 1075 4135; x_wconf 91' lang='lat' dir='ltr'>quatuor</span> <span class='ocrx_word' id='word_1_128' title='bbox 1097 4056 1289 4136; x_wconf 90' lang='lat' dir='ltr'>palmorum</span> <span class='ocrx_word' id='word_1_129' title='bbox 1312 4056 1411 4119; x_wconf 90' lang='lat' dir='ltr'>hasta</span> <span class='ocrx_word' id='word_1_130' title='bbox 1426 4059 1461 4119; x_wconf 93' lang='lat' dir='ltr'>in</span> <span class='ocrx_word' id='word_1_131' title='bbox 1478 4059 1550 4120; x_wconf 91' lang='lat' dir='ltr'>nul-</span> 
     </span>
     <span class='ocr_line' id='line_1_15' title="bbox 212 4167 1549 4256; baseline 0.006 -28"><span class='ocrx_word' id='word_1_132' title='bbox 212 4167 282 4229; x_wconf 90' lang='lat' dir='ltr'>lum</span> <span class='ocrx_word' id='word_1_133' title='bbox 307 4168 454 4240; x_wconf 91' lang='lat' dir='ltr'>obicem,</span> <span class='ocrx_word' id='word_1_134' title='bbox 479 4168 514 4229; x_wconf 91' lang='lat' dir='ltr'>in</span> <span class='ocrx_word' id='word_1_135' title='bbox 537 4169 644 4229; x_wconf 85' lang='lat' dir='ltr'>altera</span> <span class='ocrx_word' id='word_1_136' title='bbox 667 4169 712 4229; x_wconf 92' lang='lat' dir='ltr'>ad</span> <span class='ocrx_word' id='word_1_137' title='bbox 733 4167 915 4231; x_wconf 86' lang='lat' dir='ltr'>herbarum</span> <span class='ocrx_word' id='word_1_138' title='bbox 940 4189 1001 4231; x_wconf 91' lang='lat' dir='ltr'>seu</span> <span class='ocrx_word' id='word_1_139' title='bbox 1026 4167 1185 4233; x_wconf 87' lang='lat' dir='ltr'>fruticum</span> <span class='ocrx_word' id='word_1_140' title='bbox 1215 4168 1319 4234; x_wconf 88' lang='lat' dir='ltr'>fibras</span> <span class='ocrx_word' id='word_1_141' title='bbox 1342 4175 1549 4256; x_wconf 83' lang='lat' dir='ltr'>impingitur.</span> 
     </span>
     <span class='ocr_line' id='line_1_16' title="bbox 212 4283 1552 4371; baseline 0.006 -26"><span class='ocrx_word' id='word_1_142' title='bbox 212 4283 356 4364; x_wconf 87' lang='lat' dir='ltr'>Aquam</span> <span class='ocrx_word' id='word_1_143' title='bbox 389 4302 472 4345; x_wconf 90' lang='lat' dir='ltr'>vero</span> <span class='ocrx_word' id='word_1_144' title='bbox 504 4304 597 4357; x_wconf 85' lang='lat' dir='ltr'>mox,</span> <span class='ocrx_word' id='word_1_145' title='bbox 631 4287 689 4347; x_wconf 93' lang='lat' dir='ltr'>ubi</span> <span class='ocrx_word' id='word_1_146' title='bbox 720 4287 755 4346; x_wconf 92' lang='lat' dir='ltr'>in</span> <span class='ocrx_word' id='word_1_147' title='bbox 788 4305 887 4348; x_wconf 90' lang='lat' dir='ltr'>auras</span> <span class='ocrx_word' id='word_1_148' title='bbox 918 4288 1094 4367; x_wconf 89' lang='lat' dir='ltr'>processit,</span> <span class='ocrx_word' id='word_1_149' title='bbox 1125 4284 1308 4369; x_wconf 86' lang='lat' dir='ltr'>fungosum</span> <span class='ocrx_word' id='word_1_150' title='bbox 1343 4290 1428 4352; x_wconf 89' lang='lat' dir='ltr'>illud</span> <span class='ocrx_word' id='word_1_151' title='bbox 1451 4310 1552 4371; x_wconf 88' lang='lat' dir='ltr'>spon·</span> 
     </span>
     <span class='ocr_line' id='line_1_17' title="bbox 212 4401 1551 4488; baseline 0.005 -28"><span class='ocrx_word' id='word_1_152' title='bbox 212 4402 419 4481; x_wconf 83' lang='lat' dir='ltr'>giosumque</span> <span class='ocrx_word' id='word_1_153' title='bbox 445 4401 557 4462; x_wconf 90' lang='lat' dir='ltr'>solum</span> <span class='ocrx_word' id='word_1_154' title='bbox 585 4401 739 4463; x_wconf 89' lang='lat' dir='ltr'>resorbet</span> <span class='ocrx_word' id='word_1_155' title='bbox 765 4410 799 4463; x_wconf 88' lang='lat' dir='ltr'>et</span> <span class='ocrx_word' id='word_1_156' title='bbox 821 4402 982 4473; x_wconf 89' lang='lat' dir='ltr'>occultat,</span> <span class='ocrx_word' id='word_1_157' title='bbox 1007 4411 1043 4463; x_wconf 90' lang='lat' dir='ltr'>et</span> <span class='ocrx_word' id='word_1_158' title='bbox 1065 4411 1143 4483; x_wconf 89' lang='lat' dir='ltr'>post</span> <span class='ocrx_word' id='word_1_159' title='bbox 1166 4403 1261 4465; x_wconf 90' lang='lat' dir='ltr'>mille</span> <span class='ocrx_word' id='word_1_160' title='bbox 1290 4414 1324 4467; x_wconf 94' lang='lat' dir='ltr'>et</span> <span class='ocrx_word' id='word_1_161' title='bbox 1346 4406 1551 4488; x_wconf 84' lang='lat' dir='ltr'>quingentos</span> 
     </span>
     <span class='ocr_line' id='line_1_18' title="bbox 208 4515 1551 4596; baseline 0.002 -18"><span class='ocrx_word' id='word_1_162' title='bbox 208 4534 346 4596; x_wconf 67' lang='lat' dir='ltr'>passus</span> <span class='ocrx_word' id='word_1_163' title='bbox 372 4515 629 4579; x_wconf 87' lang='lat' dir='ltr'>subterraneum</span> <span class='ocrx_word' id='word_1_164' title='bbox 654 4517 748 4578; x_wconf 89' lang='lat' dir='ltr'>illius</span> <span class='ocrx_word' id='word_1_165' title='bbox 770 4536 905 4580; x_wconf 89' lang='lat' dir='ltr'>cursum</span> <span class='ocrx_word' id='word_1_166' title='bbox 936 4518 1108 4580; x_wconf 87' lang='lat' dir='ltr'>indicante</span> <span class='ocrx_word' id='word_1_167' title='bbox 1132 4520 1345 4580; x_wconf 81' lang='lat' dir='ltr'>vementium</span> <span class='ocrx_word' id='word_1_168' title='bbox 1370 4519 1551 4581; x_wconf 88' lang='lat' dir='ltr'>herbarum</span> 
     </span>
     <span class='ocr_line' id='line_1_19' title="bbox 210 4630 1551 4715; baseline 0.004 -24"><span class='ocrx_word' id='word_1_169' title='bbox 210 4632 401 4703; x_wconf 83' lang='lat' dir='ltr'>viriditate,</span> <span class='ocrx_word' id='word_1_170' title='bbox 425 4632 498 4693; x_wconf 91' lang='lat' dir='ltr'>sive</span> <span class='ocrx_word' id='word_1_171' title='bbox 521 4630 695 4713; x_wconf 87' lang='lat' dir='ltr'>Astapum</span> <span class='ocrx_word' id='word_1_172' title='bbox 722 4631 769 4714; x_wconf 80' lang='lat' dir='ltr'>(id</span> <span class='ocrx_word' id='word_1_173' title='bbox 801 4633 853 4694; x_wconf 92' lang='lat' dir='ltr'>illi</span> <span class='ocrx_word' id='word_1_174' title='bbox 884 4634 1039 4695; x_wconf 90' lang='lat' dir='ltr'>nascenti</span> <span class='ocrx_word' id='word_1_175' title='bbox 1072 4652 1196 4695; x_wconf 92' lang='lat' dir='ltr'>nomen</span> <span class='ocrx_word' id='word_1_176' title='bbox 1226 4631 1434 4715; x_wconf 85' lang='lat' dir='ltr'>significans,</span> <span class='ocrx_word' id='word_1_177' title='bbox 1465 4643 1551 4697; x_wconf 88' lang='lat' dir='ltr'>teste</span> 
     </span>
     <span class='ocr_line' id='line_1_20' title="bbox 210 4745 1900 4843; baseline 0.002 -34"><span class='ocrx_word' id='word_1_178' title='bbox 210 4746 327 4809; x_wconf 90' lang='lat' dir='ltr'>Plinio</span> <span class='ocrx_word' id='word_1_179' title='bbox 352 4746 408 4828; x_wconf 77' lang='grc' dir='ltr'>(ι),</span> <span class='ocrx_word' id='word_1_180' title='bbox 432 4766 556 4828; x_wconf 89' lang='lat' dir='ltr'>aquam</span> <span class='ocrx_word' id='word_1_181' title='bbox 580 4767 626 4810; x_wconf 82' lang='lat' dir='ltr'>ex</span> <span class='ocrx_word' id='word_1_182' title='bbox 648 4749 801 4810; x_wconf 89' lang='lat' dir='ltr'>tenebris</span> <span class='ocrx_word' id='word_1_183' title='bbox 831 4745 1070 4829; x_wconf 73' lang='lat' dir='ltr'>profluentem)</span> <span class='ocrx_word' id='word_1_184' title='bbox 1101 4750 1175 4810; x_wconf 89' lang='lat' dir='ltr'>sive</span> <span class='ocrx_word' id='word_1_185' title='bbox 1205 4748 1334 4821; x_wconf 89' lang='lat' dir='ltr'>Nilum,</span> <span class='ocrx_word' id='word_1_186' title='bbox 1361 4751 1466 4833; x_wconf 84' lang='lat' dir='ltr'>vulgo</span> <span class='ocrx_word' id='word_1_187' title='bbox 1502 4751 1551 4812; x_wconf 95' lang='lat' dir='ltr'>di·</span> <span class='ocrx_word' id='word_1_188' title='bbox 1614 4767 1737 4843; x_wconf 63' lang='lat' dir='ltr'>Astapus</span> <span class='ocrx_word' id='word_1_189' title='bbox 1761 4763 1831 4812; x_wconf 84' lang='lat' dir='ltr'>olim</span> <span class='ocrx_word' id='word_1_190' title='bbox 1857 4765 1900 4812; x_wconf 82' lang='lat' dir='ltr'>di-</span> 
     </span>
     <span class='ocr_line' id='line_1_21' title="bbox 210 4842 1899 4955; baseline 0.003 -30"><span class='ocrx_word' id='word_1_191' title='bbox 210 4871 305 4925; x_wconf 88' lang='lat' dir='ltr'>ctum</span> <span class='ocrx_word' id='word_1_192' title='bbox 331 4861 451 4924; x_wconf 88' lang='lat' dir='ltr'>Abaui</span> <span class='ocrx_word' id='word_1_193' title='bbox 475 4864 563 4925; x_wconf 88' lang='lat' dir='ltr'>idest</span> <span class='ocrx_word' id='word_1_194' title='bbox 586 4882 749 4943; x_wconf 88' lang='lat' dir='ltr'>aquarum</span> <span class='ocrx_word' id='word_1_195' title='bbox 772 4874 914 4945; x_wconf 90' lang='lat' dir='ltr'>patrem,</span> <span class='ocrx_word' id='word_1_196' title='bbox 938 4865 1029 4927; x_wconf 88' lang='lat' dir='ltr'>saltu</span> <span class='ocrx_word' id='word_1_197' title='bbox 1053 4864 1211 4946; x_wconf 91' lang='lat' dir='ltr'>primum,</span> <span class='ocrx_word' id='word_1_198' title='bbox 1240 4883 1323 4927; x_wconf 84' lang='lat' dir='ltr'>mox</span> <span class='ocrx_word' id='word_1_199' title='bbox 1346 4867 1446 4939; x_wconf 86' lang='lat' dir='ltr'>vade,</span> <span class='ocrx_word' id='word_1_200' title='bbox 1463 4886 1551 4929; x_wconf 91' lang='lat' dir='ltr'>nunc</span> <span class='ocrx_word' id='word_1_201' title='bbox 1579 4842 1655 4953; x_wconf 49' lang='lat'>{2²³0</span> <span class='ocrx_word' id='word_1_202' title='bbox 1669 4847 1779 4955; x_wconf 38' lang='lat'>{3¹5⁰</span> <span class='ocrx_word' id='word_1_203' title='bbox 1810 4848 1899 4891; x_wconf 55' lang='lat' dir='ltr'>ortu,</span> 
     </span>
     <span class='ocr_line' id='line_1_22' title="bbox 216 4978 966 5050; baseline 0.003 -10"><span class='ocrx_word' id='word_1_204' title='bbox 216 4978 357 5048; x_wconf 90' lang='lat' dir='ltr'>mitiori,</span> <span class='ocrx_word' id='word_1_205' title='bbox 383 4996 473 5039; x_wconf 90' lang='lat' dir='ltr'>nunc</span> <span class='ocrx_word' id='word_1_206' title='bbox 496 4978 620 5050; x_wconf 89' lang='lat' dir='ltr'>altiori,</span> <span class='ocrx_word' id='word_1_207' title='bbox 645 4979 827 5041; x_wconf 90' lang='lat' dir='ltr'>meabilem</span> <span class='ocrx_word' id='word_1_208' title='bbox 852 4980 966 5043; x_wconf 89' lang='lat' dir='ltr'>mittit.</span> 
     </span>
    </p>
   </div>
   <div class='ocr_carea' id='block_1_4' title="bbox 284 5129 685 5195">
    <p class='ocr_par' dir='ltr' id='par_1_4' title="bbox 284 5129 685 5195">
     <span class='ocr_line' id='line_1_23' title="bbox 284 5129 685 5195; baseline 0.012 -18"><span class='ocrx_word' id='word_1_209' title='bbox 284 5132 323 5191; x_wconf 89' lang='lat'>(1)</span> <span class='ocrx_word' id='word_1_210' title='bbox 343 5129 450 5185; x_wconf 87' lang='lat' dir='ltr'>Plin,</span> <span class='ocrx_word' id='word_1_211' title='bbox 469 5129 516 5182; x_wconf 84' lang='lat' dir='ltr'>lib.</span> <span class='ocrx_word' id='word_1_212' title='bbox 537 5140 561 5194; x_wconf 80' lang='lat'>5,</span> <span class='ocrx_word' id='word_1_213' title='bbox 580 5145 637 5195; x_wconf 78' lang='lat' dir='ltr'>cap.</span> <span class='ocrx_word' id='word_1_214' title='bbox 660 5141 685 5191; x_wconf 85' lang='lat'>9.</span> 
     </span>
    </p>
   </div>
   <div class='ocr_carea' id='block_1_5' title="bbox 0 0 2086 6180">
    <p class='ocr_par' dir='ltr' id='par_1_5' title="bbox 0 0 2086 6180">
     <span class='ocr_line' id='line_1_24' title="bbox 0 0 2086 6180; baseline 0 0"><span class='ocrx_word' id='word_1_215' title='bbox 0 0 2086 6180; x_wconf 95' lang='lat' dir='ltr'> </span> 
     </span>
    </p>
   </div>
  </div>
 </body>
</html>
