4166 6182
455 580 464 593 ν
550 556 623 605 XIV
1069 558 1332 609 INTRODUCTIO

550 703 690 778 iudicio
718 704 894 800 permitti.
925 705 1073 780 Certum
1105 722 1161 781 est
1189 733 1218 781 s.
1249 707 1448 803 ignatium,
1478 734 1563 783 cum
1592 708 1780 782 Oviedum
1814 707 1885 803 pri-

550 835 705 933 mosque
735 853 860 934 patres
890 839 926 911 in
958 839 1196 936 Aethiopiam
1229 841 1340 926 misit,
1371 841 1468 915 inter
1495 842 1569 915 alia
1606 840 1885 938 sapientissima

550 970 692 1043 monita
719 971 790 1046 hoc
819 971 912 1068 ipsis
941 972 1110 1069 impense
1138 973 1357 1059 inculcasse,
1384 990 1424 1049 ut
1444 974 1479 1047 in
1501 975 1714 1049 christianis
1732 975 1884 1049 Aethio-

549 1101 633 1198 piae
661 1129 727 1178 eos
755 1130 887 1180 omnes
914 1131 1016 1191 USUS,
1045 1107 1335 1182 consuetudines
1363 1109 1541 1205 legesque
1568 1110 1770 1182 tolerarent
1788 1133 1883 1204 quae

548 1260 632 1308 cum
676 1237 872 1334 principiis
914 1237 1000 1312 fidei
1044 1239 1251 1313 catholicae
1289 1266 1363 1313 non
1404 1240 1603 1315 manifesto
1641 1243 1881 1337 pugnabant:

554 1370 776 1462 «Quitados
804 1372 861 1445 los
890 1373 1028 1446 abusos
1056 1373 1328 1448 substanciales
1355 1400 1402 1447 en
1436 1390 1576 1471 quanto
1613 1374 1831 1473 perjudican
1861 1377 1883 1448 a

547 1507 584 1578 la
611 1506 647 1578 so'
675 1504 840 1590 sincera,
870 1506 918 1578 de
947 1507 1004 1580 los
1032 1522 1135 1581 otros
1162 1509 1300 1583 abusos
1328 1532 1400 1605 por
1426 1507 1460 1582 el
1489 1507 1676 1605 principio
1700 1508 1732 1582 si
1756 1509 1880 1604 pudie-

547 1665 611 1712 ren
641 1639 804 1735 quitarse
832 1639 1095 1714 ddiminuirse
1115 1666 1187 1715 con
1206 1642 1314 1715 favor
1332 1641 1393 1715 del
1413 1644 1541 1716 Preste
1556 1643 1663 1736 Juan,
1684 1667 1725 1717 es
1745 1643 1882 1740 mej0r;

546 1772 576 1846 si
608 1796 656 1845 no
684 1770 839 1867 pudiere
867 1798 937 1857 ser,
968 1798 990 1846 a
1018 1773 1055 1845 lo
1084 1798 1217 1847 menos
1245 1774 1387 1870 hagase
1414 1789 1495 1849 esto
1514 1789 1665 1849 constar
1683 1788 1823 1871 quanto
1842 1801 1882 1850 se

546 1904 701 2000 pudiere
729 1931 801 2001 que
820 1932 870 1980 no
890 1931 937 2003 ay
965 1906 1180 2004 obligacion
1201 1932 1293 2004 para
1313 1909 1550 1983 observarlos
1569 1934 1594 2005 y
1613 1933 1686 2004 que
1705 1933 1746 1982 es
1766 1909 1883 2007 mejor

546 2064 596 2112 no
624 2039 681 2113 los
709 2041 886 2114 observar
914 2065 1061 2137 aunque
1094 2067 1135 2116 se
1172 2042 1395 2138 permitan...
1418 2070 1436 2111 »
1456 2043 1521 2139 (1).
1551 2042 1626 2116 Ubi
1664 2043 1783 2139 probe
1820 2068 1881 2115 no·

546 2173 700 2246 tandum
729 2187 898 2248 sanctum
929 2174 1115 2270 ignatium
1145 2177 1192 2249 de
1220 2176 1400 2249 abusibus
1417 2175 1470 2273 (2)
1498 2175 1601 2272 loqui
1631 2201 1704 2249 non
1726 2201 1815 2250 vero
1835 2176 1880 2248 de

546 2306 674 2381 usibus
701 2306 839 2402 ubique
866 2308 978 2381 etiam
1008 2333 1030 2381 a
1057 2309 1253 2383 catholicis
1286 2308 1324 2382 in
1362 2309 1516 2384 Oriente
1554 2309 1725 2406 receptis,
1755 2323 1796 2382 ut
1823 2334 1878 2383 ex.

544 2466 601 2536 gr.
631 2440 804 2536 liturgiae
832 2442 1045 2528 celebrati0,
1077 2442 1159 2516 dies
1187 2441 1284 2529 sesti,
1320 2442 1470 2529 ieiunia,
1502 2441 1781 2518 matrimonium
1812 2444 1880 2517 cle·

545 2573 632 2646 ricis
661 2572 897 2670 permissum.

625 2729 660 2802 9.
691 2708 797 2782 Haec
826 2706 857 2782 si
888 2706 1103 2781 Patriarcha
1130 2707 1382 2804 Aethiopibus
1415 2710 1463 2781 ab
1495 2707 1603 2783 initio
1636 2707 1877 2805 permisisset,

545 2868 619 2916 non
649 2843 803 2915 adactus
840 2841 971 2915 fuisset
999 2842 1129 2938 paucis
1157 2857 1244 2938 post
1272 2841 1392 2926 annis,
1432 2842 1560 2916 Seltan
1595 2842 1723 2938 Sagad
1751 2857 1788 2915 et
1816 2867 1879 2938 po·

544 2977 633 3072 pulo
662 2976 899 3061 reclamante,
921 2977 1054 3049 eadem
1075 2976 1158 3071 ipsa
1176 2975 1383 3072 indulgere,
1406 3002 1479 3049 non
1502 2977 1615 3050 modo
1634 3001 1719 3050 cum
1741 3001 1877 3073 magno

543 3135 632 3184 suae
670 3108 866 3206 dignitatis
902 3109 969 3184 sed
1006 3108 1118 3183 etiam
1156 3110 1364 3183 catholicae
1401 3108 1596 3207 religionis
1632 3110 1875 3192 detrimento;

544 3269 628 3317 cum
658 3245 820 3339 populus
847 3268 895 3317 ex
924 3243 1036 3316 modo
1065 3242 1202 3339 agendi
1228 3243 1464 3316 Patriarchae
1484 3259 1521 3316 et
1540 3257 1687 3339 patrum
1707 3242 1779 3316 sibi
1800 3268 1877 3338 per-

544 3400 693 3451 suasum
714 3376 906 3451 habuisset
924 3377 1033 3449 huius
1059 3375 1209 3472 generis
1237 3376 1527 3450 consuetudines
1555 3378 1603 3449 ab
1620 3376 1878 3449 Alexandrina

544 3511 617 3584 fide
645 3536 711 3585 seu
740 3512 787 3584 ab
816 3510 959 3584 haeresi
989 3508 1203 3583 eutichiana
1230 3508 1395 3604 separari
1427 3535 1500 3583 non
1526 3534 1648 3605 posse,
1679 3508 1731 3582 ita
1749 3524 1790 3582 ut
1808 3525 1875 3583 sta·

545 3644 609 3718 tim
639 3670 683 3719 ac
712 3645 927 3718 Patriarcha
964 3669 1008 3717 ea
1046 3645 1196 3717 demum
1236 3643 1400 3728 indulsit,
1438 3642 1557 3716 maior
1595 3643 1874 3725 monachorum,

542 3777 762 3851 clericorum
792 3792 829 3851 et
862 3777 992 3873 populi
1030 3802 1117 3872 pars
1156 3777 1402 3872 proclamavit
1438 3776 1734 3851 Alexandrinam
1765 3777 1874 3849 fidem

542 3936 625 3985 esse
662 3911 883 3986 restitutam.
914 3912 1042 3984 Patres
1070 3909 1169 3983 enim
1207 3909 1298 3986 ritus
1335 3927 1372 3984 et
1409 3909 1701 3985 consuetudines
1722 3908 1876 3983 ⁴aethio·

621 4157 760 4235 (1)ASI,
785 4156 896 4227 Goaria,
923 4156 1005 4214 Hist.
1027 4157 1118 4226 neth,
1150 4153 1333 4231 1549·1629‚
1363 4158 1433 4216 doc.
1459 4156 1510 4227 IV,
1532 4158 1563 4215 ff.
1592 4155 1669 4213 8-12
1691 4155 1774 4233 (Rer.
1796 4154 1873 4213 Aeth.

542 4256 648 4331 script,
670 4258 731 4314 vol.
752 4254 775 4323 I,
797 4273 865 4331 pag.
889 4267 1024 4327 237·254
1049 4256 1199 4330 integrum
1215 4255 1338 4312 exhibui
1352 4255 1596 4328 documentum).
1611 4254 1648 4311 In
1663 4272 1718 4312 ms.
1733 4252 1873 4329 originali

543 4354 612 4412 loco
627 4353 736 4412 horum
758 4353 918 4411 verborum
940 4353 1112 4427 legebatur:
1135 4373 1152 4404 ‹
1166 4352 1299 4410 Toleren
1321 4354 1350 4411 lo
1368 4370 1428 4427 que
1443 4371 1475 4411 se
1490 4352 1591 4428 puede
1605 4351 1700 4409 etiam
1715 4352 1745 4409 la
1758 4352 1874 4408 circun-

542 4452 641 4510 cision
662 4460 765 4509 mente
786 4451 953 4509 donandae
967 4450 1073 4508 salutis
1088 4471 1116 4507 ».
1138 4448 1226 4521 Quae
1241 4451 1332 4508 verba
1346 4461 1470 4508 sanctus
1485 4450 1573 4508 Pater
1586 4449 1700 4507 abrasit
1714 4450 1813 4524 iisque
1827 4464 1873 4505 su·

542 4567 597 4624 pra
617 4551 712 4607 citata
733 4549 898 4607 substituit.

621 4645 666 4723 (2)
687 4646 857 4717 Prudenter
878 4666 899 4706 s.
924 4645 1060 4721 Ignatius
1081 4648 1192 4704 abusus
1213 4647 1368 4704 tollendos
1389 4646 1532 4704 bifariam
1560 4645 1729 4721 distinguit,
1759 4644 1870 4720 primo:

542 4746 574 4802 in
595 4763 648 4804 eos
670 4745 796 4813 scilicet,
818 4746 870 4820 qui
893 4764 910 4802 a
932 4745 992 4802 lide
1014 4744 1212 4803 abhorrentes
1233 4744 1361 4802 omnino
1383 4745 1449 4802 tolli
1466 4745 1630 4810 debebant,
1645 4752 1678 4800 ut
1693 4762 1739 4801 ex.
1754 4761 1797 4817 gr.
1812 4741 1872 4799 col·

542 4844 617 4902 latio
639 4844 782 4919 baptismi
805 4844 941 4901 invalida
962 4844 1002 4902 ob
1029 4843 1146 4900 formae
1175 4842 1421 4918 ineptitudinem,
1450 4860 1522 4900 usus
1549 4860 1647 4917 aquae
1675 4841 1782 4916 paucis
1812 4838 1870 4896 vini

540 4942 633 5017 guttis
655 4942 823 5016 permixtae
845 4942 876 4998 in
898 4942 1003 5000 calicis
1025 4941 1266 5009 consecratione,
1290 4940 1482 5015 inauguratio
1496 4940 1662 4998 infantium
1677 4938 1709 4994 in
1724 4938 1870 4996 diaconos

539 5049 570 5097 et
591 5040 719 5111 similia;
742 5050 772 5098 et
793 5041 939 5106 secundo,
962 5040 994 5096 in
1023 5039 1092 5097 illos
1120 5039 1173 5113 qui
1201 5038 1325 5096 tolerari
1353 5047 1497 5114 poterant
1526 5038 1635 5096 saltem
1658 5037 1689 5093 in
1712 5035 1818 5105 initiis,
1839 5041 1870 5090 ut

540 5158 585 5197 ex.
608 5158 649 5214 gr.
673 5156 809 5213 eaquae
831 5156 922 5213 supra
943 5138 1047 5196 notavi
1069 5155 1087 5193 a
1110 5136 1284 5195 Patriarcha
1306 5137 1399 5195 luisse
1420 5137 1548 5196 omnino
1570 5136 1727 5210 abrogata.
