4124 6182
707 605 824 654 ursan
848 607 872 664 1,
896 605 1021 655 cneus
1045 605 1100 655 111.
1527 610 1567 670 45

228 751 364 816 ticanis
388 752 569 825 iudicibus,
593 754 637 816 ab
660 751 704 816 iis
726 770 810 816 vero
834 752 878 816 ad
900 751 1050 836 Anoges,
1067 750 1156 815 idest
1181 771 1358 834 supremos
1381 761 1567 823 senatores,

230 870 355 950 partim
380 870 486 932 etiam
509 869 552 931 ad
576 869 767 937 dexteram,
790 868 916 951 partim
939 866 983 930 ad
1004 868 1137 930 laevam
1154 867 1388 942 considentes;
1405 878 1439 930 et
1455 869 1501 930 ab
1514 867 1570 931 his

234 986 275 1048 ad
299 983 548 1067 Imperatorem
573 987 674 1048 datur
696 985 906 1067 provocatio.
931 981 1038 1045 Caedi
1060 991 1200 1064 propter
1222 990 1392 1064 patratam
1419 983 1570 1056 caedem,
1634 987 1812 1047 Homicida,
1843 988 1919 1038 caen

231 1100 447 1163 adiudicatus
469 1101 561 1162 caesi
586 1100 859 1183 consanguineis,
883 1098 1000 1180 quiin
1031 1094 1207 1179 Scriptura
1230 1099 1388 1165 dicuntur
1412 1097 1575 1182 proximi
1598 1058 1920 1183 {ffffiffl

230 1215 415 1302 sanguinis
426 1214 482 1300 (ι),
498 1218 542 1278 ad
560 1215 713 1279 eiusdem
729 1215 880 1277 edictum
897 1212 1191 1277 excarnificandus
1214 1214 1371 1287 traditur,
1387 1214 1444 1276 vel
1464 1212 1569 1297 (quod

232 1352 299 1395 non
315 1343 368 1395 est
384 1332 508 1415 rarum)
525 1334 644 1395 oblato
659 1333 770 1414 pretio
787 1331 955 1394 liberatur
967 1329 1020 1414 (2).
1039 1330 1190 1393 Pretium
1206 1331 1242 1393 in
1264 1329 1485 1413 gravioribus
1504 1331 1570 1392 cri·

233 1449 382 1511 minibus
405 1448 515 1520 Arba,
533 1449 620 1512 idest
636 1449 865 1531 quadragena,
881 1457 1035 1519 vocatur,
1051 1449 1087 1508 in
1108 1445 1232 1526 quibus
1246 1446 1474 1531 quadraginta
1496 1447 1570 1508 auri

231 1563 362 1635 unciae,
387 1565 531 1627 totidem
556 1565 738 1645 mancipia,
760 1563 904 1625 totidem
927 1563 1016 1625 telae
1040 1561 1246 1644 gossipinae,
1267 1564 1384 1634 boves,
1401 1582 1494 1636 oves,
1515 1581 1570 1625 ca-

232 1699 313 1760 prae
336 1689 370 1741 et
396 1699 552 1743 vomeres
575 1680 762 1742 solvuntur.
787 1678 881 1742 inter
904 1698 945 1741 ea
961 1679 1106 1739 crimina
1121 1679 1327 1743 adulterium
1351 1687 1518 1750 censetur,
1535 1678 1570 1739 in

231 1796 326 1857 cuius
349 1796 515 1858 ultionem
540 1795 712 1856 neminem
735 1795 862 1856 scimus
884 1813 1044 1875 umquam
1067 1815 1088 1856 a
1112 1793 1234 1857 marito
1249 1813 1326 1857 cum
1344 1793 1486 1856 maecha
1501 1801 1571 1855 tru-

232 1912 400 1984 cidatum;
425 1912 552 1973 multos
575 1930 667 1981 vero,
693 1910 779 1972 citra
802 1909 992 1973 naturalem
1016 1910 1208 1972 belluarum
1232 1910 1267 1972 in
1290 1908 1418 1971 rivales
1445 1929 1570 1971 excan-

232 2027 455 2099 descentiam,
478 2028 565 2089 adeo
589 2027 768 2108 patientes,
785 2035 822 2088 ut
843 2025 929 2108 regii
953 2026 1130 2109 sanguinis
1152 2023 1338 2089 foeminam
1354 2045 1431 2088 cum
1447 2026 1571 2105 quovis

232 2152 516 2226 congraecantem
542 2141 595 2204 vir
620 2161 688 2205 non
711 2142 801 2204 ausit
824 2142 1060 2204 interturbare.

322 2279 350 2338 9.
376 2256 417 2320 In
442 2258 571 2339 nuptiis
595 2277 672 2319 cum
697 2265 906 2319 mortuorum
930 2254 1072 2319 fratrum
1095 2258 1261 2319 uxoribus
1288 2255 1514 2318 conciliandis
1537 2266 1571 2317 et
1634 2266 1668 2314 tn
1686 2263 1920 2313 matrimoniis

233 2375 417 2437 universim
441 2374 678 2436 discindendis
704 2374 812 2435 multo
836 2382 887 2435 est
904 2371 1122 2435 effraenatior
1139 2371 1211 2454 [sic]
1234 2374 1336 2454 quam
1361 2373 1396 2434 in
1419 2371 1570 2434 hebraeo
1598 2332 1791 2470 mx?
1808 2348 1920 2384 ”mm

233 2490 358 2571 populo
374 2490 531 2571 pruritus
551 2489 589 2550 In
607 2509 649 2552 eo
665 2491 758 2551 enim
774 2489 870 2551 solae
884 2487 965 2550 illae
982 2486 1154 2551 foeminae
1166 2486 1329 2550 fratribus
1340 2487 1571 2569 iungebantur

233 2626 318 2687 quae
341 2606 456 2668 nullos
471 2626 517 2668 ex
534 2607 706 2687 prioribus
722 2605 849 2667 liberos
864 2605 1095 2685 suscepissent
1106 2605 1168 2684 (3);
1186 2603 1369 2666 Abassinis
1383 2613 1492 2665 totum
1516 2613 1569 2665 est

234 2719 387 2794 illicium,
404 2740 463 2784 eas
487 2720 658 2793 fratribus,
675 2740 881 2803 quamquam
897 2717 1086 2792 faecundis‚
1103 2720 1304 2800 innupsisse.
1322 2718 1502 2781 Hebraeos
1517 2739 1572 2781 so·

235 2836 355 2899 lemnis
371 2836 481 2899 libelli
498 2838 633 2919 repudii
656 2857 677 2898 a
691 2836 801 2899 thoris
820 2835 1048 2899 dissociandis
1072 2837 1279 2917 conscriptio
1296 2835 1494 2896 morabatur
1506 2832 1569 2915 (4);

233 2949 427 3015 Abassinos
450 2953 524 3014 sola
547 2954 730 3041 verborum
753 2952 960 3014 renuntiatio
972 2951 1153 3034 disiungit;
1170 2951 1213 3011 ad
1236 2970 1348 3032 quam,
1366 2969 1443 3011 curn
1460 2950 1570 3030 primo

234 3066 370 3148 nuptiae
394 3067 647 3139 contrahuntur,
671 3085 855 3148 sponsores
886 3067 930 3128 ab
960 3077 1103 3148 utroque
1135 3067 1281 3148 coniuge
1311 3063 1508 3139 offeruntur,
1534 3079 1571 3126 ut

234 3191 267 3246 et
290 3185 413 3246 canina
440 3185 653 3265 impudentia
683 3183 785 3265 primi
816 3202 1021 3265 congressus
1051 3183 1242 3265 coniugalis
1265 3183 1334 3244 sint
1363 3190 1469 3243 testes
1491 3182 1572 3263 (quo

234 3296 363 3361 fossam
388 3298 523 3362 mistice
547 3300 664 3361 allusit
688 3298 805 3369 isaias,
830 3318 907 3360 cum
931 3298 1039 3360 dixit:
1063 3296 1218 3361 Adhibui
1230 3296 1319 3360 mr‘lri
1330 3301 1429 3359 testes
1435 3296 1572 3379 fideles,

238 3413 359 3479 Unom
385 3415 588 3478 sacerdotem
611 3418 644 3477 et
666 3412 1002 3496 Zoclionomfilznnr
1018 3411 1219 3485 Borachioe,
1244 3417 1278 3476 ot
1304 3410 1485 3475 accossioo'
1493 3418 1573 3497 pro·

138 3550 206 3604 ²75·
229 3529 427 3614 photinam,
450 3533 486 3592 ei
506 3529 656 3613 concepit
676 3533 711 3592 er
725 3528 863 3613 peponi
874 3529 1012 3612 filium)
1026 3528 1068 3609 (5)
1101 3524 1154 3590 *et
1176 3530 1312 3610 quando
1339 3526 1457 3590 linitae
1483 3529 1573 3592 loca-

234 3647 337 3709 tionis
362 3647 423 3725 (sic
448 3647 585 3708 illorum
613 3647 831 3708 matrimonia
854 3646 923 3706 dici
939 3628 1053 3722 liceat)
1068 3654 1203 3725 tempus
1220 3644 1327 3706 libido
1343 3655 1401 3706 aut
1417 3644 1574 3706 simultas

234 3763 424 3833 advexerit,
453 3764 488 3823 in
519 3763 622 3824 aliam
646 3762 783 3824 domum
808 3779 885 3822 cum
908 3762 979 3822 suis
1002 3756 1223 3822 facultatibus
1239 3760 1370 3822 illaesis
1387 3763 1485 3842 (quae
1501 3769 1574 3822 tota

234 3876 372 3939 illorum
395 3886 448 3940 est
471 3879 564 3957 cura}
587 3877 765 3941 divertant.

328 4011 377 4054 10.
402 3990 451 4054 Ut
475 3992 558 4054 olim
583 3992 695 4052 luctus
719 3990 843 4053 mortui
866 3969 998 4072 septem
1022 3999 1119 4051 erant
1142 3990 1228 4059 dies,
1252 3999 1285 4051 et
1309 3989 1494 4071 aliquando
1515 3991 1573 4052 tri·
1637 4000 1718 4050 Ritus
1737 3998 1888 4048 funeratos.

234 4107 341 4191 ginta,
358 4106 546 4189 aliquando
569 4107 787 4188 septuaginta
799 4106 854 4189 (6),
870 4106 921 4169 sic
937 4106 1061 4168 mortui
1077 4106 1121 4167 ad
1138 4104 1316 4168 minimum
1333 4106 1368 4167 in
1384 4104 1575 4187 Aethiopia
1600 4185 1602 4189 y

234 4235 367 4305 septem
393 4223 515 4285 diebus
536 4222 735 4294 solemnius,
760 4223 945 4305 aliquando
960 4223 1104 4305 triginta
1120 4241 1183 4283 nec
1198 4240 1277 4284 raro
1293 4223 1338 4285 ad
1356 4242 1421 4286 sex
1437 4239 1573 4283 menses

234 4358 255 4400 a
276 4338 362 4400 viris
387 4338 508 4400 atratis
531 4346 565 4399 et
588 4334 750 4399 foeminis
772 4338 968 4408 sordidatis,
993 4336 1105 4418 capite
1128 4336 1271 4398 ulterius
1294 4336 1441 4398 candida
1456 4335 1573 4399 instita

234 4452 486 4536 circumligato,
510 4453 729 4536 planguntur,
742 4450 910 4534 praeficis,
931 4452 1078 4533 pelliceo
1101 4452 1251 4514 amiculo
1274 4452 1456 4533 coopertis,
1479 4460 1574 4514 ante·

235 4569 360 4632 lucano
384 4578 539 4650 tempore
563 4570 607 4631 ad
630 4570 776 4651 primum
800 4569 886 4652 galli
902 4577 1039 4631 cantum
1055 4567 1200 4650 lugubre
1216 4586 1353 4629 carmen
1375 4546 1574 4648 praecinen-

233 4685 326 4749 tibus
349 4694 384 4748 et
409 4686 674 4767 consanguineis
696 4695 800 4765 atque
822 4686 943 4747 amicis
966 4684 1010 4746 ad
1033 4684 1118 4746 solis
1140 4693 1251 4765 ortum
1279 4683 1573 4764 prosequentibus.

234 4798 280 4863 Et
304 4810 341 4863 ut
364 4800 476 4863 maior
498 4801 752 4864 commiseratio
776 4800 968 4871 suscitetur,
992 4818 1109 4881 equus,
1134 4810 1247 4862 vestes
1262 4810 1295 4861 et
1312 4818 1406 4860 arma
1422 4796 1575 4861 defuncti

234 4916 271 4978 in
295 4916 448 4978 medium
472 4913 691 4997 proferuntur
713 4925 747 4978 et
770 4917 815 4979 ad
838 4915 976 4998 singula
999 4924 1049 4977 tot
1073 4924 1106 4977 et
1122 4924 1192 4976 tam
1208 4915 1383 4976 luctuosae
1399 4914 1540 4976 naeniae
1556 4935 1577 4977 a

324 5074 364 5142 (1)
379 5077 482 5141 2Reg„
495 5087 535 5138 14,
548 5091 573 5127 n,
591 5087 629 5126 11.
642 5103 671 5112 -
685 5074 725 5143 (a)
736 5078 857 5133 Denter„
873 5088 912 5135 19,
923 5092 947 5127 n.
962 5088 1000 5126 12.
1016 5104 1044 5112 -
1057 5074 1097 5139 (3)
1108 5077 1227 5130 Denter„
1240 5084 1280 5135 25,
1292 5090 1315 5126 n.
1331 5084 1353 5136 5.
1368 5102 1395 5112 -
1410 5078 1446 5139 (4)
1457 5076 1576 5131 Denter„

238 5178 282 5229 24,
302 5183 328 5218 n,
351 5178 373 5217 1.
394 5192 430 5203 -
449 5168 489 5227 (5)
510 5166 580 5220 lsai„
601 5164 625 5216 8,
645 5180 669 5215 u.
691 5177 705 5212 2
726 5173 751 5213 et
771 5175 794 5224 3.
815 5192 848 5205 -
867 5163 907 5229 (b)
926 5165 1032 5221 Eccles„
1054 5177 1094 5215 22.
1115 5180 1138 5215 n.
1162 5174 1201 5224 13.
