4066 6174
603 550 718 601 LIBER
741 553 779 613 11,
804 552 929 604 CAPUT
952 554 1097 604 xxx111.
1455 536 1513 614 381

284 682 335 742 16.
361 683 462 751 Hanc
476 693 648 776 epistolem
671 700 708 763 V.
733 700 901 765 Maiestas
922 702 1018 766 malli
1036 699 1194 776 ostendat,
1217 702 1278 764 sea'
1300 701 1455 783 operetur
1478 689 1523 755 ad

187 807 262 852 eam
286 813 440 865 normam
462 806 502 870 de
523 829 588 893 qua
618 814 655 876 V.
679 815 856 893 Maiestas,
876 823 911 882 et
930 838 988 905 ego
1010 816 1250 902 compatribus
1264 814 1354 878 cirea
1368 806 1524 895 resfidtt'

186 910 285 990 saepe
307 929 419 978 eoram
449 918 523 985 Deo
552 929 701 993 omm'am
732 934 865 996 aomina
895 938 1039 1009 tantam,
1062 932 1205 1020 ferimus
1234 928 1394 994 collocati.
1426 925 1521 988 Haec

184 1023 304 1089 omnia
327 1030 378 1092 aa'
403 1032 440 1096 V.
467 1037 678 1109 Maiestatem
702 1047 772 1112 late
794 1049 921 1123 seribo;
939 1070 998 1114 aee
1024 1050 1179 1113 vedeatur
1193 1068 1245 1111 me
1261 1050 1400 1109 mortem
1416 1045 1519 1124 expa-

183 1156 322 1218 vescere,
345 1145 384 1208 in
407 1170 506 1234 qaam
529 1157 681 1246 deinceps
702 1163 821 1248 retroue
842 1186 917 1229 sam
937 1167 1149 1235 rmearsreras,
1167 1162 1237 1227 iam
1252 1161 1342 1225 enim
1363 1179 1413 1221 me
1429 1156 1522 1220 tenet

181 1252 274 1320 vitae
307 1265 344 1323 et
375 1262 539 1334 honoram
569 1278 718 1355 satietas,
748 1302 822 1344 cam
853 1302 874 1345 a
903 1281 1031 1370 vigorati
1058 1286 1093 1344 et
1121 1284 1189 1343 octo
1216 1277 1320 1340 arem's
1350 1274 1387 1338 ia
1418 1287 1521 1355 regno

181 1366 245 1433 *V.
263 1373 467 1447 Maiestatis
481 1391 621 1454 summis
635 1393 834 1482 Aethiopiae
853 1397 1057 1469 maaeribas,
1075 1394 1120 1459 ad
1132 1394 1384 1480 queriqaagereos
1400 1382 1522 1450 aetat&

179 1504 298 1564 annos,
320 1492 386 1557 sem
404 1501 622 1587 perfunctus.
641 1510 734 1592 Quid
744 1513 891 1577 atteritis
905 1514 1028 1579 morbis
1041 1516 1173 1577 scateres
1193 1530 1269 1574 sam
1292 1494 1522 1571 moenianis?

177 1599 226 1663 Et
246 1602 287 1675 ²¹5¹
312 1628 376 1690 W
399 1616 493 1680 moa'o
514 1620 653 1699 maeror,
677 1648 729 1690 rae
751 1632 843 1692 terret
864 1651 906 1694 ree
928 1631 977 1695 ad
1004 1629 1041 1693 V.
1066 1627 1285 1692 Maiestatem
1303 1619 1432 1708 possim
1447 1633 1521 1678 eore-

174 1717 335 1794 tendere·
356 1724 406 1789 sie
427 1733 520 1797 enim
544 1759 596 1802 me
617 1740 717 1806 habeo
739 1749 780 1808 at
800 1743 956 1810 habebam
979 1766 1053 1808 erem
1077 1764 1129 1807 me
1158 1743 1197 1807 V.
1215 1738 1382 1803 Maiestas
1401 1733 1439 1796 ire
1455 1734 1521 1794 ter-

172 1849 249 1893 ram
274 1833 441 1907 Camkam
464 1869 601 1918 monere
623 1856 736 1922 iussit.
764 1860 905 1925 Caetera
936 1860 1040 1925 Vola'o
1063 1859 1157 1934 street,
1174 1876 1269 1942 quem
1301 1853 1339 1917 V·
1357 1847 1524 1914 Mamm

162 1947 269 2026 Mobe
290 1958 453 2037 agnosca.
478 1962 536 2029 Sic
560 1970 707 2056 insignis
724 1975 800 2040 Ras
821 1974 904 2041 Sele
920 1975 1085 2051 Christtss,
1101 1977 1136 2037 in
1153 1973 1266 2037 indice
1282 1988 1323 2032 ac
1339 1975 1425 2030 teste
1441 1975 1523 2024 suae

165 2056 246 2123 fidei
272 2075 308 2128 et
333 2080 558 2155 constantiae,
583 2090 744 2169 epistola,

12 1367 150 1429 s.178,v.
