4124 6182
681 599 795 647 ixassx
820 601 844 657 1,
870 601 995 648 cxeur
1021 603 1058 649 11.
1496 608 1535 667 33

286 767 315 821 3.
342 745 497 807 Plurima
520 747 554 808 in
579 745 696 809 Nilum
720 745 861 809 flumina
885 745 1039 817 influunt,
1063 767 1206 828 quorum
1222 750 1436 829 amplissima
1459 760 1537 812 sunt
1601 759 1885 811 Fluminnseinrtl-

192 858 322 924 Baxild
346 880 455 944 regna
477 861 699 944 Bagamediri
722 873 756 925 et
780 862 943 935 Amarae,
967 874 1001 926 et
1025 861 1173 943 Quecem
1191 864 1358 927 Amaram
1376 867 1484 946 ipsam
1502 875 1536 928 et
1564 830 1623 879 ιω
1645 830 1835 881 mmm

193 976 368 1039 Holecam
391 978 608 1058 dispescens;
631 978 751 1061 Maleg
766 990 799 1041 et
820 978 965 1059 Anquer
981 981 1015 1041 in
1032 999 1135 1041 unum
1152 981 1288 1042 alveum
1304 982 1535 1062 conspirantia

194 1104 227 1156 et
246 1112 356 1178 regna
369 1094 499 1157 Damut
511 1105 545 1157 et
557 1094 712 1157 Naraeae
729 1115 748 1156 a
765 1091 915 1166 Bizamo,
933 1093 1117 1158 Galatibus
1133 1106 1167 1158 et
1183 1094 1316 1178 Gongis
1328 1097 1533 1160 desecantia.

194 1210 277 1273 Post
301 1211 493 1293 longinqua
516 1212 699 1273 intervalla
722 1212 756 1272 in
781 1230 887 1293 regno
914 1210 1052 1292 Dequin
1084 1211 1317 1273 Nubianorum
1352 1230 1429 1274 cum
1454 1212 1535 1274 Nilo

194 1329 262 1390 coit
286 1327 490 1400 Tacasaeus,
515 1347 615 1409 quem
640 1327 770 1408 antiqui
795 1327 1003 1390 Astaboram
1032 1329 1162 1398 dixere,
1191 1329 1224 1390 in
1240 1326 1366 1391 finibus
1382 1326 1535 1411 Angotis

193 1456 227 1507 et
250 1444 474 1527 Bagamediri
498 1445 542 1507 ad
567 1445 692 1507 montis
715 1445 848 1506 radices
871 1464 916 1505 ex
941 1444 1067 1524 triplici
1091 1445 1298 1526 scaturigine
1326 1446 1535 1506 subnascens

193 1574 226 1626 et
252 1564 286 1625 in
310 1560 535 1625 Occidentem
559 1579 706 1642 pergens
730 1560 765 1621 in
788 1579 904 1621 eremo
927 1556 1063 1621 Oldeba
1086 1559 1121 1621 in
1145 1558 1399 1622 clementiorem
1421 1579 1534 1622 aream

192 1680 370 1748 devectus,
394 1673 533 1738 facilem
557 1695 578 1736 a
599 1674 749 1758 Tigraeo
773 1693 880 1757 regno
903 1675 938 1737 in
961 1674 1176 1738 Dambaeam
1199 1674 1417 1738 tendentibus
1445 1682 1534 1738 tran-

192 1797 297 1857 situm
320 1794 474 1874 praebet,
497 1794 587 1854 ultra
602 1793 749 1854 lacertos
766 1800 800 1854 et
815 1791 1093 1873 hippopotamos,
1110 1792 1300 1872 torpedine,
1318 1791 1533 1873 tangentium

192 1910 334 1973 brachia
359 1908 393 1970 in
417 1909 566 1971 subitum
590 1918 762 1989 stuporem
787 1917 950 1977 vertente,
975 1906 1221 1971 inhorrescens.
1242 1906 1404 1970 Marebus
1427 1927 1490 1969 sex
1514 1928 1534 1968 a
1597 1914 1662 1965 All·
1677 1915 1882 1979 Aethiopiae

193 2025 355 2088 Debaroa
379 2023 583 2087 milliaribus
605 2024 650 2085 ad
672 2021 896 2085 Occidentem
916 2042 1107 2103 erumpens,
1128 2031 1205 2103 post
1224 2022 1364 2103 planum
1381 2022 1530 2103 lapidem
1561 1987 1688 2036 flumina.

192 2142 338 2223 triginta
361 2161 424 2203 sex
448 2141 638 2203 cubitorum
666 2140 820 2220 elapsum
851 2140 887 2200 in
918 2138 1022 2200 imum
1054 2137 1251 2200 barathrum
1283 2137 1487 2208 devolvitur,
1514 2157 1533 2198 a

192 2277 260 2339 quo
284 2257 417 2319 aestivo
446 2267 603 2337 tempore
634 2255 746 2318 omnis
776 2254 884 2336 ipsius
915 2256 1029 2335 liquor
1059 2255 1270 2318 absorbetur.
1302 2250 1371 2316 Sed
1403 2254 1533 2316 exilia

192 2374 291 2434 ruina
322 2373 357 2433 in
382 2356 564 2435 Orientem
582 2371 708 2451 hyeme
738 2389 949 2451 consurgens
977 2379 1011 2432 et
1042 2370 1183 2432 alterius
1212 2367 1308 2431 fluvii
1337 2370 1533 2432 accessione

192 2489 331 2558 ditatus,
356 2487 517 2550 Debaroa
540 2488 582 2548 ad
606 2484 830 2549 Occidentem
854 2487 982 2556 relicta,
1007 2485 1121 2566 vergit
1145 2487 1179 2548 in
1204 2484 1371 2548 Austrum
1387 2494 1431 2556 et,
1455 2505 1533 2567 pro·

94 2647 100 2658 ·
148 2651 154 2662 .
191 2606 307 2667 vincia
324 2602 452 2666 Sarade
469 2605 513 2665 ab
529 2602 632 2675 Assa,
650 2603 769 2664 Harve
785 2612 819 2664 et
834 2601 958 2664 *Torat
970 2602 1128 2672 dissecta,
1141 2602 1318 2664 Alleluiae
1330 2602 1531 2664 caenobium

191 2719 456 2803 praeterlabitur
479 2729 513 2781 et
537 2718 817 2781 inbarbarorum
840 2717 1053 2798 Aethiopum
1077 2719 1251 2799 regionem
1268 2717 1452 2800 ingressus,
1469 2717 1533 2778 sub

190 2855 337 2899 arenoso
349 2836 425 2897 solo
436 2835 633 2905 tumulatur,
650 2853 753 2914 quem
769 2832 925 2896 Lusitani
942 2834 1025 2895 illue
1040 2834 1210 2895 bellorum
1223 2833 1427 2895 necessitate
1439 2850 1532 2893 com·

189 2953 291 3034 pulsi,
309 2972 399 3032 aqua
414 2951 516 3013 simul
541 2961 575 3012 et
598 2949 751 3031 piscibus
774 2969 818 3010 cx
843 2969 946 3011 arena
969 2948 1113 3020 haustiS,
1137 2949 1359 3029 poculentum
1377 2958 1411 3010 et
1426 2966 1531 3009 exeu-

189 3068 321 3129 lentum
346 3067 517 3129 invenere.
543 3065 720 3138 HaoaxeS,
736 3065 818 3127 Nilo
834 3066 998 3146 aequalis,
1018 3064 1154 3126 Xaoam
1172 3065 1216 3125 ad
1232 3061 1530 3145 Septemtrionem,

190 3181 330 3266 Oggem
354 3183 398 3246 ad
421 3182 588 3246 Austrum
612 3191 647 3245 et
670 3180 820 3264 Fategar
843 3182 886 3243 ad
910 3180 1087 3243 Orientem
1111 3177 1318 3251 interfluens
1338 3178 1461 3241 Adelis
1480 3198 1531 3240 re-

191 3318 299 3382 gnum
324 3300 368 3361 ad
392 3298 601 3381 Aquilonem
626 3299 849 3379 persequitur,
873 3297 1018 3359 collecto
1035 3296 1069 3358 in
1086 3316 1123 3359 se
1139 3294 1256 3358 blachi
1271 3293 1421 3366 flumine,
1439 3295 1531 3374 quod

190 3417 290 3498 palus
315 3412 408 3496 Zoay
425 3412 556 3486 fundit;
581 3425 615 3476 et
631 3436 651 3475 a
668 3413 816 3475 Zeilanis
832 3415 964 3476 colonis
981 3413 1015 3474 in
1039 3414 1156 3494 plures
1173 3413 1310 3474 canales
1332 3412 1530 3479 corrivatus,

191 3543 376 3614 antequam
393 3530 550 3592 Indicum
566 3549 659 3592 mare
677 3529 800 3601 videat,
817 3530 998 3601 exarescit,
1014 3548 1224 3610 quamquam
1241 3526 1347 3609 aliqui
1364 3546 1405 3588 eo
1421 3528 1530 3608 mergi

192 3649 411 3710 arbitrentur.

281 3785 312 3840 4.
338 3761 492 3844 Fragosa
516 3781 597 3843 prae
621 3764 762 3835 cunctis
791 3780 936 3842 quarum
959 3762 1131 3823 notionem
1159 3760 1344 3829 hausimus
1369 3758 1455 3821 haec
1478 3767 1531 3820 est
1594 3767 1688 3820 Nimis
1730 3768 1879 3851 fragosa

191 3880 301 3960 regio,
317 3879 405 3939 adeo
428 3887 465 3939 ut
481 3877 594 3958 Alpes
616 3877 880 3958 Pyrenaeosque
907 3877 1130 3958 transgressis
1146 3876 1232 3938 haec
1249 3878 1330 3956 iuga
1345 3874 1531 3937 accliviora
1559 3844 1627 3891 hm
1643 3849 1685 3889 ‘⁸‘
1704 3854 1791 3901 ‘⁸⁸¹⁰'

192 3994 385 4065 rideantur,
402 4003 522 4056 natura
538 3993 595 4055 vel
615 3993 722 4074 ipsius
737 4004 886 4063 auctore,
903 3994 933 4055 si
948 4012 1091 4074 usquam
1108 3992 1202 4061 alibi,
1219 3994 1252 4054 in
1270 3991 1416 4053 diversis
1435 4010 1531 4051 mon-

191 4111 287 4179 tium,
305 4112 414 4173 instar
429 4110 665 4172 columnarum
682 4112 831 4172 universi
856 4109 1034 4171 machinae
1050 4111 1270 4172 sustinendae
1286 4107 1530 4175 subiectorum,

192 4225 313 4289 formis
337 4226 524 4289 educendis
548 4227 695 4294 ludente.
720 4225 789 4288 Hic
812 4227 931 4288 videas
954 4226 1074 4306 templi
1098 4226 1267 4306 quadrati,
1292 4224 1363 4286 illic
1383 4222 1530 4291 rotundi,

191 4343 264 4406 illic
287 4342 465 4413 basilicae,
489 4343 641 4416 turrium,
653 4342 881 4425 pyramidum,
906 4362 1042 4412 caveae,
1067 4342 1173 4423 gladii
1194 4352 1228 4403 et
1252 4341 1396 4402 aliarum
1417 4356 1530 4400 rerum

192 4460 402 4521 mirabilium
426 4457 569 4539 species,
594 4478 682 4520 nunc
706 4479 751 4520 ex
776 4458 859 4538 ipsis
883 4458 1066 4527 montibus,
1091 4476 1180 4518 nunc
1204 4476 1250 4517 ex
1269 4457 1372 4537 plana
1388 4473 1467 4517 area
1484 4453 1531 4515 ita

191 4576 377 4637 ordinatim
401 4584 578 4655 surgentes
602 4582 639 4636 ut
655 4575 689 4636 in
706 4573 749 4635 iis
772 4594 898 4635 saxeae
921 4584 1041 4641 turres,
1066 4591 1127 4652 per
1150 4591 1260 4652 aequa
1284 4571 1464 4633 intervalla
1480 4572 1530 4632 di·

190 4690 344 4772 spositae
374 4697 548 4770 tamquam
580 4689 833 4770 exploratoriae
863 4688 1032 4770 speculae,
1064 4689 1229 4759 visantur,
1261 4698 1294 4750 et
1325 4696 1432 4750 totum
1464 4686 1530 4749 hoc
1594 4697 1689 4758 Rupes
1707 4695 1876 4777 inaccessae,

189 4805 375 4888 imperium
399 4804 541 4886 rupibus
564 4805 634 4866 illis
658 4805 702 4866 sit
725 4807 904 4877 consitum,
918 4825 1002 4886 quas
1025 4805 1091 4885 ipsi
1116 4804 1252 4866 Ambas
1276 4806 1401 4874 dicunt,
1427 4802 1461 4863 in
1478 4822 1530 4865 ar·
1558 4768 1877 4902 ‘ffessussfflmffffum'

188 4922 291 4994 cium,
316 4940 407 4983 nunc
431 4921 599 4982 maiorum
622 4940 711 4984 nunc
734 4922 914 4993 minorum,
938 4920 1197 4982 similitudinem
1221 4929 1255 4981 et
1279 4919 1313 4981 in
1334 4920 1528 4990 ducentum,

187 5044 394 5100 sexcentum
429 5044 463 5098 et
494 5035 590 5097 mille
620 5056 780 5117 passuum
811 5036 1027 5099 altitudinem
1059 5036 1201 5116 abrupte
1231 5035 1472 5116 productarum
1496 5045 1532 5096 et

186 5154 441 5223 circinatarum,
466 5152 511 5214 ad
534 5170 618 5232 quas
640 5172 726 5214 unus
750 5162 882 5214 tantum
906 5153 1005 5214 datur
1029 5152 1175 5213 arctiore
1199 5152 1320 5212 itinere
1344 5150 1529 5231 ingressus

268 5292 295 5333 C.
313 5292 415 5332 liccem
439 5291 496 5331 Rer.
511 5290 577 5331 ,tert
593 5290 683 5342 Sci-r'pl.
699 5304 744 5331 occ.
761 5292 827 5332 r'ned.
843 5314 867 5323 -
883 5290 949 5331 Vl‘I.
1437 5299 1448 5338 5
