4066 6174
584 576 700 626 Linon
725 578 765 637 11,
790 576 914 627 cAPur
938 577 1053 627 xxix
1422 582 1484 643 355

153 743 225 786 rum
249 723 490 787 collectionem
514 743 576 806 par
598 735 670 787 erat
694 723 867 788 festinare.
892 725 1025 797 Postea,
1043 745 1085 788 ne
1102 723 1207 788 frater
1222 735 1257 787 et
1273 726 1379 807 ipsius
1395 725 1487 787 adiu·

152 850 242 902 tores
265 841 488 903 Patriarchae
510 840 761 922 supellectilem
785 838 993 923 Gorgorram
1013 840 1244 904 transmittere
1259 851 1408 923 possent,
1425 842 1487 902 mi-

153 956 205 1018 nis
227 956 380 1018 sutilium
404 956 604 1037 cymbarum
628 966 781 1019 textores
813 975 855 1018 ne
879 956 958 1018 illas
980 956 1052 1019 ullo
1075 956 1206 1038 praetio
1234 956 1431 1027 venderent,
1454 969 1488 1018 et

153 1072 302 1154 remiges
327 1091 370 1134 ne
395 1072 439 1134 ad
462 1091 521 1134 eas
546 1071 771 1153 impellendas
794 1091 888 1135 suam
914 1090 1052 1153 operam
1070 1071 1233 1142 locarent,
1249 1071 1299 1134 sic
1315 1072 1488 1142 deterruit,

151 1195 196 1259 ut,
221 1207 299 1250 cnm
323 1190 449 1270 cymba
468 1189 562 1270 prius
578 1188 719 1250 denario
735 1189 792 1250 vel
808 1189 851 1250 ad
867 1207 1035 1251 summum
1054 1189 1180 1270 duplici
1199 1196 1381 1260 constaret,
1399 1207 1487 1250 nunc
1532 1219 1540 1233 ·

151 1321 253 1386 aegre
277 1304 395 1367 decem
419 1305 530 1366 aureis
553 1314 731 1367 emeretur.

239 1422 259 1481 6
296 1418 381 1483 Cum
416 1429 531 1487 tamen
559 1422 697 1502 tyranni
727 1420 895 1484 emissarii
927 1420 1109 1503 longiores,
1142 1439 1244 1503 quam
1276 1422 1350 1503 ipse
1382 1420 1486 1483 vellet
1548 1425 1832 1489 rirruomarugtum

151 1546 207 1597 aut
231 1537 303 1616 pati
327 1546 443 1617 posset
468 1555 581 1599 moras
606 1536 793 1609 traherent,
824 1537 953 1599 veritus
984 1555 1027 1599 ne
1057 1536 1165 1619 ipsius
1195 1545 1337 1600 conatus
1367 1536 1486 1619 vulga·
1512 1508 1541 1547 ⁸⁸
1557 1499 1665 1549 Μ’*

151 1660 276 1723 rentur,
295 1652 397 1714 ducto
412 1671 527 1715 secum
551 1652 644 1715 omni
667 1653 860 1715 domestico
884 1651 1110 1715 instrumento
1133 1654 1176 1714 ad
1193 1654 1412 1716 ducentorum
1430 1671 1486 1714 au·

150 1784 284 1828 reorum
325 1767 597 1830 aestimationem
627 1776 662 1830 et
692 1768 906 1849 plicatilibus
935 1767 1058 1850 papyri
1092 1767 1246 1831 lintribus
1277 1769 1320 1830 ad
1350 1769 1487 1850 tyranni

150 1891 262 1945 castra
293 1884 454 1964 perrexit.
480 1879 550 1946 Sed
574 1883 669 1946 Deus
692 1885 736 1946 ab
760 1904 812 1955 eo,
837 1894 907 1946 tam
932 1881 1057 1946 festine
1084 1903 1184 1965 quam
1209 1883 1317 1966 ipsius
1343 1882 1486 1967 perfidia

149 1999 354 2070 merebatur,
378 2000 523 2080 expetiit
546 2000 719 2062 ultionem.
744 1999 823 2061 Non
847 2001 938 2061 enim
961 2009 1097 2082 gratum
1121 2000 1164 2061 ad
1188 2000 1250 2062 illa
1280 1999 1400 2063 habuit
1431 2020 1485 2063 ac·

150 2133 284 2176 cessum
310 2124 343 2176 et
367 2116 423 2177 die
447 2115 633 2197 perendina
656 2116 768 2178 victus
791 2124 844 2177 est
867 2124 1031 2198 tyrannus
1055 2117 1195 2197 etipse,
1219 2115 1413 2178 monachali
1428 2116 1487 2179 ha·

149 2229 221 2291 bitu
246 2229 390 2292 dimisso
413 2240 447 2293 et
470 2230 611 2293 militari
638 2231 851 2312 superducto,
880 2231 1042 2293 adversus
1066 2230 1258 2312 imperiales
1285 2231 1485 2313 procedens,

149 2343 238 2407 inter
261 2346 392 2426 primos
415 2355 467 2409 est
498 2346 646 2421 occisus3
677 2366 754 2408 cum
786 2347 958 2408 incassum
981 2346 1155 2416 clamaret,
1179 2364 1216 2408 se
1244 2365 1319 2409 esse
1345 2345 1484 2409 Teclam

148 2458 352 2542 Haymanot
375 2461 600 2525 Mecharecae
624 2464 825 2546 magistrum
853 2471 888 2524 et
919 2462 1003 2525 haec
1034 2462 1262 2524 nomenclatio
1293 2463 1404 2545 magis
1434 2462 1485 2524 vi·

149 2585 281 2639 ctorum
305 2578 519 2640 iracundiam
542 2578 753 2641 accenderet.

239 2709 268 2770 7.
294 2692 386 2755 Inter
408 2694 546 2774 tyranni
570 2694 748 2756 manubias
771 2702 926 2775 repertus
949 2703 1001 2755 est
1025 2693 1121 2765 liber,
1152 2692 1210 2774 qui
1241 2693 1285 2754 ab
1315 2692 1381 2754 hoc
1412 2713 1483 2755 mo·
1546 2701 1667 2764 impium
1695 2712 1832 2764 mnnyro·

148 2807 259 2871 nacho
282 2809 460 2871 dicebatur
483 2808 590 2890 ipsius
613 2810 741 2871 nomini
769 2819 992 2890 nuncupatus
1024 2808 1201 2870 continens
1224 2810 1331 2870 instar
1358 2818 1483 2890 marty·
1510 2772 1672 2906 ffiffib
1696 2788 1730 2825 ‘⁰
1754 2788 1831 2824 com-

147 2923 274 3005 rologii
297 2943 412 2987 eorum
437 2925 584 2995 nomina,
608 2926 667 3006 qui
690 2945 711 2987 a
734 2925 912 2987 duodecim
942 2925 997 2985 vel
1025 2923 1218 3005 quindecim
1243 2924 1341 2987 annis
1364 2935 1484 2988 contra

148 3039 396 3122 Imperatorem
420 3042 576 3114 rebelles,
601 3043 635 3104 in
659 3042 799 3123 proeliis
821 3041 866 3104 ob
891 3039 1071 3104 Romanae
1096 3037 1175 3103 fidei
1200 3038 1433 3103 defensionem
1449 3050 1483 3103 et

148 3157 429 3239 propagationem
455 3156 558 3229 initis,
583 3158 617 3219 in
641 3157 802 3220 Dioscori
825 3167 860 3220 et
886 3155 1089 3237 Eutychetis
1118 3173 1269 3218 errorum
1302 3157 1483 3219 volutabro

147 3272 353 3335 ceciderant.
376 3268 471 3353 Quos
493 3291 612 3335 omnes
635 3272 842 3354 martyribus
865 3272 1120 3344 adnumerabat‚
1143 3290 1258 3333 eorum
1285 3270 1484 3334 fundamen·

147 3398 220 3450 tum
245 3388 455 3451 constituens
477 3387 642 3450 Abunam
665 3385 849 3460 Simonem,
874 3388 932 3469 qui
955 3406 1031 3448 cum
1055 3386 1144 3449 lulio
1168 3387 1344 3469 perduelli,
1372 3387 1483 3469 Impe-

147 3504 273 3565 ratoris
295 3522 431 3586 genero,
456 3501 521 3566 fuit
544 3505 775 3574 obtruncatus,
799 3512 833 3566 et
856 3504 899 3564 de
926 3522 966 3564 eo
996 3504 1047 3565 sic
1077 3499 1312 3583 praesabatur:
1337 3500 1484 3565 Sanctus

147 3617 269 3681 Simon
292 3628 423 3701 martyr
446 3621 492 3682 ob
515 3618 776 3682 Alexandrinae
799 3615 878 3681 fidei
902 3617 1210 3701 propugnationem
1234 3618 1294 3680 tali
1325 3638 1425 3690 anno,
1449 3628 1483 3681 et

148 3734 204 3796 die
227 3733 374 3799 *caesus
399 3732 510 3818 Super
532 3755 595 3798 nos
618 3735 725 3817 ipsius
749 3735 942 3796 benedictio
959 3735 1154 3796 descendat.
1173 3732 1290 3795 Vitam
1307 3735 1393 3796 adeo
1409 3755 1483 3816 per·

147 3852 255 3914 ditam
279 3850 336 3914 hic
359 3852 487 3914 Abuna
510 3852 668 3934 degebat,
694 3861 729 3914 ut
752 3859 886 3931 septem
910 3851 954 3912 ad
978 3851 1067 3913 latus
1089 3848 1267 3923 foeminas,
1295 3852 1327 3911 in
1359 3852 1483 3931 quibus

147 3968 234 4030 duas
257 3967 443 4041 maritatas,
469 3986 489 4030 a
512 3968 595 4028 viris
618 3987 679 4049 per
703 3966 902 4030 violentiam
919 3968 1120 4038 abstractas,
1137 3967 1285 4029 haberet.
1303 3965 1395 4029 Huic
1411 3975 1481 4029 tam

147 4082 330 4147 eminentis
354 4084 545 4146 sanctitatis
579 4083 660 4145 divo
684 4095 719 4145 et
742 4082 820 4145 aliis
844 4082 1009 4164 apostatis
1032 4102 1072 4143 ac
1096 4082 1330 4163 perduellibus
1357 4101 1393 4144 se
1425 4101 1482 4144 ne·

147 4196 255 4262 sarius
278 4198 338 4261 ille
362 4218 401 4261 ac
425 4200 580 4281 perditus
603 4198 874 4261 commendabat.
903 4196 1036 4260 Horum
1069 4197 1235 4259 auxilium
1267 4196 1482 4278 implorabat.

146 4314 288 4378 Librum
312 4334 395 4377 vero
418 4325 565 4397 tyranno
588 4316 725 4377 dicabat
748 4324 920 4395 tamquam
945 4314 1043 4377 alteri
1067 4311 1301 4384 Constantino,
1318 4323 1353 4373 et
1369 4314 1482 4375 avitae

146 4432 286 4513 pietatis
307 4430 511 4503 restitutori;
535 4427 712 4492 Seltanum
729 4449 812 4492 vero
828 4428 1024 4512 Seguedum
1048 4429 1164 4490 multis
1188 4427 1380 4508 opprobriis
1403 4448 1481 4490 one·

146 4549 256 4618 rabat,
277 4554 312 4609 et
336 4545 556 4609 Diocletiano
579 4556 614 4608 et
634 4545 848 4608 Maximiano
864 4545 909 4605 ob
924 4544 1119 4605 Romanam
1136 4540 1237 4603 fidem
1254 4542 1479 4605 introductam

145 4662 386 4744 componebat.
