4066 6174
556 701 619 776 338
888 708 1161 760 EXPEDITIONIS
1185 708 1447 760 AETHIOPICAE
1470 710 1550 759 ETC.

240 864 398 915 tnvlniblua
427 865 526 928 pauet
647 877 697 921 ιι.
720 858 873 920 Tandem
897 876 974 919 cum
999 875 1080 919 vera
1095 866 1130 920 et
1146 858 1341 939 incorrupta
1362 854 1448 920 fides
1462 859 1518 930 sit,
1540 876 1587 919 ex
1611 856 1796 938 Apostolo,
1814 862 1876 940 spc-

203 938 346 1072 ἓωᾞζ
366 936 526 988 visibilibus
554 974 743 1038 randarum
766 972 954 1037 ntbstanlia
977 992 1102 1047 rerum,
1125 983 1159 1036 et
1183 982 1395 1035 caementum
1419 991 1535 1035 eorum
1551 975 1729 1044 bonorum,
1745 974 1875 1052 quaein

552 1089 621 1152 alia
644 1088 816 1151 vitasunt
839 1089 1046 1169 possidenda
1069 1098 1104 1150 et
1127 1092 1366 1173 argumentum
1390 1108 1457 1151 non
1479 1089 1618 1171 quidem
1640 1088 1794 1158 evidens,
1822 1088 1876 1150 sed

546 1210 611 1289 per
632 1204 803 1288 spemlum
826 1209 860 1267 et
882 1202 919 1266 in
935 1203 1132 1289 aenigmate,
1149 1223 1216 1266 non
1232 1204 1470 1288 apparentum
1486 1204 1541 1288 (ι),
1557 1205 1607 1267 sic
1622 1204 1784 1275 haeresis,
1799 1223 1876 1285 quae

551 1331 625 1384 tota
647 1320 741 1383 illius
764 1320 932 1383 caementi
948 1320 1163 1414 demolitioni
1187 1320 1334 1393 incubat,
1352 1319 1475 1383 mentis
1498 1321 1617 1383 oculos
1632 1321 1680 1382 ita
1704 1316 1968 1383 ob*caecatt.160‚v,

551 1447 588 1499 ut
612 1436 723 1499 carnis
750 1437 844 1498 vitiis
860 1446 894 1499 et
909 1437 1002 1499 vitae
1018 1436 1118 1498 huius
1141 1435 1336 1517 quisquiliis
1350 1436 1527 1500 submersa
1545 1446 1654 1500 totam
1669 1447 1876 1500 aeternorum

551 1571 666 1615 curam
691 1553 725 1614 in
750 1551 979 1634 praesentium
1003 1551 1254 1614 solicitudinem
1279 1561 1466 1615 convertat.
1491 1550 1613 1614 Bellua
1636 1562 1687 1614 est
1711 1560 1876 1634 praeterea

552 1687 618 1730 non
642 1668 815 1748 septiceps
837 1668 898 1730 sed
922 1667 1106 1729 multorum
1121 1666 1281 1748 capitum,
1304 1685 1449 1750 quorum
1475 1686 1543 1730 uno
1562 1668 1713 1738 desecto,
1736 1676 1876 1748 septem;

551 1792 683 1865 septem
708 1785 903 1866 amputatis,
928 1782 1146 1866 septuaginta
1167 1794 1201 1846 et
1224 1782 1444 1868 septuaginta
1459 1786 1635 1856 truncatis,
1651 1785 1875 1866 septingenta:

552 1900 611 1962 alii
636 1899 798 1962 videlicet
822 1919 868 1961 ex
891 1900 970 1962 aliis
992 1918 1123 1963 errores
1146 1899 1405 1963 subnascuntur.
1431 1898 1606 1963 Haeretici
1626 1899 1719 1962 enim
1742 1917 1876 1962 saxeum

550 2012 630 2077 fidei
653 2024 867 2078 caementum
891 2013 1042 2078 instabili
1065 2014 1153 2097 pede
1176 2026 1357 2099 tangentes
1380 2035 1483 2080 arena
1506 2017 1667 2087 nituntur,
1691 2025 1727 2079 et
1750 2025 1877 2078 aeterna

551 2131 647 2212 quasi
680 2150 739 2212 per
773 2133 943 2194 somnium
973 2140 1010 2194 et
1043 2132 1078 2193 in
1110 2131 1319 2195 cerniculum
1352 2131 1633 2214 contemplantes,
1669 2151 1737 2195 uno
1773 2150 1877 2194 errore

551 2247 682 2319 avulso,
695 2247 813 2309 decem
830 2247 894 2309 sub
909 2256 1046 2328 pectore
1063 2247 1245 2319 occultant,
1263 2247 1467 2330 illorumque
1482 2248 1660 2319 convictis,
1673 2248 1790 2329 plures
1801 2248 1877 2310 alio·

552 2381 626 2425 rum
651 2364 803 2425 stolones
825 2372 1016 2443 erumpunt,
1047 2363 1129 2444 quia
1151 2364 1308 2433 securim,
1336 2384 1403 2426 non
1427 2364 1470 2427 ad
1501 2363 1634 2427 arboris
1657 2363 1800 2435 radices,
1822 2363 1877 2424 sed

552 2479 596 2541 ad
619 2497 795 2560 supremas
818 2476 957 2542 frondes
981 2479 1176 2551 admovent,
1201 2489 1235 2541 et
1262 2479 1459 2561 paucissimi
1482 2476 1627 2542 firmiter
1648 2479 1739 2561 apud
1762 2499 1799 2541 se
1817 2487 1876 2541 sta-

551 2605 659 2667 tuunt,
683 2595 849 2676 quidquid
879 2593 1037 2657 Ecclesia
1068 2594 1230 2658 Romana
1263 2597 1423 2677 proponit
1447 2594 1580 2658 illibate
1604 2595 1819 2667 credendum,
1847 2605 1877 2656 et

551 2711 802 2793 exequendum.

240 2834 368 2885 Pessima
381 2835 443 2885 ndei
457 2849 525 2885 con-
645 2846 693 2888 12.
718 2824 811 2888 Hinc
834 2836 944 2889 ortum
968 2837 1005 2889 ut
1027 2826 1218 2911 caliginoso
1241 2829 1306 2892 hoc
1329 2839 1483 2912 tempore
1506 2828 1613 2910 aliqui
1636 2830 1740 2891 etiam
1763 2847 1809 2889 ex
1831 2828 1877 2898 iis,

204 2905 369 3040 {ffistss
384 2906 526 2970 aliquem
551 2944 610 3024 qui
632 2963 670 3006 se
689 2943 870 3006 catholicis
897 2952 1137 3024 opposuerant,
1154 2945 1245 3007 circa
1260 2944 1428 3009 haeresim
1445 2944 1603 3008 Dioscori
1618 2954 1652 3007 et
1670 2942 1877 3024 Eutychetis,

551 3078 640 3140 quae
663 3058 789 3121 matrix
813 3068 864 3122 est
879 3060 1030 3121 omnium
1053 3078 1206 3122 errorum
1222 3060 1440 3142 Aethiopiae,
1458 3062 1699 3126 discordialem
1715 3059 1878 3141 quandam

552 3175 768 3237 concordiam
791 3175 936 3257 depacti,
958 3174 1110 3239 dicerent
1134 3196 1170 3239 se
1193 3175 1279 3238 duas
1295 3184 1433 3239 naturas
1447 3174 1583 3240 Christo
1599 3176 1802 3240 subtrahere
1819 3194 1879 3237 non

551 3310 662 3372 posse,
686 3310 754 3372 quo
778 3292 923 3354 articulo
947 3311 991 3354 ex
1007 3310 1148 3354 romana
1164 3292 1319 3354 doctrina
1333 3301 1480 3374 sumpto,
1505 3294 1540 3355 in
1564 3294 1706 3374 reliquis
1728 3291 1879 3354 Alexan·

544 3384 669 3469 'drinae
691 3426 729 3469 se
752 3408 911 3488 pedarios
934 3403 1074 3479 futuros,
1099 3417 1278 3489 utramque
1300 3407 1490 3471 doctrinam
1514 3409 1642 3492 aliquid
1672 3409 1823 3492 siliginis
1849 3415 1879 3469 et

551 3522 681 3603 aliquid
704 3522 893 3586 retrimenti
913 3522 1048 3596 habere,
1072 3524 1125 3586 sui
1148 3543 1186 3586 se
1209 3524 1325 3587 iudicii
1342 3525 1455 3587 cribro
1471 3525 1556 3588 utile
1571 3527 1616 3588 ab
1631 3525 1743 3588 inutili
1768 3542 1878 3587 exere·

551 3647 655 3700 turos.
680 3635 711 3701 Ο
734 3638 929 3719 praeclaros
952 3635 1032 3701 fidei
1056 3639 1258 3702 censitores!
1287 3642 1346 3722 qui
1369 3642 1403 3704 in
1420 3642 1541 3704 eodem
1562 3642 1661 3704 altari
1677 3640 1742 3704 Dei
1760 3659 1878 3709 arcam.

551 3762 584 3815 et
607 3752 797 3835 Dagonem,
823 3752 995 3817 Christum
1019 3763 1054 3816 et
1085 3753 1207 3827 Belial,
1232 3755 1342 3819 lucem
1374 3776 1414 3819 ac
1444 3759 1615 3828 tenebras,
1643 3758 1825 3820 veritatem
1849 3764 1878 3818 et

552 3870 766 3933 mendacium
790 3872 1046 3942 constituentes,
1071 3872 1273 3934 deteriorem
1291 3872 1351 3934 illa
1371 3871 1577 3954 Babylonici
1593 3873 1685 3956 regis
1708 3875 1799 3955 apud
1816 3871 1878 3933 Da·

552 3986 678 4049 nielem
710 3994 868 4053 statuam.
899 3997 1016 4068 utpote
1047 4007 1094 4050 ex
1122 3988 1277 4069 pluribus
1311 3998 1345 4051 et
1375 3989 1556 4052 vilioribus
1588 3989 1739 4052 metallis
1762 3986 1878 4057 fusam,

552 4099 796 4174 conflaverunt,
827 4104 880 4164 cui
911 4103 1078 4184 quidquid
1109 4105 1289 4176 enitantur,
1314 4105 1463 4168 ablaturi
1487 4124 1554 4168 non
1578 4114 1656 4168 sunt
1682 4106 1810 4187 pedum
1833 4104 1878 4166 lu-

551 4227 682 4280 teorum
707 4215 939 4301 fragilitatem.

237 4342 403 4406 Aemioptae
425 4342 525 4393 ruina
644 4354 694 4412 13.
724 4331 939 4416 Quamquam
973 4355 1220 4417 supervacuum
1244 4337 1288 4399 sit
1318 4337 1486 4399 rationem
1516 4356 1689 4418 quaerere,
1713 4339 1773 4400 ubi
1800 4338 1879 4400 ratio

202 4413 463 4464 admirationem
481 4413 525 4477 gi-
889 4452 895 4464 .
1456 4451 1462 4465 .
1492 4454 1499 4467 .
1659 4454 1665 4467 .

203 4499 288 4548 me
307 4500 367 4535 non
386 4486 475 4536 debet.
552 4469 619 4512 non
650 4459 713 4522 est,
737 4450 802 4512 hae
832 4460 982 4513 rationes
1012 4449 1117 4525 fuere,
1142 4453 1187 4515 ob
1219 4471 1305 4532 quas
1336 4451 1501 4516 Abassrm
1532 4453 1576 4515 ad
1607 4453 1689 4515 allia
1716 4463 1751 4516 et
1783 4471 1879 4534 caepe

552 4567 717 4648 aegyptia
740 4569 951 4648 suspirarunt
976 4578 1019 4640 et,
1044 4569 1201 4648 quamvis
1225 4569 1422 4641 dolendum,
1449 4567 1643 4632 mirandum
1678 4579 1793 4633 tamen
1816 4588 1878 4631 non

552 4691 603 4744 est
626 4682 833 4764 Aethiopiae
861 4684 1036 4756 accidisse,
1063 4685 1156 4765 quod
1183 4686 1296 4766 regnis
1327 4684 1405 4746 aliis
1426 4683 1651 4765 amplioribus
1675 4694 1710 4747 et
1733 4684 1878 4748 cultiori·

551 4798 625 4859 bus.
650 4795 700 4860 Ut
723 4816 847 4879 magna
870 4817 950 4879 pars
973 4795 1187 4871 Germaniae,
1212 4798 1346 4863 Galliae
1369 4810 1403 4862 et
1423 4799 1536 4882 Belgii
1560 4810 1594 4863 et
1617 4810 1692 4863 tota
1715 4799 1829 4863 Dania
1850 4808 1880 4860 et

551 4912 677 4976 Svecia
700 4914 744 4976 ab
767 4914 906 4995 antiqua
929 4913 997 4976 fide
1028 4913 1226 4988 defecerint,
1251 4915 1335 4978 satis
1359 4914 1454 4978 fuere
1477 4924 1628 4979 tartarea
1642 4914 1702 4977 illa
1726 4911 1878 4978 ¹'Lutheri
1900 4919 1915 4969 l.
1928 4918 1963 4962 1⁰¹1

552 5042 584 5091 et
608 5028 744 5092 Calvini
768 5030 912 5092 classica
942 5030 1033 5093 vitae
1065 5031 1244 5094 laxitatem
1274 5032 1515 5113 permittentia.
1546 5030 1595 5094 Ut
1617 5030 1753 5115 Anglia
1777 5029 1877 5093 infini-

640 5282 676 5341 (1l
695 5280 772 5336 Heb„
794 5290 834 5336 11,
854 5296 878 5332 n.
902 5291 928 5335 1:
952 5291 962 5327 1
986 5280 1118 5339 Corinth„
1140 5291 1181 5343 13,
1200 5296 1225 5333 n.
1249 5292 1288 5332 12.
