4058 6178
647 538 763 587 traua
786 539 825 596 11,
849 537 974 587 cneus
997 539 1036 587 H.
1441 546 1496 605 151

171 686 325 757 sidentis,
347 687 521 749 sanctitati
544 686 736 758 dedicatum
759 705 821 749 nec
845 686 943 748 iiiam
964 697 1035 749 tam
1058 685 1195 750 Marcus
1225 688 1308 769 ipse,
1339 689 1397 770 qui
1428 706 1504 750 eam

172 802 263 865 velut
301 802 462 874 alienam,
493 803 608 865 coloni
638 812 696 865 aut
726 802 884 884 inquilini
916 821 1011 866 more
1039 804 1253 884 procurabat,
1292 804 1353 867 sed
1384 803 1505 866 Petrus

56 925 72 975 s.
88 932 147 986 tia.
172 919 364 981 censendus
384 914 455 981 *est
477 918 654 990 insedisse,
677 917 766 982 sicut
788 919 873 981 olim
894 917 1005 981 Marci
1019 920 1248 1002 evangelium,
1263 921 1345 1001 quia
1366 919 1505 982 aPetro

172 1034 337 1096 dictatum
362 1043 397 1096 et
420 1053 443 1095 a
463 1032 581 1096 Marco
598 1035 773 1116 scriptum,
801 1033 894 1097 Petri
911 1034 1129 1117 evangelium
1144 1035 1329 1107 dicebatur,
1346 1044 1384 1097 ut
1397 1035 1506 1115 liquet

172 1169 216 1210 ex
240 1147 458 1213 Tertuiliano
473 1150 529 1233 (ι).
552 1150 627 1213 Nec
649 1152 714 1214 hae
744 1150 927 1214 cathedrae
958 1160 1027 1214 tres
1057 1152 1117 1213 sed
1147 1170 1215 1214 una
1236 1159 1378 1223 tantum,
1401 1151 1504 1221 Petri,

171 1264 294 1348 Magni
317 1264 477 1349 Gregorii
500 1268 628 1330 iudicio
653 1267 708 1352 (2),
733 1267 779 1329 ob
813 1268 951 1331 unicum
983 1286 1100 1330 earum
1133 1266 1344 1330 conditorem
1367 1266 1505 1330 Petrum

172 1382 435 1445 existimandae.
451 1379 521 1445 Sed
536 1391 607 1445 tam
623 1383 710 1446 duae
726 1383 823 1445 illae:
841 1384 950 1465 prima
962 1382 1213 1454 Alexandrina,
1226 1393 1260 1445 et
1270 1383 1419 1445 secunda
1430 1383 1505 1445 An·

172 1498 342 1569 tiocbena‚
365 1517 468 1579 quam
492 1498 590 1571 duae,
606 1517 693 1580 quae
710 1498 780 1560 illis
803 1506 934 1580 postea,
950 1498 1114 1579 temporis
1130 1499 1284 1569 decursu,
1300 1498 1395 1561 velut
1412 1508 1505 1578 post-

170 1613 304 1685 humae,
322 1625 548 1686 accesserunt,
565 1611 941 1696 Constantinopolitanae
958 1622 992 1676 et
1007 1613 1299 1696 ierosolymitana,
1313 1612 1506 1676 aRomana

171 1738 248 1790 sunt
270 1738 416 1791 exortae
438 1738 472 1790 et
494 1748 631 1810 semper
654 1729 920 1801 administratae,
943 1749 990 1791 ex
1013 1729 1153 1792 Domini
1184 1730 1290 1792 verbo
1320 1730 1373 1792 bis
1403 1730 1505 1792 Petro

172 1844 339 1907 dicentis:
363 1843 469 1907 Pasce
491 1864 596 1930 agnos
618 1865 714 1920 naras,
738 1854 773 1907 et
795 1845 920 1908 semei:
944 1845 1051 1908 Pasce
1072 1865 1146 1908 aves
1167 1864 1258 1908 meas
1272 1849 1325 1923 (3).

261 1963 293 2023 8.
317 1957 413 2040 Quid
426 1969 478 2023 est
504 1959 677 2022 ‹Pasce›
705 1960 770 2022 nisi
794 1960 915 2042 dirige,
938 1960 1100 2043 guberna,
1128 1961 1338 2030 administra,
1369 1960 1505 2043 legibus
1568 1965 1657 2015 uivus
1680 1968 1781 2049 Petra·
1802 1979 1851 2029 ρι-

171 2084 205 2136 et
227 2076 409 2157 suppliciis
431 2076 573 2138 coerce?
596 2073 646 2137 Ut
668 2077 703 2138 in
727 2075 880 2138 Psalmo:
904 2075 1048 2140 Parcere
1069 2075 1167 2139 Iacob
1192 2096 1326 2139 servum
1350 2096 1449 2139 raum
1472 2081 1506 2139 et
1531 2037 1851 2171 ΞᾞΞῃζᾩᾎᾛκὲζ

171 2189 289 2253 lsrael
316 2189 558 2253 haeredr'tatem
587 2210 684 2253 ruam
713 2194 748 2253 et
770 2190 871 2275 pavit
899 2210 962 2265 eos,
991 2192 1080 2254 idest
1110 2193 1209 2263 rexit,
1241 2191 1280 2254 in
1313 2191 1505 2255 aanacentia
1531 2188 1684 2300 ἓξὲξέῃθῐ
1708 2178 1851 2243 wrm·

170 2303 279 2369 carda’r
289 2304 352 2369 rui
360 2304 414 2388 (4).
426 2304 472 2368 Et
483 2306 541 2369 ubi
554 2307 589 2369 in
605 2307 711 2369 latino
724 2308 842 2370 codice
855 2308 998 2390 iegitur:
1015 2306 1124 2392 Reges
1138 2327 1192 2370 eas
1206 2307 1245 2370 ia
1263 2307 1362 2393 virga
1369 2305 1504 2393 farrea,
1648 2283 1656 2300 ⁰

171 2433 204 2485 et
227 2425 371 2485 iterum:
402 2422 575 2486 Dammae
597 2422 686 2509 regit
717 2443 778 2498 me,
806 2423 996 2486 haebraeus
1025 2424 1145 2487 habet:
1175 2403 1298 2488 Parcas
1327 2427 1360 2486 et
1384 2423 1504 2507 pascit.

171 2537 291 2601 Pascit
313 2557 397 2621 ergo
421 2538 542 2601 Petrus
565 2557 673 2621 agnos
696 2559 716 2601 a
739 2537 875 2602 Christo
898 2537 953 2603 bis
974 2540 1041 2602 sibi
1064 2559 1105 2602 eo
1132 2540 1209 2601 loco
1239 2540 1505 2609 commendatos,

170 2655 253 2734 quia
276 2664 391 2716 rector
413 2663 466 2717 est
494 2653 696 2717 ludaeorum
721 2668 755 2718 et
781 2656 973 2738 gentilium,
1003 2657 1077 2718 sive
1107 2653 1260 2718 fidelium
1284 2652 1505 2717 infirmiorum

171 2782 205 2832 et
228 2770 472 2833 robustiorum.
495 2769 612 2833 Pascit
633 2790 728 2843 oves,
751 2771 832 2853 quia
855 2770 968 2853 ipsius
993 2791 1094 2835 curae
1124 2772 1302 2834 commissi
1328 2780 1408 2833 sint
1436 2772 1507 2853 epi-

171 2888 269 2967 scopi
294 2895 330 2948 et
351 2885 580 2958 Patriarchae,
612 2886 681 2967 qui,
713 2887 820 2950 instar
849 2888 976 2959 ovium,
1004 2896 1215 2950 caeterorum
1238 2884 1393 2949 fidelium
1420 2887 1509 2949 sicut

171 3019 353 3083 agnorum,
377 3002 422 3063 ob
445 3000 625 3083 Baptismi,
646 2998 921 3065 Confirmationis
943 3012 979 3065 et
997 2999 1166 3065 Ordinum
1191 3012 1414 3074 sacramenta,
1430 3011 1509 3063 suat

170 3118 352 3199 genitores
373 3126 408 3180 et
430 3119 648 3180 educatores..
665 3115 837 3180 Eusebius
863 3116 1081 3180 Emissenus:
1105 3117 1225 3188 Prius,
1248 3118 1366 3198 inquit,
1394 3136 1509 3203 agnos,

170 3230 293 3295 derude
314 3252 388 3295 ouer
409 3231 445 3295 ei
463 3231 648 3304 committit,
665 3231 747 3315 quia
760 3252 828 3295 noa
843 3232 950 3296 salum
965 3238 1146 3317 pastorem,
1171 3230 1231 3297 sed
1248 3237 1426 3318 pastorum
1446 3238 1509 3317 pa·

169 3353 299 3411 starem
324 3347 437 3432 ipsum
459 3347 644 3411 constituit.
668 3347 787 3411 Parcit
807 3347 921 3434 rgz'tur
941 3370 1047 3434 agnas
1069 3350 1205 3424 Petrus,
1223 3348 1336 3433 pascit
1359 3353 1394 3412 et
1414 3368 1509 3420 ovas,-

167 3463 285 3548 pascit
297 3462 407 3546 filr'os,
426 3463 539 3547 parcit
559 3468 592 3527 et
613 3468 759 3535 matram
784 3465 874 3549 regit
894 3469 928 3529 at
949 3463 1097 3528 subaros
1111 3469 1147 3528 et
1156 3464 1319 3548 prelatos.
1348 3462 1510 3527 Omnium

172 3578 289 3664 agaim
310 3578 439 3641 Pastor
460 3583 518 3649 ast,
542 3579 621 3663 qaia
638 3584 778 3664 praeter
798 3600 903 3666 agnos
924 3585 958 3643 et
978 3600 1052 3643 aves
1066 3581 1104 3643 in
1119 3579 1268 3643 Ecclesia
1282 3579 1377 3643 nz'lzil
1387 3583 1439 3643 est
1453 3557 1509 3663 (5).

171 3694 246 3757 Nec
263 3694 378 3757 solum
392 3705 472 3757 tunc
487 3695 656 3767 viventes,
673 3697 735 3759 sed
750 3706 917 3778 quotquot
933 3698 1088 3759 omnium
1100 3697 1315 3760 saeculorum
1329 3696 1510 3778 posteritas

170 3807 313 3879 fuderit,
337 3808 439 3872 Petro
461 3822 540 3874 sunt
554 3812 682 3883 traditi,
697 3814 779 3892 quia
795 3831 897 3897 grege
911 3811 1019 3875 alr'cuz'
1031 3810 1139 3897 legata
1161 3817 1195 3875 at
1216 3831 1301 3896 quaa
1317 3815 1435 3896 pastea
1457 3831 1509 3874 ac-

170 3927 298 3990 cedunt
311 3925 360 3989 aa'
371 3925 577 4013 legatarium
591 3927 775 4011 perimant,
791 3929 840 3991 ait
855 3928 1120 3991 Iurisconsultus
1132 3927 1186 4011 (d).
1203 3925 1292 3991 Cum·
1301 3928 1405 4010 igitur
1420 3937 1511 3990 totus

170 4039 301 4103 Christi
325 4058 423 4123 grex,
445 4043 545 4122 agnis
567 4052 603 4105 et
625 4043 746 4105 oribus
769 4054 957 4115 contentus,
974 4043 1076 4106 Petro
1108 4045 1252 4125 legetur,
1284 4043 1509 4106 indubitatum

170 4168 233 4230 est
270 4173 391 4240 agnos,
429 4157 521 4241 idest
549 4154 677 4229 fideles,
714 4158 892 4240 quibusvis
927 4158 1095 4220 aetatibus
1131 4159 1324 4220 nascituros
1354 4158 1398 4219 ad
1432 4176 1508 4219 eum

170 4272 356 4354 pertinere
381 4268 561 4334 Subtiliter
584 4290 667 4355 ergo
695 4282 729 4336 et
752 4274 903 4355 graviter
933 4273 977 4334 ad
1004 4271 1197 4355 Eugenium
1228 4292 1398 4336 summum
1427 4292 1511 4354 poo-

170 4385 303 4451 tificem
326 4387 447 4450 scribit
468 4389 569 4450 divus
592 4387 805 4451 Bemardns:
830 4388 928 4451 Sunt
944 4387 1076 4471 qudem
1091 4392 1126 4451 at
1139 4386 1206 4450 ala‘i
1228 4387 1315 4451 caeli
1338 4387 1511 4460 evanituras,

170 4507 204 4566 et
236 4520 382 4588 gregum
406 4507 571 4587 pastores,
602 4503 663 4567 sea'
690 4508 730 4567 tu
760 4508 856 4567 tanto
879 4502 1072 4590 gloriosas,
1096 4506 1221 4586 quanto
1242 4507 1279 4566 at
1297 4503 1513 4588 afferentur

171 4621 359 4701 atramque
375 4617 621 4702 praecaeteris
643 4637 765 4681 noman
788 4614 1017 4681 haereditasti.
1043 4616 1182 4680 Habent
1202 4616 1262 4679 illi
1280 4615 1511 4700 sa'biarstgna·

172 4736 226 4795 tos
252 4751 375 4817 greges
395 4731 531 4818 magula
556 4732 730 4818 rt'rtgulas:
766 4732 843 4795 Tibi
868 4732 1025 4795 unz'aersz'
1050 4732 1189 4794 crediti:
1220 4731 1287 4794 ani
1312 4751 1410 4793 anus.
1440 4731 1513 4793 Nec

265 4918 307 4986 il)
326 4919 386 4971 Lib.
404 4932 429 4982 4,
448 4925 533 4995 contr.
553 4920 696 4976 Marciam,
715 4934 772 4984 cap.
792 4933 817 4981 4.
837 4946 872 4955 -
889 4920 928 4985 (2)
947 4919 1006 4970 Lib.
1026 4913 1051 4975 6,
1071 4920 1146 4983 epist.
1169 4926 1209 4977 1.7.
1230 4946 1261 4955 -
1282 4922 1320 4980 (3)
1346 4918 1450 4974 Ioann„
1470 4929 1512 4974 21,

174 5026 199 5063 η·
222 5019 264 5088 115,
288 5006 329 5065 Ῑόι
352 5015 392 5066 17.
410 5035 445 5046 ··
464 5010 503 5071 (4)
522 5010 594 5059 Psal-
615 5016 656 5067 70,
676 5024 701 5058 ¹1·
722 5015 764 5066 71,
785 5016 826 5066 72,
847 5016 887 5070 73.
910 5009 1049 5075 -i5.)1n
1068 5009 1194 5073 Evangel.
1214 5009 1289 5071 vigil.
1313 5022 1348 5058 ss.
1373 5005 1513 5070 apostolor.

173 5100 246 5149 Petri
265 5107 293 5146 et
313 5096 399 5149 Pauli.
418 5125 451 5134 -
471 5094 512 5164 (6)
532 5097 562 5147 L.
582 5098 665 5160 Grege
684 5097 778 5161 legato,
798 5096 825 5148 ff.
845 5098 886 5146 De
899 5098 962 5159 Leg.
984 5109 1006 5149 1.
