4066 6184
555 594 616 656 254
886 588 1159 640 EXPEDITIONIS
1182 586 1444 641 AETHIOPICAE
1469 585 1548 639 ETC.

552 742 610 820 qui
635 740 727 802 vitae
749 741 858 822 ipsius
881 741 1020 803 ultimus
1044 738 1119 811 fuit,
1143 750 1177 803 et
1195 759 1304 802 annos
1319 740 1443 822 viginti
1459 738 1626 822 regnavit,
1644 758 1765 820 nempe
1779 758 1876 801 unum

553 855 649 917 illum
672 874 749 918 cum
774 853 868 927 Ozia,
892 864 926 918 et
949 856 1099 919 sedecim
1122 874 1200 918 cum
1223 854 1379 918 Ioatbam
1406 855 1515 937 ipsius
1544 852 1617 916 filio
1648 856 1709 935 (tot
1731 856 1820 916 enim
1845 855 1877 915 in

552 989 658 1051 regno
678 970 805 1053 exegit,
823 970 950 1034 ibidem
968 991 999 1033 n.
1019 970 1081 1051 33).
1099 970 1233 1052 Quibus
1249 971 1337 1034 adde
1352 980 1421 1034 tres
1437 969 1564 1033 *annos
1580 990 1627 1032 ex
1642 988 1748 1053 regno
1764 968 1877 1031 Achaz
1902 978 1917 1025 t.
1931 989 1962 1024 121
2000 1010 2001 1063 3

552 1096 586 1148 et
609 1085 733 1168 viginti
755 1087 906 1149 habebis
931 1086 1027 1170 Ergo
1051 1086 1187 1150 Phacee
1202 1106 1323 1150 caesus
1337 1095 1389 1150 est
1404 1087 1449 1149 ab
1468 1085 1559 1150 Osee
1576 1086 1610 1149 in
1625 1083 1791 1158 Samaria,
1806 1106 1877 1147 cum

552 1203 685 1263 ineam
708 1222 746 1265 se
769 1203 952 1284 recepisset
976 1203 1020 1265 ab
1054 1203 1234 1266 obsidione
1267 1204 1438 1265 incassum
1474 1202 1707 1284 Ierosolymae
1741 1203 1878 1264 circum-

553 1318 651 1390 iecta,
667 1320 712 1380 ob
729 1320 912 1382 adventum
929 1320 1021 1402 regis
1036 1319 1274 1401 Assyriorum,
1289 1338 1391 1400 quern
1416 1317 1546 1391 Achaz,
1563 1338 1638 1381 cum
1656 1320 1701 1381 ab
1717 1318 1787 1380 illis
1802 1319 1878 1379 duo·

552 1436 616 1496 bus
638 1432 799 1515 Regibus
821 1454 858 1497 se
882 1444 1053 1498 vastatum
1077 1444 1240 1508 cerneret,
1265 1437 1298 1497 in
1323 1433 1492 1497 auxilium
1507 1435 1666 1505 concivit,
1684 1455 1703 1512 4
1725 1433 1807 1516 Reg
1834 1438 1878 1503 16,

553 1570 583 1612 n.
611 1571 638 1629 7.
663 1549 742 1632 Qui,
767 1571 798 1612 n.
824 1571 853 1629 q,
878 1550 1049 1633 acquievit
1072 1549 1248 1614 voluntati
1266 1550 1340 1614 arias
1354 1550 1554 1614 alescendi!
1569 1550 1607 1614 in
1626 1550 1830 1614 Damascum
1850 1555 1880 1613 et

553 1665 664 1729 Rasin
690 1665 877 1752 talerfecit.
901 1665 1010 1729 Vides
1033 1666 1138 1750 igitur
1160 1668 1283 1730 caedes
1305 1667 1439 1730 Phacee
1462 1677 1496 1729 et
1520 1667 1631 1730 Rasin
1655 1667 1777 1729 eodem
1804 1676 1878 1729 tem-

553 1802 635 1864 pore
658 1792 818 1864 patratas,
835 1802 902 1844 non
918 1783 1057 1865 quidem
1074 1784 1119 1846 ab
1134 1782 1264 1855 Achaz,
1276 1784 1337 1847 sed
1354 1804 1374 1846 a
1389 1783 1491 1866 Rege
1507 1783 1732 1866 Assyriorum
1749 1794 1782 1845 et
1797 1780 1878 1845 Osee

553 1899 733 1981 perduelli.

242 2026 369 2087 1nepte
405 2025 526 2073 1111111111
647 2032 694 2092 15.
714 2014 879 2087 Provoco,
896 2017 944 2078 ait
960 2017 1030 2086 ille,
1046 2016 1090 2078 ad
1106 2036 1147 2079 ea
1162 2016 1268 2079 verba
1284 2016 1407 2098 capitis
1422 2018 1658 2080 decimisexti:
1673 2015 1768 2079 Tunc
1778 2035 1878 2078 ascen·

206 2105 341 2228 {aff
370 2096 406 2144 “d
438 2095 525 2145 libros
553 2130 608 2193 ait
630 2130 745 2193 Rasin
768 2151 832 2194 rex
853 2130 977 2215 Syriae
991 2136 1025 2194 at
1038 2129 1280 2215 Phaceafilzias
1300 2130 1469 2198 Ramalz'aa
1484 2153 1548 2196 rex
1563 2132 1680 2195 lsrael
1695 2132 1735 2194 in
1750 2131 1878 2194 Ierusa-

554 2244 617 2307 lem
630 2246 923 2330 adproalr'andam
931 2273 946 2319 ,·
960 2268 1098 2331 cumque
1112 2248 1301 2311 obstiterant
1314 2247 1433 2322 Achae,
1449 2268 1517 2310 non
1532 2248 1717 2312 valuerunt
1730 2255 1880 2332 superare

552 2364 697 2443 11111111).
722 2359 812 2442 Quid
836 2382 923 2444 opus
946 2373 1008 2431 est,
1031 2364 1080 2426 ait
1104 2362 1313 2435 Patriarcha,
1337 2365 1381 2427 ad
1404 2364 1512 2427 libros
1532 2364 1672 2447 Regum
1689 2382 1879 2446 provocare,

553 2497 630 2540 cum
647 2479 767 2540 eadem
784 2479 888 2541 verba
905 2480 995 2560 apud
1012 2479 1137 2542 Isaiam
1152 2480 1382 2562 reperiantur?
1393 2480 1448 2561 (2).
1472 2479 1655 2563 Distingue
1674 2490 1790 2542 tamen
1806 2490 1879 2541 tem·

553 2613 637 2675 pora
661 2604 695 2657 et
719 2595 822 2656 dubia
845 2596 1090 2676 complanabis,
1115 2595 1236 2679 Reges
1262 2597 1314 2659 illi
1345 2597 1497 2660 secundo
1527 2598 1625 2680 regni
1647 2594 1770 2659 Achaz
1801 2614 1880 2657 anno

554 2709 801 2791 lerosolymam
824 2710 999 2780 obsedere,
1024 2731 1086 2773 nec
1110 2720 1229 2774 contra
1252 2710 1348 2774 illam
1370 2711 1571 2793 praevalere
1594 2720 1788 2793 potuerunt,
1811 2711 1881 2790 quia

553 2824 612 2887 ille
635 2835 716 2888 tunc
740 2825 908 2888 idolorum
932 2827 1040 2889 cultui
1063 2846 1130 2890 non
1155 2827 1241 2889 adeo
1265 2826 1481 2909 impudenter
1515 2827 1668 2890 habenas
1692 2826 1881 2893 laxaverat;

553 2952 587 3004 et
610 2941 715 3014 Daue,
739 2942 844 3005 misso
860 2943 903 3003 ad
920 2962 998 3005 eum
1015 2942 1115 3015 Isaia,
1132 2944 1282 3026 experiri
1299 2945 1409 3006 voluit
1425 2964 1468 3006 an
1484 2945 1558 3025 ipse
1574 2945 1620 3006 ab
1639 2944 1799 3024 incoepto
1813 2959 1881 3024 gra·

554 3059 634 3120 dum
658 3068 852 3131 revocaret;
875 3059 936 3121 sed
960 3078 1037 3121 cum
1061 3056 1180 3122 effreni
1204 3077 1304 3122 cursu
1327 3062 1361 3122 in
1386 3062 1501 3123 omnia
1515 3057 1648 3142 flagitia
1667 3058 1882 3140 praecipitem

554 3173 651 3245 vidit,
675 3194 795 3256 passus
818 3183 870 3237 est
892 3173 1009 3237 hostes
1032 3174 1242 3238 invalescere
1273 3176 1451 3258 ipsumque
1481 3177 1582 3238 atteri
1612 3185 1647 3238 et
1671 3176 1716 3237 ab
1739 3175 1782 3236 iis
1812 3191 1882 3255 pro

553 3287 675 3372 fligari.
700 3285 738 3352 Si
761 3290 898 3371 quidem
922 3299 1037 3353 tamen
1060 3291 1104 3353 ad
1126 3300 1284 3372 quartum
1309 3292 1433 3353 librum
1457 3290 1597 3375 Regum
1617 3309 1796 3373 provocas,
1812 3308 1882 3371 pro

555 3405 660 3468 latam
684 3405 716 3467 in
741 3415 775 3468 te
798 3408 1003 3469 sententiam
1028 3404 1249 3470 confirmasti.
1274 3405 1364 3468 Nam
1381 3406 1475 3470 illius
1490 3407 1603 3488 capite
1618 3407 1755 3469 decimo
1771 3407 1882 3487 quinto

554 3521 708 3593 traditur,
732 3520 868 3584 Phacee
892 3522 936 3583 ab
952 3520 1041 3586 Osee
1064 3519 1136 3585 filio
1159 3520 1226 3585 Ela
1248 3532 1282 3585 et
1313 3523 1447 3585 decimo
1477 3532 1578 3585 sexto
1608 3522 1721 3584 Rasin
1746 3542 1767 3584 a
1789 3520 1883 3602 Rege

555 3636 780 3717 Assyriorum
803 3639 953 3701 occisum
969 3636 1025 3721 (3).
1053 3636 1131 3701 Non
1162 3656 1245 3720 ergo
1275 3639 1369 3721 regis
1399 3636 1520 3700 Acbaz
1550 3657 1653 3701 manu
1684 3638 1882 3700 ceciderunt.

554 3749 709 3815 Coeteris
731 3752 846 3825 etiam,
877 3772 965 3834 quae
996 3773 1042 3816 ex
1071 3755 1222 3817 secundo
1252 3752 1542 3835 Paralipomenon
1573 3754 1662 3816 libro
1692 3754 1786 3815 dicta
1814 3760 1883 3813 sunt

555 3868 659 3930 robur
681 3868 855 3931 addidisti.
879 3868 1012 3932 Eodem
1036 3871 1127 3932 enim
1151 3872 1264 3952 capite
1287 3871 1422 3933 decimo
1443 3879 1545 3934 sexto
1568 3871 1603 3932 in
1627 3869 1724 3932 calce
1753 3872 1803 3932 sic
1831 3868 1883 3928 ha·

556 3985 672 4046 betur:
695 3983 847 4067 Reliqua
870 3990 981 4049 autam
1004 3985 1177 4049 verbenam
1200 3984 1321 4060 Achaz,
1345 4006 1429 4070 quaa
1443 3984 1545 4073 faciit,
1570 4005 1683 4049 nonne
1708 3984 1788 4048 hacc
1808 3982 1882 4046 sari·

551 4104 614 4183 pta
637 4100 780 4163 stantia
802 4100 887 4163 libro
909 4121 1101 4165 sermonum
1131 4102 1263 4167 dz'arum
1287 4121 1404 4187 regam
1426 4102 1519 4166 Iua'a
1540 4101 1594 4186 (4).
1631 4100 1680 4164 Hi
1712 4111 1790 4165 sunt
1812 4098 1882 4161 libri

555 4214 852 4295 Paralipomenon,
876 4214 1003 4297 quiex
1027 4216 1069 4279 iis
1092 4218 1208 4279 verbis
1231 4219 1430 4281 canonicam
1458 4220 1695 4281 auctoritatem
1720 4218 1882 4280 nancisce-

556 4340 681 4400 rentur,
705 4331 736 4392 si
759 4329 895 4393 aliunde
920 4351 986 4394 non
1003 4331 1177 4403 haberent,
1195 4334 1275 4414 quia
1290 4354 1336 4397 ex
1360 4334 1550 4416 approbato
1574 4334 1881 4397 iurisconsultorum

557 4448 731 4508 axiomate
754 4446 898 4509 relatum
923 4467 1001 4510 cum
1025 4449 1183 4511 omnibus
1206 4449 1277 4512 suis
1293 4449 1516 4532 qualitatibus
1531 4460 1585 4513 est
1601 4452 1637 4512 in
1652 4447 1829 4515 referente,
1846 4465 1881 4508 ac

556 4562 700 4642 proinde
723 4562 802 4624 libri
826 4562 1113 4646 Paralipomenon
1137 4564 1170 4627 in
1195 4567 1345 4647 receptis
1364 4586 1384 4628 a
1400 4574 1473 4628 tota
1487 4563 1646 4629 Ecclesia
1661 4574 1696 4628 et
1712 4563 1880 4628 Hebraeis,

557 4676 697 4759 Regum
721 4677 819 4740 libris
843 4681 963 4742 merito
986 4681 1084 4743 istius
1106 4680 1283 4744 relationis
1306 4682 1531 4744 continentur.

245 4805 328 4854 Viam
353 4804 473 4855 11111111
498 4805 529 4854 in
649 4798 699 4855 16.
724 4790 868 4856 Censete
884 4795 999 4875 igitur,
1022 4805 1190 4877 quotquot
1213 4798 1351 4869 adestis,
1375 4817 1456 4860 num
1480 4797 1591 4860 Isaiae
1614 4798 1711 4860 locus
1735 4806 1769 4860 et
1791 4798 1880 4858 inter·

212 4877 362 4926 «Alma»
394 4877 529 4926 Salomon
676 4911 681 4922 .
813 4911 819 4922 .
849 4911 855 4923 .
1029 4913 1035 4925 ‚
1069 4913 1075 4924 ,
1296 4914 1302 4926 ,
1444 4914 1450 4927 ,
1661 4914 1668 4927 .
1845 4911 1851 4923 ,

210 4946 363 4997 naualem
378 4947 529 5009 ignoravit.
558 4918 706 4989 pretatio
730 4928 876 4971 nominis
899 4909 1003 4973 Alma
1026 4911 1180 4973 illibatae
1203 4924 1323 4975 matr1s
1346 4912 1505 4985 Messiae,
1529 4932 1570 4974 ac
1593 4914 1739 4994 proinde
1762 4912 1880 4974 Beatis-

648 5069 688 5136 (1)
708 5084 724 5132 4
746 5072 819 5134 Reg,
842 5069 881 5128 16,
901 5087 925 5123 11.
948 5080 988 5133 15.
1013 5103 1018 5109 ι
1061 5072 1192 5139 (1111111,
1215 5081 1238 5131 7,
1257 5090 1274 5122 n
1306 5086 1328 5125 1.
1349 5073 1437 5140 -(3)
1459 5087 1475 5136 4
1497 5075 1573 5139 Reg,
1599 5083 1640 5135 15,
1654 5090 1679 5126 n.
1694 5072 1879 5136 3031bid.,10‚

559 5174 583 5209 n.
604 5171 628 5219 9.
649 5188 681 5198 --
702 5158 742 5226 (4)
761 5159 838 5217 Ibid,
858 5172 940 5222 n.19.
