4066 6184
607 549 724 599 LIBER
747 549 787 609 11,
819 548 945 599 CAPUT
968 549 1064 600 xvn.
1436 541 1495 602 281

48 706 66 757 t.
82 717 141 770 133·
254 693 306 777 *9.
330 695 555 761 Praecedenti
579 717 669 761 anno
684 696 917 762 Patriarcham
933 706 971 762 ut
985 707 1148 763 annueret
1163 698 1278 763 valide
1293 697 1502 782 fatigaverat
1563 711 1681 760 Actum
1705 707 1789 759 eum
1813 709 1848 759 ua

167 811 370 896 Imperator,
386 813 447 878 sed
462 822 543 878 tunc
558 813 735 896 paululum
750 811 897 888 refrixit,
914 823 1073 878 monente
1085 833 1229 899 protege
1241 812 1334 878 eabe
1346 812 1502 880 Christds
1528 777 1636 900 RQ
1665 787 1778 845 ‘W‘
1806 779 1848 831 [θ’

167 928 365 995 indecorum
381 929 449 1013 ipsi
464 948 549 1004 esse,
566 931 595 994 si
610 931 784 995 videretur
806 931 852 994 ad
877 929 1092 994 Lastensium
1116 932 1361 995 rusticanorum
1388 940 1500 996 motus

167 1046 212 1109 ab
235 1043 429 1109 inviolabili
452 1042 534 1108 fidei
556 1063 639 1109 suae
661 1054 778 1110 tenore
802 1046 987 1111 discedere.
1015 1043 1086 1110 Sed
1108 1047 1167 1110 ubi
1189 1045 1288 1109 illum
1311 1047 1500 1111 extinctum

167 1158 296 1235 videre,
308 1160 471 1243 perfidiae
483 1160 643 1226 advocati
659 1160 809 1226 ferocius
820 1161 1067 1245 Imperatorem
1083 1181 1235 1245 pressere
1247 1172 1285 1226 ut
1295 1172 1448 1226 veterum
1460 1162 1501 1226 li·

166 1276 358 1361 turgiarum
382 1276 659 1342 instaurationem
690 1288 839 1342 curaret:
870 1279 980 1368 ineis
1009 1279 1113 1342 situm
1135 1298 1210 1342 esse
1237 1287 1344 1342 totum
1369 1279 1502 1362 imperii

168 1389 430 1466 firmamentum,
456 1395 630 1476 ipsiusque
646 1395 941 1458 conservationem
958 1394 1083 1457 abhoc
1098 1414 1166 1458 uno
1181 1392 1241 1458 filo
1256 1395 1416 1476 pendere.
1432 1392 1502 1459 Sed

166 1527 246 1572 cum
268 1507 387 1572 hostes
409 1508 544 1573 hastam
568 1526 705 1590 semper
728 1507 866 1592 longius
887 1509 1104 1591 protendant,
1119 1520 1280 1592 punctum
1304 1510 1346 1574 de
1369 1511 1502 1575 sabbati

166 1624 296 1688 ieiunio
319 1623 353 1687 in
378 1621 500 1695 feriam
521 1634 679 1710 quartam
701 1628 977 1701 transmovendo,
1000 1627 1152 1691 eiusdem
1174 1628 1390 1709 popularium
1412 1636 1502 1691 tran·

165 1738 351 1823 quillitatis
362 1742 515 1816 obtentu,
528 1743 742 1808 addiderunt.
756 1744 849 1807 Rern
866 1752 1043 1827 utramque
1058 1744 1257 1806 enixissime
1273 1765 1294 1806 a
1306 1743 1504 1807 Patriarcha

165 1857 343 1922 contendit
365 1857 567 1941 Imperator,
591 1861 651 1943 qui
673 1860 858 1942 respondit,
890 1861 920 1924 si
943 1878 998 1923 res
1020 1861 1154 1944 integra
1177 1868 1211 1923 et
1234 1856 1380 1923 infracta
1402 1869 1501 1933 esset,

165 1993 204 2038 se
227 1973 314 2039 nihil
336 1975 624 2050 addubitatumm,
641 1978 712 2050 sed,
729 1997 807 2041 cum
823 1976 988 2041 ieiunium
1007 1978 1075 2040 iam
1091 1997 1112 2040 a
1127 1974 1214 2040 feria
1235 1985 1357 2059 quarta
1375 1977 1412 2039 in
1426 1978 1502 2040 sab-

165 2089 286 2154 batum
308 2091 536 2175 inmigrasset,
558 2094 758 2175 priusquam
778 2094 853 2175 ipse
868 2092 903 2156 in
926 2091 1148 2175 Aethiopiam
1164 2092 1280 2157 illatus
1303 2102 1401 2166 esset,
1424 2100 1459 2156 et
1474 2094 1504 2155 is

166 2206 242 2270 dies
266 2205 378 2291 magis
400 2207 557 2272 esurialis
579 2218 671 2273 esset
693 2209 739 2272 ob
770 2208 899 2274 Christi
922 2208 1062 2273 Domini
1084 2210 1292 2292 sepulturam
1315 2218 1350 2273 et
1372 2208 1503 2272 Beatis-

166 2322 275 2387 simae
300 2321 456 2407 Virginis
479 2333 582 2407 atque
604 2323 853 2407 Apostolorum
870 2325 1089 2390 solitudinem
1112 2336 1147 2390 et
1168 2324 1445 2407 sollicitudinem,
1470 2333 1504 2388 et

167 2455 331 2503 romanae
354 2440 480 2504 missae
503 2441 572 2504 iam
591 2451 672 2505 tunc
699 2453 814 2506 essent
841 2441 876 2505 in
903 2441 1133 2524 aethiopicum
1156 2441 1285 2504 idioma
1307 2459 1502 2513 conversae,

167 2565 202 2620 et
225 2555 271 2618 ab
294 2555 461 2619 ordinatis
483 2557 557 2621 sine
580 2557 651 2620 ulla
678 2556 879 2623 difficultate
893 2559 1063 2622 admissae
1087 2566 1121 2621 et
1140 2557 1342 2630 celebratae,
1365 2556 1504 2620 inhone-

165 2680 257 2737 stum
280 2672 392 2735 videri
415 2670 540 2737 faciem
563 2683 655 2737 retro
686 2672 867 2749 inflectere,
892 2683 927 2738 et
949 2676 978 2737 si
1002 2694 1069 2737 non
1092 2693 1140 2746 re,
1170 2674 1292 2737 saltem
1323 2671 1437 2755 specie
1460 2672 1505 2736 ad

166 2789 337 2852 vomitum
360 2788 490 2864 redire;
514 2800 670 2854 strenuos
693 2788 814 2854 fideles
843 2792 969 2854 debere
984 2810 1022 2854 se
1045 2790 1089 2853 ad
1112 2809 1162 2863 ea,
1186 2809 1272 2874 quar
1281 2788 1404 2873 priora
1422 2793 1506 2853 mni

165 2899 413 2987 Μηδικῇ),
436 2923 554 2968 earum
577 2924 670 2979 vero,
693 2925 781 2988 quae
797 2926 819 2969 a
833 2915 932 2990 tergo
947 2905 1067 2969 relicta
1089 2914 1176 2978 sunt,
1200 2904 1370 2967 oblivisci.
1394 2902 1505 2966 Tanta

161 3007 283 3083 'tamen
306 3016 371 3084 fuit
394 3020 448 3083 vis
471 3031 505 3084 et
528 3020 700 3095 instantia,
716 3030 754 3085 nt
776 3040 849 3085 rem
865 3031 996 3086 mature
1011 3020 1260 3104 pensitantibus
1275 3021 1387 3083 visum
1401 3015 1504 3082 fuerit

165 3143 294 3218 portas,
323 3136 389 3199 nisi
415 3135 506 3199 ultro
532 3138 771 3219 panderentur,
798 3136 969 3202 violenter
993 3136 1261 3220 perrumpendas
1288 3143 1323 3198 et
1352 3131 1503 3207 differre,

167 3271 248 3316 num
271 3250 454 3316 convivam
478 3273 591 3327 voces,
615 3273 660 3317 an
682 3253 836 3338 patiaris,
860 3254 975 3327 ducas,
1000 3274 1044 3318 an
1065 3251 1223 3318 traharis

260 3388 311 3432 10.
333 3367 445 3453 Igitur
467 3368 661 3453 aethiopica
686 3371 836 3455 liturgia,
859 3390 947 3452 quae
970 3371 1005 3433 in
1032 3378 1185 3433 veterum
1211 3376 1346 3450 patrum
1377 3367 1502 3430 biblio·
1565 3373 1669 3426 uim
1686 3373 1849 3440 pristinae·

166 3484 269 3548 theca
292 3482 398 3549 latine
422 3504 551 3551 excusa
573 3485 706 3561 visitur,
731 3495 766 3551 et
789 3487 878 3550 aliae
900 3486 981 3551 huic
1004 3488 1099 3571 genti
1123 3483 1310 3549 familiares
1326 3505 1347 3547 a
1370 3484 1503 3546 mendis
1530 3447 1690 3498 Paetinam
1698 3454 1848 3497 “mn“

165 3609 394 3684 perpurgatae
424 3600 460 3667 in
487 3602 652 3666 castrensi
679 3603 811 3685 templo
838 3602 950 3685 prima
977 3601 1151 3685 paschatis
1178 3610 1300 3664 octava
1327 3598 1503 3663 decantari

166 3727 363 3801 coeperunt,
387 3717 448 3782 sed
472 3719 570 3781 brevi
593 3717 689 3782 fuere
713 3717 862 3791 fastidio,
886 3728 920 3784 et
942 3719 1034 3802 quod
1057 3718 1213 3800 prolixae
1233 3726 1347 3781 essent
1362 3725 1397 3779 et
1410 3716 1502 3799 quod

168 3834 286 3898 multis
308 3833 506 3898 viderentur
526 3832 600 3897 sine
623 3836 862 3899 communione
884 3836 949 3899 sub
973 3844 1115 3917 utraque
1130 3833 1254 3916 specie,
1279 3833 1422 3896 ieiunae.
1438 3831 1502 3895 Est

167 3948 259 4013 enim
282 3950 415 4014 varium
438 3959 474 4013 et
496 3952 660 4014 mutabile
682 3970 819 4034 semper
832 3959 1020 4015 monstrum
1043 3948 1195 4013 haeresis
1209 3967 1296 4030 quae
1320 3954 1503 4010 nauseante

167 4065 346 4130 stomacho
369 4067 484 4149 priora
507 4065 637 4131 fercula
659 4087 792 4131 semesa
814 4066 983 4150 relinquit,
1004 4076 1039 4130 et
1062 4065 1254 4129 immodicis
1277 4064 1421 4127 subinde
1444 4083 1501 4126 no·

169 4201 290 4247 vorum
313 4181 493 4246 desideriis
514 4180 714 4265 superfetat.
730 4183 964 4247 Patriarcham
980 4202 1021 4245 ea
1033 4183 1089 4245 die
1105 4181 1277 4244 Dancazio
1293 4179 1502 4264 Gorgorram

169 4298 371 4383 digressum,
396 4306 433 4363 ut
456 4318 582 4362 novum
604 4300 771 4382 templum
794 4301 962 4371 lustraret,
986 4298 1078 4380 quod
1102 4298 1160 4360 diu
1180 4304 1253 4359 erat
1268 4316 1345 4359 cum
1361 4315 1429 4359 non
1452 4296 1502 4357 vi·
1564 4303 1735 4386 Vulgare·
1753 4316 1850 4352 rumor

168 4413 259 4478 derit
280 4413 549 4478 ma*ievolorum
572 4416 710 4498 linguae
732 4424 766 4480 et
788 4416 913 4479 calami
935 4425 1014 4478 sunt
1036 4414 1218 4477 consecuti.
1242 4412 1345 4475 Dicto
1361 4411 1451 4474 enim
1468 4419 1504 4473 et
1529 4372 1848 4426 d⁸p⁸m⁸¹⁰h⁸⁹¹²⁰⁸⁰⁰

168 4531 285 4598 missis
307 4533 342 4597 in
366 4533 503 4596 diversa
525 4533 690 4616 epistolis
713 4531 970 4616 pervulgarunt,
994 4530 1095 4593 fidem
1119 4539 1280 4593 novatam
1302 4536 1337 4590 et
1356 4526 1503 4590 Patriar·

168 4646 270 4712 cham
305 4646 514 4733 Gorgorram
550 4649 586 4712 in
619 4647 758 4712 vincula
792 4645 982 4710 dimissum.
1006 4645 1052 4708 Et
1078 4647 1146 4708 iam
1169 4645 1263 4727 prius
1289 4662 1426 4725 sparsus
1459 4643 1503 4705 de

167 4760 236 4828 fide
258 4764 422 4829 mutanda
445 4773 479 4829 et
502 4763 653 4846 antiquis
671 4762 820 4848 liturgiis
845 4761 1050 4826 revocandis
1063 4779 1188 4833 rumor,
1207 4760 1351 4823 clericos
1366 4758 1502 4840 aliquos

166 4878 323 4946 haeresis
343 4878 587 4964 stipendiarios
602 4878 814 4945 excitaverat
830 4888 867 4944 ut
891 4879 1088 4942 incorrectis
1104 4884 1286 4941 uterentur.
1309 4873 1398 4958 Quia
1424 4892 1501 4937 cum

258 5127 298 5199 (1)
317 5130 449 5195 Philtra,
468 5139 493 5191 ³.
514 5139 556 5192 1s

250 5250 278 5296 C.
291 5251 399 5295 Buccm.
413 5252 472 5297 Rer.
484 5251 554 5297 Md.
566 5251 658 5306 Sm‘pr.
671 5264 717 5294 occ.
732 5252 798 5294 tired.
816 5273 839 5282 -
852 5249 920 5293 VIJJ.
