<?xml version="1.0" encoding="UTF-8"?>
<!DOCTYPE html PUBLIC "-//W3C//DTD XHTML 1.0 Transitional//EN"
    "http://www.w3.org/TR/xhtml1/DTD/xhtml1-transitional.dtd">
<html xmlns="http://www.w3.org/1999/xhtml" xml:lang="en" lang="en">
 <head>
  <title>
</title>
<meta http-equiv="Content-Type" content="text/html;charset=utf-8" />
  <meta name='ocr-system' content='tesseract 3.04.00' />
  <meta name='ocr-capabilities' content='ocr_page ocr_carea ocr_par ocr_line ocrx_word'/>
</head>
<body>
  <div class='ocr_page' id='page_1' title='image "./rerumaethiopica00beccgoog_0440.png"; bbox 0 0 4066 6174; ppageno 0'>
   <div class='ocr_carea' id='block_1_1' title="bbox 582 608 1483 686">
    <p class='ocr_par' dir='ltr' id='par_1_1' title="bbox 582 608 1483 686">
     <span class='ocr_line' id='line_1_1' title="bbox 582 608 1483 686; baseline 0.008 -23"><span class='ocrx_word' id='word_1_1' title='bbox 582 613 761 674; x_wconf 80' lang='grc'><strong>11111111,</strong></span> <span class='ocrx_word' id='word_1_2' title='bbox 786 614 911 665; x_wconf 73' lang='lat' dir='ltr'><strong>curus</strong></span> <span class='ocrx_word' id='word_1_3' title='bbox 939 616 1054 665; x_wconf 87' lang='lat' dir='ltr'><strong>xxxr.</strong></span> <span class='ocrx_word' id='word_1_4' title='bbox 1421 608 1483 686; x_wconf 79' lang='lat'><strong>363</strong></span> 
     </span>
    </p>
   </div>
   <div class='ocr_carea' id='block_1_2' title="bbox 142 757 1828 2915">
    <p class='ocr_par' dir='ltr' id='par_1_2' title="bbox 142 757 1485 2470">
     <span class='ocr_line' id='line_1_2' title="bbox 150 757 1485 847; baseline 0.007 -28"><span class='ocrx_word' id='word_1_5' title='bbox 150 757 273 819; x_wconf 89' lang='lat' dir='ltr'><strong>moliri.</strong></span> <span class='ocrx_word' id='word_1_6' title='bbox 299 758 353 821; x_wconf 92' lang='lat' dir='ltr'><strong>Ne</strong></span> <span class='ocrx_word' id='word_1_7' title='bbox 376 770 495 842; x_wconf 83' lang='lat' dir='ltr'><strong>gratus</strong></span> <span class='ocrx_word' id='word_1_8' title='bbox 518 771 633 824; x_wconf 91' lang='lat' dir='ltr'><strong>noster</strong></span> <span class='ocrx_word' id='word_1_9' title='bbox 656 762 690 825; x_wconf 94' lang='lat' dir='ltr'><strong>in</strong></span> <span class='ocrx_word' id='word_1_10' title='bbox 715 762 841 825; x_wconf 89' lang='lat' dir='ltr'><strong>curiam</strong></span> <span class='ocrx_word' id='word_1_11' title='bbox 866 772 955 826; x_wconf 90' lang='lat' dir='ltr'><strong>esset</strong></span> <span class='ocrx_word' id='word_1_12' title='bbox 979 763 1162 845; x_wconf 84' lang='lat' dir='ltr'><strong>ingressus,</strong></span> <span class='ocrx_word' id='word_1_13' title='bbox 1187 765 1341 847; x_wconf 79' lang='lat' dir='ltr'><strong>ingestae</strong></span> <span class='ocrx_word' id='word_1_14' title='bbox 1364 768 1408 829; x_wconf 91' lang='lat' dir='ltr'><strong>ab</strong></span> <span class='ocrx_word' id='word_1_15' title='bbox 1424 769 1485 829; x_wconf 90' lang='lat' dir='ltr'><strong>ali·</strong></span> 
     </span>
     <span class='ocr_line' id='line_1_3' title="bbox 148 872 1485 961; baseline 0.009 -27"><span class='ocrx_word' id='word_1_16' title='bbox 148 872 272 954; x_wconf 91' lang='lat' dir='ltr'><strong>quibus</strong></span> <span class='ocrx_word' id='word_1_17' title='bbox 297 876 562 948; x_wconf 83' lang='lat' dir='ltr'><strong>criminationes,</strong></span> <span class='ocrx_word' id='word_1_18' title='bbox 585 876 790 951; x_wconf 88' lang='lat' dir='ltr'><strong>effecerunt;</strong></span> <span class='ocrx_word' id='word_1_19' title='bbox 814 878 1036 961; x_wconf 86' lang='lat' dir='ltr'><strong>Imperatoris</strong></span> <span class='ocrx_word' id='word_1_20' title='bbox 1070 882 1295 944; x_wconf 90' lang='lat' dir='ltr'><strong>domesticum</strong></span> <span class='ocrx_word' id='word_1_21' title='bbox 1320 884 1485 947; x_wconf 90' lang='lat' dir='ltr'><strong>victoriae</strong></span> 
     </span>
     <span class='ocr_line' id='line_1_4' title="bbox 148 992 1485 1072; baseline 0.007 -21"><span class='ocrx_word' id='word_1_22' title='bbox 148 992 268 1053; x_wconf 91' lang='lat' dir='ltr'><strong>nuntia</strong></span> <span class='ocrx_word' id='word_1_23' title='bbox 290 1001 483 1072; x_wconf 91' lang='lat' dir='ltr'><strong>portantem</strong></span> <span class='ocrx_word' id='word_1_24' title='bbox 514 993 610 1056; x_wconf 93' lang='lat' dir='ltr'><strong>nullo</strong></span> <span class='ocrx_word' id='word_1_25' title='bbox 640 996 731 1056; x_wconf 92' lang='lat' dir='ltr'><strong>dono</strong></span> <span class='ocrx_word' id='word_1_26' title='bbox 761 1015 781 1057; x_wconf 90' lang='lat' dir='ltr'><strong>a</strong></span> <span class='ocrx_word' id='word_1_27' title='bbox 812 995 1013 1058; x_wconf 88' lang='lat' dir='ltr'><strong>Patriarcha</strong></span> <span class='ocrx_word' id='word_1_28' title='bbox 1042 1007 1308 1072; x_wconf 89' lang='lat' dir='ltr'><strong>remuneratum;</strong></span> <span class='ocrx_word' id='word_1_29' title='bbox 1341 1009 1375 1062; x_wconf 91' lang='lat' dir='ltr'><strong>et</strong></span> <span class='ocrx_word' id='word_1_30' title='bbox 1398 999 1485 1062; x_wconf 92' lang='lat' dir='ltr'><strong>alios</strong></span> 
     </span>
     <span class='ocr_line' id='line_1_5' title="bbox 148 1102 1483 1196; baseline 0.007 -28"><span class='ocrx_word' id='word_1_31' title='bbox 148 1102 345 1189; x_wconf 81' lang='lat' dir='ltr'><strong>Gorgorrae</strong></span> <span class='ocrx_word' id='word_1_32' title='bbox 368 1128 388 1169; x_wconf 93' lang='lat' dir='ltr'><strong>a</strong></span> <span class='ocrx_word' id='word_1_33' title='bbox 411 1110 565 1189; x_wconf 87' lang='lat' dir='ltr'><strong>patribus</strong></span> <span class='ocrx_word' id='word_1_34' title='bbox 589 1110 700 1173; x_wconf 92' lang='lat' dir='ltr'><strong>minus</strong></span> <span class='ocrx_word' id='word_1_35' title='bbox 727 1112 914 1174; x_wconf 82' lang='lat' dir='ltr'><strong>liberaliter</strong></span> <span class='ocrx_word' id='word_1_36' title='bbox 936 1131 1038 1193; x_wconf 90' lang='lat' dir='ltr'><strong>quam</strong></span> <span class='ocrx_word' id='word_1_37' title='bbox 1062 1112 1129 1194; x_wconf 91' lang='lat' dir='ltr'><strong>ipsi</strong></span> <span class='ocrx_word' id='word_1_38' title='bbox 1156 1113 1284 1175; x_wconf 91' lang='lat' dir='ltr'><strong>vellent</strong></span> <span class='ocrx_word' id='word_1_39' title='bbox 1304 1125 1483 1196; x_wconf 89' lang='lat' dir='ltr'><strong>exceptos;</strong></span> 
     </span>
     <span class='ocr_line' id='line_1_6' title="bbox 147 1224 1484 1311; baseline 0.007 -28"><span class='ocrx_word' id='word_1_40' title='bbox 147 1242 225 1284; x_wconf 92' lang='lat' dir='ltr'><strong>cum</strong></span> <span class='ocrx_word' id='word_1_41' title='bbox 249 1233 364 1285; x_wconf 90' lang='lat' dir='ltr'><strong>tamen</strong></span> <span class='ocrx_word' id='word_1_42' title='bbox 389 1224 475 1287; x_wconf 92' lang='lat' dir='ltr'><strong>nihil</strong></span> <span class='ocrx_word' id='word_1_43' title='bbox 492 1234 582 1288; x_wconf 89' lang='lat' dir='ltr'><strong>esset</strong></span> <span class='ocrx_word' id='word_1_44' title='bbox 597 1227 641 1288; x_wconf 93' lang='lat' dir='ltr'><strong>de</strong></span> <span class='ocrx_word' id='word_1_45' title='bbox 665 1226 865 1291; x_wconf 91' lang='lat' dir='ltr'><strong>necessariis</strong></span> <span class='ocrx_word' id='word_1_46' title='bbox 889 1228 1090 1302; x_wconf 90' lang='lat' dir='ltr'><strong>detractum,</strong></span> <span class='ocrx_word' id='word_1_47' title='bbox 1112 1239 1265 1311; x_wconf 89' lang='lat' dir='ltr'><strong>ternpore</strong></span> <span class='ocrx_word' id='word_1_48' title='bbox 1288 1229 1375 1292; x_wconf 90' lang='lat' dir='ltr'><strong>adeo</strong></span> <span class='ocrx_word' id='word_1_49' title='bbox 1398 1228 1484 1293; x_wconf 88' lang='lat' dir='ltr'><strong>diffi-</strong></span> 
     </span>
     <span class='ocr_line' id='line_1_7' title="bbox 146 1338 1485 1425; baseline 0.007 -25"><span class='ocrx_word' id='word_1_50' title='bbox 146 1338 217 1410; x_wconf 89' lang='lat' dir='ltr'><strong>cili,</strong></span> <span class='ocrx_word' id='word_1_51' title='bbox 241 1350 279 1401; x_wconf 93' lang='lat' dir='ltr'><strong>ut</strong></span> <span class='ocrx_word' id='word_1_52' title='bbox 302 1339 456 1421; x_wconf 85' lang='lat' dir='ltr'><strong>hospites</strong></span> <span class='ocrx_word' id='word_1_53' title='bbox 486 1341 576 1404; x_wconf 89' lang='lat' dir='ltr'><strong>ultra</strong></span> <span class='ocrx_word' id='word_1_54' title='bbox 604 1343 810 1425; x_wconf 85' lang='lat' dir='ltr'><strong>quingentos</strong></span> <span class='ocrx_word' id='word_1_55' title='bbox 841 1343 970 1406; x_wconf 87' lang='lat' dir='ltr'><strong>ibidem</strong></span> <span class='ocrx_word' id='word_1_56' title='bbox 1000 1345 1179 1417; x_wconf 85' lang='lat' dir='ltr'><strong>alerentur,</strong></span> <span class='ocrx_word' id='word_1_57' title='bbox 1211 1345 1368 1408; x_wconf 89' lang='lat' dir='ltr'><strong>omnibus</strong></span> <span class='ocrx_word' id='word_1_58' title='bbox 1394 1348 1485 1409; x_wconf 89' lang='lat' dir='ltr'><strong>circa</strong></span> 
     </span>
     <span class='ocr_line' id='line_1_8' title="bbox 145 1456 1482 1540; baseline 0.007 -24"><span class='ocrx_word' id='word_1_59' title='bbox 145 1456 301 1527; x_wconf 91' lang='lat' dir='ltr'><strong>turbatis,</strong></span> <span class='ocrx_word' id='word_1_60' title='bbox 327 1456 372 1517; x_wconf 94' lang='lat' dir='ltr'><strong>ob</strong></span> <span class='ocrx_word' id='word_1_61' title='bbox 395 1457 540 1519; x_wconf 90' lang='lat' dir='ltr'><strong>adversa</strong></span> <span class='ocrx_word' id='word_1_62' title='bbox 571 1459 699 1530; x_wconf 89' lang='lat' dir='ltr'><strong>nuntia,</strong></span> <span class='ocrx_word' id='word_1_63' title='bbox 723 1460 914 1540; x_wconf 90' lang='lat' dir='ltr'><strong>oppidanis.</strong></span> <span class='ocrx_word' id='word_1_64' title='bbox 946 1459 1091 1523; x_wconf 90' lang='lat' dir='ltr'><strong>Munera</strong></span> <span class='ocrx_word' id='word_1_65' title='bbox 1118 1462 1288 1524; x_wconf 83' lang='lat' dir='ltr'><strong>nuntianti</strong></span> <span class='ocrx_word' id='word_1_66' title='bbox 1316 1462 1410 1525; x_wconf 92' lang='lat' dir='ltr'><strong>nulla</strong></span> <span class='ocrx_word' id='word_1_67' title='bbox 1433 1482 1482 1525; x_wconf 91' lang='lat' dir='ltr'><strong>re·</strong></span> 
     </span>
     <span class='ocr_line' id='line_1_9' title="bbox 146 1571 1484 1657; baseline 0.007 -26"><span class='ocrx_word' id='word_1_68' title='bbox 146 1590 264 1651; x_wconf 89' lang='lat' dir='ltr'><strong>pensa,</strong></span> <span class='ocrx_word' id='word_1_69' title='bbox 281 1571 362 1652; x_wconf 90' lang='lat' dir='ltr'><strong>quia</strong></span> <span class='ocrx_word' id='word_1_70' title='bbox 378 1592 440 1635; x_wconf 89' lang='lat' dir='ltr'><strong>nec</strong></span> <span class='ocrx_word' id='word_1_71' title='bbox 457 1572 552 1635; x_wconf 93' lang='lat' dir='ltr'><strong>illum</strong></span> <span class='ocrx_word' id='word_1_72' title='bbox 571 1593 633 1636; x_wconf 89' lang='lat' dir='ltr'><strong>nec</strong></span> <span class='ocrx_word' id='word_1_73' title='bbox 649 1573 753 1636; x_wconf 92' lang='lat' dir='ltr'><strong>alium</strong></span> <span class='ocrx_word' id='word_1_74' title='bbox 770 1573 960 1657; x_wconf 87' lang='lat' dir='ltr'><strong>Imperator</strong></span> <span class='ocrx_word' id='word_1_75' title='bbox 976 1578 1020 1639; x_wconf 89' lang='lat' dir='ltr'><strong>ad</strong></span> <span class='ocrx_word' id='word_1_76' title='bbox 1031 1576 1277 1651; x_wconf 89' lang='lat' dir='ltr'><strong>Patriarcham,</strong></span> <span class='ocrx_word' id='word_1_77' title='bbox 1291 1586 1328 1638; x_wconf 94' lang='lat' dir='ltr'><strong>ut</strong></span> <span class='ocrx_word' id='word_1_78' title='bbox 1339 1578 1484 1651; x_wconf 88' lang='lat' dir='ltr'><strong>solebat,</strong></span> 
     </span>
     <span class='ocr_line' id='line_1_10' title="bbox 142 1687 1483 1772; baseline 0.005 -23"><span class='ocrx_word' id='word_1_79' title='bbox 142 1687 287 1760; x_wconf 89' lang='lat' dir='ltr'><strong>dimisit,</strong></span> <span class='ocrx_word' id='word_1_80' title='bbox 312 1707 389 1750; x_wconf 89' lang='lat' dir='ltr'><strong>curn</strong></span> <span class='ocrx_word' id='word_1_81' title='bbox 413 1689 540 1751; x_wconf 91' lang='lat' dir='ltr'><strong>multos</strong></span> <span class='ocrx_word' id='word_1_82' title='bbox 564 1691 599 1751; x_wconf 92' lang='lat' dir='ltr'><strong>in</strong></span> <span class='ocrx_word' id='word_1_83' title='bbox 622 1689 775 1753; x_wconf 90' lang='lat' dir='ltr'><strong>diversas</strong></span> <span class='ocrx_word' id='word_1_84' title='bbox 798 1702 912 1772; x_wconf 89' lang='lat' dir='ltr'><strong>partes</strong></span> <span class='ocrx_word' id='word_1_85' title='bbox 935 1702 971 1754; x_wconf 89' lang='lat' dir='ltr'><strong>et</strong></span> <span class='ocrx_word' id='word_1_86' title='bbox 995 1691 1093 1755; x_wconf 93' lang='lat' dir='ltr'><strong>nobis</strong></span> <span class='ocrx_word' id='word_1_87' title='bbox 1116 1692 1267 1755; x_wconf 86' lang='lat' dir='ltr'><strong>maxime</strong></span> <span class='ocrx_word' id='word_1_88' title='bbox 1290 1692 1421 1757; x_wconf 89' lang='lat' dir='ltr'><strong>vicinas</strong></span> <span class='ocrx_word' id='word_1_89' title='bbox 1440 1696 1483 1756; x_wconf 90' lang='lat' dir='ltr'><strong>ad</strong></span> 
     </span>
     <span class='ocr_line' id='line_1_11' title="bbox 144 1802 1484 1891; baseline 0.003 -26"><span class='ocrx_word' id='word_1_90' title='bbox 144 1822 312 1885; x_wconf 88' lang='lat' dir='ltr'><strong>personas</strong></span> <span class='ocrx_word' id='word_1_91' title='bbox 336 1804 444 1867; x_wconf 91' lang='lat' dir='ltr'><strong>multo</strong></span> <span class='ocrx_word' id='word_1_92' title='bbox 460 1802 639 1869; x_wconf 89' lang='lat' dir='ltr'><strong>inferiores</strong></span> <span class='ocrx_word' id='word_1_93' title='bbox 662 1806 895 1888; x_wconf 90' lang='lat' dir='ltr'><strong>dispersisset;</strong></span> <span class='ocrx_word' id='word_1_94' title='bbox 919 1816 953 1870; x_wconf 91' lang='lat' dir='ltr'><strong>et</strong></span> <span class='ocrx_word' id='word_1_95' title='bbox 976 1809 1015 1880; x_wconf 89' lang='lat' dir='ltr'><strong>is,</strong></span> <span class='ocrx_word' id='word_1_96' title='bbox 1032 1809 1090 1889; x_wconf 93' lang='lat' dir='ltr'><strong>qui</strong></span> <span class='ocrx_word' id='word_1_97' title='bbox 1114 1808 1225 1891; x_wconf 90' lang='lat' dir='ltr'><strong>ipsum</strong></span> <span class='ocrx_word' id='word_1_98' title='bbox 1241 1818 1320 1891; x_wconf 92' lang='lat' dir='ltr'><strong>post</strong></span> <span class='ocrx_word' id='word_1_99' title='bbox 1344 1819 1412 1873; x_wconf 90' lang='lat' dir='ltr'><strong>tres</strong></span> <span class='ocrx_word' id='word_1_100' title='bbox 1428 1808 1484 1872; x_wconf 90' lang='lat' dir='ltr'><strong>vel</strong></span> 
     </span>
     <span class='ocr_line' id='line_1_12' title="bbox 144 1920 1482 2004; baseline 0.005 -24"><span class='ocrx_word' id='word_1_101' title='bbox 144 1928 293 2000; x_wconf 92' lang='lat' dir='ltr'><strong>quatuor</strong></span> <span class='ocrx_word' id='word_1_102' title='bbox 317 1920 391 1981; x_wconf 91' lang='lat' dir='ltr'><strong>dies</strong></span> <span class='ocrx_word' id='word_1_103' title='bbox 413 1920 467 1982; x_wconf 92' lang='lat' dir='ltr'><strong>his</strong></span> <span class='ocrx_word' id='word_1_104' title='bbox 484 1921 611 1984; x_wconf 91' lang='lat' dir='ltr'><strong>nuntiis</strong></span> <span class='ocrx_word' id='word_1_105' title='bbox 634 1922 854 2004; x_wconf 87' lang='lat' dir='ltr'><strong>participavit</strong></span> <span class='ocrx_word' id='word_1_106' title='bbox 874 1924 918 1985; x_wconf 90' lang='lat' dir='ltr'><strong>ad</strong></span> <span class='ocrx_word' id='word_1_107' title='bbox 942 1942 1019 1985; x_wconf 90' lang='lat' dir='ltr'><strong>eum</strong></span> <span class='ocrx_word' id='word_1_108' title='bbox 1037 1933 1130 1987; x_wconf 90' lang='lat' dir='ltr'><strong>recta</strong></span> <span class='ocrx_word' id='word_1_109' title='bbox 1145 1924 1270 1987; x_wconf 91' lang='lat' dir='ltr'><strong>missus</strong></span> <span class='ocrx_word' id='word_1_110' title='bbox 1285 1944 1351 1987; x_wconf 94' lang='lat' dir='ltr'><strong>non</strong></span> <span class='ocrx_word' id='word_1_111' title='bbox 1370 1922 1482 1995; x_wconf 88' lang='lat' dir='ltr'><strong>fuerit,</strong></span> 
     </span>
     <span class='ocr_line' id='line_1_13' title="bbox 144 2035 1483 2122; baseline 0.005 -26"><span class='ocrx_word' id='word_1_112' title='bbox 144 2035 207 2096; x_wconf 93' lang='lat' dir='ltr'><strong>sed</strong></span> <span class='ocrx_word' id='word_1_113' title='bbox 231 2055 278 2098; x_wconf 85' lang='lat' dir='ltr'><strong>ex</strong></span> <span class='ocrx_word' id='word_1_114' title='bbox 300 2037 481 2098; x_wconf 89' lang='lat' dir='ltr'><strong>occasione</strong></span> <span class='ocrx_word' id='word_1_115' title='bbox 505 2038 705 2100; x_wconf 89' lang='lat' dir='ltr'><strong>accessisset</strong></span> <span class='ocrx_word' id='word_1_116' title='bbox 729 2038 912 2118; x_wconf 88' lang='lat' dir='ltr'><strong>expeditus</strong></span> <span class='ocrx_word' id='word_1_117' title='bbox 936 2039 980 2101; x_wconf 92' lang='lat' dir='ltr'><strong>ad</strong></span> <span class='ocrx_word' id='word_1_118' title='bbox 995 2038 1219 2119; x_wconf 91' lang='lat' dir='ltr'><strong>publicandas</strong></span> <span class='ocrx_word' id='word_1_119' title='bbox 1239 2059 1322 2122; x_wconf 91' lang='lat' dir='ltr'><strong>opes</strong></span> <span class='ocrx_word' id='word_1_120' title='bbox 1348 2039 1483 2103; x_wconf 91' lang='lat' dir='ltr'><strong>Melcae</strong></span> 
     </span>
     <span class='ocr_line' id='line_1_14' title="bbox 145 2147 1483 2236; baseline 0.004 -24"><span class='ocrx_word' id='word_1_121' title='bbox 145 2147 303 2214; x_wconf 78' lang='lat' dir='ltr'><strong>Christds</strong></span> <span class='ocrx_word' id='word_1_122' title='bbox 326 2152 375 2214; x_wconf 92' lang='lat' dir='ltr'><strong>rei</strong></span> <span class='ocrx_word' id='word_1_123' title='bbox 398 2152 653 2234; x_wconf 88' lang='lat' dir='ltr'><strong>perduellionis,</strong></span> <span class='ocrx_word' id='word_1_124' title='bbox 678 2153 712 2214; x_wconf 93' lang='lat' dir='ltr'><strong>in</strong></span> <span class='ocrx_word' id='word_1_125' title='bbox 736 2155 851 2217; x_wconf 87' lang='lat' dir='ltr'><strong>vicina</strong></span> <span class='ocrx_word' id='word_1_126' title='bbox 874 2154 994 2224; x_wconf 90' lang='lat' dir='ltr'><strong>insula.</strong></span> <span class='ocrx_word' id='word_1_127' title='bbox 1019 2175 1106 2236; x_wconf 89' lang='lat' dir='ltr'><strong>quae</strong></span> <span class='ocrx_word' id='word_1_128' title='bbox 1130 2153 1244 2218; x_wconf 74' lang='lat' dir='ltr'><strong>Galila</strong></span> <span class='ocrx_word' id='word_1_129' title='bbox 1267 2157 1398 2228; x_wconf 90' lang='lat' dir='ltr'><strong>dicitur,</strong></span> <span class='ocrx_word' id='word_1_130' title='bbox 1431 2176 1483 2217; x_wconf 89' lang='lat' dir='ltr'><strong>as·</strong></span> 
     </span>
     <span class='ocr_line' id='line_1_15' title="bbox 145 2266 1484 2352; baseline 0.004 -23"><span class='ocrx_word' id='word_1_131' title='bbox 145 2278 309 2330; x_wconf 87' lang='lat' dir='ltr'><strong>servatas.</strong></span> <span class='ocrx_word' id='word_1_132' title='bbox 334 2266 428 2330; x_wconf 92' lang='lat' dir='ltr'><strong>Vera</strong></span> <span class='ocrx_word' id='word_1_133' title='bbox 451 2279 564 2331; x_wconf 89' lang='lat' dir='ltr'><strong>tamen</strong></span> <span class='ocrx_word' id='word_1_134' title='bbox 580 2269 699 2332; x_wconf 86' lang='lat' dir='ltr'><strong>harum</strong></span> <span class='ocrx_word' id='word_1_135' title='bbox 715 2270 1022 2350; x_wconf 86' lang='lat' dir='ltr'><strong>quaerimoniarum</strong></span> <span class='ocrx_word' id='word_1_136' title='bbox 1038 2290 1141 2334; x_wconf 92' lang='lat' dir='ltr'><strong>causa</strong></span> <span class='ocrx_word' id='word_1_137' title='bbox 1163 2268 1237 2343; x_wconf 83' lang='lat' dir='ltr'><strong>fuit,</strong></span> <span class='ocrx_word' id='word_1_138' title='bbox 1253 2291 1356 2352; x_wconf 89' lang='lat' dir='ltr'><strong>quam</strong></span> <span class='ocrx_word' id='word_1_139' title='bbox 1372 2272 1484 2334; x_wconf 89' lang='lat' dir='ltr'><strong>reddit</strong></span> 
     </span>
     <span class='ocr_line' id='line_1_16' title="bbox 144 2382 1240 2470; baseline 0.003 -24"><span class='ocrx_word' id='word_1_140' title='bbox 144 2384 299 2465; x_wconf 89' lang='lat' dir='ltr'><strong>sapiens:</strong></span> <span class='ocrx_word' id='word_1_141' title='bbox 328 2382 521 2447; x_wconf 76' lang='lat' dir='ltr'><strong>Occan&#39;ones</strong></span> <span class='ocrx_word' id='word_1_142' title='bbox 544 2385 679 2470; x_wconf 78' lang='lat' dir='ltr'><strong>quaerit</strong></span> <span class='ocrx_word' id='word_1_143' title='bbox 700 2385 857 2469; x_wconf 78' lang='lat' dir='ltr'><strong>quivult</strong></span> <span class='ocrx_word' id='word_1_144' title='bbox 877 2384 1040 2450; x_wconf 70' lang='lat' dir='ltr'><strong>discedere</strong></span> <span class='ocrx_word' id='word_1_145' title='bbox 1062 2387 1103 2450; x_wconf 83' lang='lat' dir='ltr'><strong>ab</strong></span> <span class='ocrx_word' id='word_1_146' title='bbox 1125 2388 1240 2451; x_wconf 76' lang='lat' dir='ltr'><strong>amz&#39;co.</strong></span> 
     </span>
    </p>

    <p class='ocr_par' dir='ltr' id='par_1_3' title="bbox 145 2500 1828 2915">
     <span class='ocr_line' id='line_1_17' title="bbox 236 2500 1828 2586; baseline 0.003 -24"><span class='ocrx_word' id='word_1_147' title='bbox 236 2504 267 2563; x_wconf 82' lang='lat'><strong>6.</strong></span> <span class='ocrx_word' id='word_1_148' title='bbox 292 2500 359 2562; x_wconf 89' lang='lat' dir='ltr'><strong>Die</strong></span> <span class='ocrx_word' id='word_1_149' title='bbox 383 2501 516 2565; x_wconf 87' lang='lat' dir='ltr'><strong>decima</strong></span> <span class='ocrx_word' id='word_1_150' title='bbox 539 2512 662 2564; x_wconf 89' lang='lat' dir='ltr'><strong>octava</strong></span> <span class='ocrx_word' id='word_1_151' title='bbox 679 2503 772 2573; x_wconf 89' lang='lat' dir='ltr'><strong>iunii,</strong></span> <span class='ocrx_word' id='word_1_152' title='bbox 796 2521 883 2582; x_wconf 92' lang='lat' dir='ltr'><strong>quae</strong></span> <span class='ocrx_word' id='word_1_153' title='bbox 909 2501 1051 2565; x_wconf 86' lang='lat' dir='ltr'><strong>Veneris</strong></span> <span class='ocrx_word' id='word_1_154' title='bbox 1075 2514 1157 2574; x_wconf 91' lang='lat' dir='ltr'><strong>erat,</strong></span> <span class='ocrx_word' id='word_1_155' title='bbox 1182 2506 1217 2566; x_wconf 92' lang='lat' dir='ltr'><strong>in</strong></span> <span class='ocrx_word' id='word_1_156' title='bbox 1233 2505 1335 2566; x_wconf 92' lang='lat' dir='ltr'><strong>domo</strong></span> <span class='ocrx_word' id='word_1_157' title='bbox 1351 2503 1480 2586; x_wconf 85' lang='lat' dir='ltr'><strong>regiaa</strong></span> <span class='ocrx_word' id='word_1_158' title='bbox 1544 2512 1773 2565; x_wconf 75' lang='lat' dir='ltr'><strong>eonsmutlones</strong></span> <span class='ocrx_word' id='word_1_159' title='bbox 1794 2517 1828 2566; x_wconf 84' lang='lat' dir='ltr'><strong>de</strong></span> 
     </span>
     <span class='ocr_line' id='line_1_18' title="bbox 146 2584 1756 2700; baseline 0.004 -22"><span class='ocrx_word' id='word_1_160' title='bbox 146 2616 306 2698; x_wconf 89' lang='lat' dir='ltr'><strong>Principe</strong></span> <span class='ocrx_word' id='word_1_161' title='bbox 326 2626 531 2680; x_wconf 91' lang='lat' dir='ltr'><strong>summatum</strong></span> <span class='ocrx_word' id='word_1_162' title='bbox 546 2627 581 2680; x_wconf 94' lang='lat' dir='ltr'><strong>et</strong></span> <span class='ocrx_word' id='word_1_163' title='bbox 596 2626 791 2680; x_wconf 88' lang='lat' dir='ltr'><strong>senatorum</strong></span> <span class='ocrx_word' id='word_1_164' title='bbox 812 2618 992 2680; x_wconf 90' lang='lat' dir='ltr'><strong>collectum</strong></span> <span class='ocrx_word' id='word_1_165' title='bbox 1008 2628 1060 2681; x_wconf 90' lang='lat' dir='ltr'><strong>est</strong></span> <span class='ocrx_word' id='word_1_166' title='bbox 1083 2619 1273 2693; x_wconf 91' lang='lat' dir='ltr'><strong>consilium,</strong></span> <span class='ocrx_word' id='word_1_167' title='bbox 1290 2621 1380 2700; x_wconf 92' lang='lat' dir='ltr'><strong>quod</strong></span> <span class='ocrx_word' id='word_1_168' title='bbox 1401 2639 1481 2683; x_wconf 89' lang='lat' dir='ltr'><strong>vere</strong></span> <span class='ocrx_word' id='word_1_169' title='bbox 1509 2584 1573 2635; x_wconf 54' lang='grc' dir='ltr'>Μ</span> <span class='ocrx_word' id='word_1_170' title='bbox 1592 2585 1756 2636; x_wconf 57' lang='lat' dir='ltr'><strong>mmm</strong></span> 
     </span>
     <span class='ocr_line' id='line_1_19' title="bbox 146 2733 1479 2815; baseline 0.004 -22"><span class='ocrx_word' id='word_1_171' title='bbox 146 2733 410 2814; x_wconf 83' lang='lat' dir='ltr'><strong>malignantium</strong></span> <span class='ocrx_word' id='word_1_172' title='bbox 426 2734 494 2795; x_wconf 88' lang='lat' dir='ltr'><strong>dici</strong></span> <span class='ocrx_word' id='word_1_173' title='bbox 506 2744 637 2815; x_wconf 90' lang='lat' dir='ltr'><strong>potest;</strong></span> <span class='ocrx_word' id='word_1_174' title='bbox 655 2735 769 2815; x_wconf 91' lang='lat' dir='ltr'><strong>plures</strong></span> <span class='ocrx_word' id='word_1_175' title='bbox 781 2734 870 2796; x_wconf 89' lang='lat' dir='ltr'><strong>enirn</strong></span> <span class='ocrx_word' id='word_1_176' title='bbox 884 2753 1011 2808; x_wconf 90' lang='lat' dir='ltr'><strong>eorum,</strong></span> <span class='ocrx_word' id='word_1_177' title='bbox 1024 2736 1089 2798; x_wconf 92' lang='lat' dir='ltr'><strong>etsi</strong></span> <span class='ocrx_word' id='word_1_178' title='bbox 1102 2735 1263 2798; x_wconf 90' lang='lat' dir='ltr'><strong>catholici</strong></span> <span class='ocrx_word' id='word_1_179' title='bbox 1279 2736 1479 2807; x_wconf 85' lang='lat' dir='ltr'><strong>dicerentur,</strong></span> 
     </span>
     <span class='ocr_line' id='line_1_20' title="bbox 145 2847 1479 2915; baseline 0.004 -7"><span class='ocrx_word' id='word_1_180' title='bbox 145 2849 180 2910; x_wconf 90' lang='lat' dir='ltr'><strong>in</strong></span> <span class='ocrx_word' id='word_1_181' title='bbox 204 2847 413 2911; x_wconf 89' lang='lat' dir='ltr'><strong>haereticam</strong></span> <span class='ocrx_word' id='word_1_182' title='bbox 430 2847 615 2913; x_wconf 89' lang='lat' dir='ltr'><strong>factionem</strong></span> <span class='ocrx_word' id='word_1_183' title='bbox 631 2850 850 2913; x_wconf 88' lang='lat' dir='ltr'><strong>inclinabant.</strong></span> <span class='ocrx_word' id='word_1_184' title='bbox 868 2850 1073 2913; x_wconf 88' lang='lat' dir='ltr'><strong>Praestitum</strong></span> <span class='ocrx_word' id='word_1_185' title='bbox 1096 2853 1227 2913; x_wconf 90' lang='lat' dir='ltr'><strong>cunctis</strong></span> <span class='ocrx_word' id='word_1_186' title='bbox 1243 2860 1294 2915; x_wconf 90' lang='lat' dir='ltr'><strong>est</strong></span> <span class='ocrx_word' id='word_1_187' title='bbox 1314 2852 1479 2914; x_wconf 89' lang='lat' dir='ltr'><strong>iusiuran-</strong></span> 
     </span>
    </p>
   </div>
   <div class='ocr_carea' id='block_1_3' title="bbox 30 2962 1829 3049">
    <p class='ocr_par' dir='ltr' id='par_1_4' title="bbox 30 2962 1829 3049">
     <span class='ocr_line' id='line_1_21' title="bbox 30 2962 1829 3049; baseline 0.001 -24"><span class='ocrx_word' id='word_1_188' title='bbox 30 3005 36 3018; x_wconf 83' lang='lat'><strong>·</strong></span> <span class='ocrx_word' id='word_1_189' title='bbox 86 3004 117 3024; x_wconf 84' lang='lat'><strong>..</strong></span> <span class='ocrx_word' id='word_1_190' title='bbox 145 2964 237 3035; x_wconf 90' lang='lat' dir='ltr'><strong>dum,</strong></span> <span class='ocrx_word' id='word_1_191' title='bbox 262 2975 300 3027; x_wconf 93' lang='lat' dir='ltr'><strong>ut</strong></span> <span class='ocrx_word' id='word_1_192' title='bbox 326 2962 427 3046; x_wconf 81' lang='lat' dir='ltr'><strong>*quid</strong></span> <span class='ocrx_word' id='word_1_193' title='bbox 443 2966 486 3049; x_wconf 82' lang='lat' dir='ltr'><strong>(a)</strong></span> <span class='ocrx_word' id='word_1_194' title='bbox 510 2986 556 3029; x_wconf 90' lang='lat' dir='ltr'><strong>ex</strong></span> <span class='ocrx_word' id='word_1_195' title='bbox 586 2986 623 3029; x_wconf 90' lang='lat' dir='ltr'><strong>re</strong></span> <span class='ocrx_word' id='word_1_196' title='bbox 654 2966 787 3048; x_wconf 91' lang='lat' dir='ltr'><strong>imperii</strong></span> <span class='ocrx_word' id='word_1_197' title='bbox 819 2985 895 3028; x_wconf 89' lang='lat' dir='ltr'><strong>esse</strong></span> <span class='ocrx_word' id='word_1_198' title='bbox 918 2967 1083 3029; x_wconf 88' lang='lat' dir='ltr'><strong>sentirent</strong></span> <span class='ocrx_word' id='word_1_199' title='bbox 1107 2978 1223 3048; x_wconf 90' lang='lat' dir='ltr'><strong>aperte</strong></span> <span class='ocrx_word' id='word_1_200' title='bbox 1253 2969 1478 3029; x_wconf 88' lang='lat' dir='ltr'><strong>enuntiarent.</strong></span> <span class='ocrx_word' id='word_1_201' title='bbox 1537 2974 1721 3024; x_wconf 75' lang='lat' dir='ltr'><strong>Habitachum</strong></span> <span class='ocrx_word' id='word_1_202' title='bbox 1740 2975 1829 3027; x_wconf 70' lang='lat' dir='ltr'><strong>vanis</strong></span> 
     </span>
    </p>
   </div>
   <div class='ocr_carea' id='block_1_4' title="bbox 145 3047 1805 3164">
    <p class='ocr_par' dir='ltr' id='par_1_5' title="bbox 145 3047 1805 3164">
     <span class='ocr_line' id='line_1_22' title="bbox 145 3047 1805 3164; baseline -0.004 -23"><span class='ocrx_word' id='word_1_203' title='bbox 145 3079 278 3142; x_wconf 84' lang='lat' dir='ltr'><strong>Dixere</strong></span> <span class='ocrx_word' id='word_1_204' title='bbox 301 3090 410 3143; x_wconf 91' lang='lat' dir='ltr'><strong>totum</strong></span> <span class='ocrx_word' id='word_1_205' title='bbox 435 3084 625 3145; x_wconf 88' lang='lat' dir='ltr'><strong>communis</strong></span> <span class='ocrx_word' id='word_1_206' title='bbox 646 3082 906 3164; x_wconf 89' lang='lat' dir='ltr'><strong>tranquillitatis</strong></span> <span class='ocrx_word' id='word_1_207' title='bbox 929 3091 1089 3164; x_wconf 90' lang='lat' dir='ltr'><strong>punctum</strong></span> <span class='ocrx_word' id='word_1_208' title='bbox 1114 3083 1148 3145; x_wconf 89' lang='lat' dir='ltr'><strong>in</strong></span> <span class='ocrx_word' id='word_1_209' title='bbox 1173 3103 1215 3146; x_wconf 94' lang='lat' dir='ltr'><strong>eo</strong></span> <span class='ocrx_word' id='word_1_210' title='bbox 1231 3083 1333 3146; x_wconf 90' lang='lat' dir='ltr'><strong>situm</strong></span> <span class='ocrx_word' id='word_1_211' title='bbox 1352 3102 1427 3145; x_wconf 91' lang='lat' dir='ltr'><strong>esse</strong></span> <span class='ocrx_word' id='word_1_212' title='bbox 1443 3092 1480 3144; x_wconf 93' lang='lat' dir='ltr'><strong>ut</strong></span> <span class='ocrx_word' id='word_1_213' title='bbox 1507 3047 1575 3096; x_wconf 47' lang='grc' dir='ltr'><strong>Μ’</strong></span> <span class='ocrx_word' id='word_1_214' title='bbox 1593 3055 1621 3095; x_wconf 59' lang='lat' dir='ltr'><strong>‘t</strong></span> <span class='ocrx_word' id='word_1_215' title='bbox 1638 3048 1805 3097; x_wconf 53' lang='lat' dir='ltr'><strong>mmm·</strong></span> 
     </span>
    </p>
   </div>
   <div class='ocr_carea' id='block_1_5' title="bbox 144 3194 1484 4669">
    <p class='ocr_par' dir='ltr' id='par_1_6' title="bbox 144 3194 1484 4669">
     <span class='ocr_line' id='line_1_23' title="bbox 144 3194 1480 3279; baseline 0.002 -24"><span class='ocrx_word' id='word_1_216' title='bbox 144 3215 264 3258; x_wconf 88' lang='lat' dir='ltr'><strong>omnes</strong></span> <span class='ocrx_word' id='word_1_217' title='bbox 287 3197 407 3259; x_wconf 91' lang='lat' dir='ltr'><strong>eadem</strong></span> <span class='ocrx_word' id='word_1_218' title='bbox 430 3194 515 3260; x_wconf 91' lang='lat' dir='ltr'><strong>fides</strong></span> <span class='ocrx_word' id='word_1_219' title='bbox 540 3207 701 3271; x_wconf 89' lang='lat' dir='ltr'><strong>necteret,</strong></span> <span class='ocrx_word' id='word_1_220' title='bbox 724 3207 758 3260; x_wconf 92' lang='lat' dir='ltr'><strong>et</strong></span> <span class='ocrx_word' id='word_1_221' title='bbox 781 3198 951 3279; x_wconf 91' lang='lat' dir='ltr'><strong>siquidem</strong></span> <span class='ocrx_word' id='word_1_222' title='bbox 975 3198 1157 3262; x_wconf 86' lang='lat' dir='ltr'><strong>Lastenses</strong></span> <span class='ocrx_word' id='word_1_223' title='bbox 1180 3211 1214 3260; x_wconf 88' lang='lat' dir='ltr'><strong>et</strong></span> <span class='ocrx_word' id='word_1_224' title='bbox 1238 3208 1392 3261; x_wconf 91' lang='lat' dir='ltr'><strong>caeteros</strong></span> <span class='ocrx_word' id='word_1_225' title='bbox 1407 3199 1480 3259; x_wconf 92' lang='lat' dir='ltr'><strong>uni·</strong></span> 
     </span>
     <span class='ocr_line' id='line_1_24' title="bbox 145 3311 1484 3395; baseline 0.002 -23"><span class='ocrx_word' id='word_1_226' title='bbox 145 3312 274 3373; x_wconf 91' lang='lat' dir='ltr'><strong>versim</strong></span> <span class='ocrx_word' id='word_1_227' title='bbox 299 3313 485 3393; x_wconf 90' lang='lat' dir='ltr'><strong>pupulares</strong></span> <span class='ocrx_word' id='word_1_228' title='bbox 508 3313 551 3375; x_wconf 90' lang='lat' dir='ltr'><strong>ad</strong></span> <span class='ocrx_word' id='word_1_229' title='bbox 567 3311 765 3377; x_wconf 90' lang='lat' dir='ltr'><strong>Romanam</strong></span> <span class='ocrx_word' id='word_1_230' title='bbox 793 3315 926 3377; x_wconf 89' lang='lat' dir='ltr'><strong>traduci</strong></span> <span class='ocrx_word' id='word_1_231' title='bbox 950 3334 1017 3377; x_wconf 92' lang='lat' dir='ltr'><strong>non</strong></span> <span class='ocrx_word' id='word_1_232' title='bbox 1041 3325 1192 3395; x_wconf 87' lang='lat' dir='ltr'><strong>possent,</strong></span> <span class='ocrx_word' id='word_1_233' title='bbox 1217 3315 1283 3395; x_wconf 91' lang='lat' dir='ltr'><strong>ipsi</strong></span> <span class='ocrx_word' id='word_1_234' title='bbox 1306 3333 1425 3376; x_wconf 92' lang='lat' dir='ltr'><strong>omnes</strong></span> <span class='ocrx_word' id='word_1_235' title='bbox 1448 3332 1484 3375; x_wconf 89' lang='lat' dir='ltr'><strong>se</strong></span> 
     </span>
     <span class='ocr_line' id='line_1_25' title="bbox 144 3424 1480 3512; baseline 0.001 -24"><span class='ocrx_word' id='word_1_236' title='bbox 144 3424 348 3509; x_wconf 86' lang='lat' dir='ltr'><strong>affingerent</strong></span> <span class='ocrx_word' id='word_1_237' title='bbox 384 3427 671 3503; x_wconf 85' lang='lat' dir='ltr'><strong>Alexandrinam,</strong></span> <span class='ocrx_word' id='word_1_238' title='bbox 695 3450 783 3512; x_wconf 91' lang='lat' dir='ltr'><strong>quae</strong></span> <span class='ocrx_word' id='word_1_239' title='bbox 818 3439 959 3512; x_wconf 92' lang='lat' dir='ltr'><strong>paterna</strong></span> <span class='ocrx_word' id='word_1_240' title='bbox 992 3449 1129 3511; x_wconf 88' lang='lat' dir='ltr'><strong>semper</strong></span> <span class='ocrx_word' id='word_1_241' title='bbox 1162 3442 1196 3491; x_wconf 90' lang='lat' dir='ltr'><strong>et</strong></span> <span class='ocrx_word' id='word_1_242' title='bbox 1213 3430 1323 3492; x_wconf 78' lang='lat' dir='ltr'><strong>avita</strong></span> <span class='ocrx_word' id='word_1_243' title='bbox 1358 3426 1480 3502; x_wconf 86' lang='lat' dir='ltr'><strong>fuerat,</strong></span> 
     </span>
     <span class='ocr_line' id='line_1_26' title="bbox 145 3542 1482 3625; baseline 0.001 -22"><span class='ocrx_word' id='word_1_244' title='bbox 145 3543 310 3623; x_wconf 82' lang='lat' dir='ltr'><strong>amplexi.</strong></span> <span class='ocrx_word' id='word_1_245' title='bbox 344 3543 608 3625; x_wconf 88' lang='lat' dir='ltr'><strong>Aliquantulum</strong></span> <span class='ocrx_word' id='word_1_246' title='bbox 640 3545 699 3607; x_wconf 93' lang='lat' dir='ltr'><strong>alii</strong></span> <span class='ocrx_word' id='word_1_247' title='bbox 728 3547 919 3609; x_wconf 89' lang='lat' dir='ltr'><strong>dissensere</strong></span> <span class='ocrx_word' id='word_1_248' title='bbox 951 3547 1147 3608; x_wconf 86' lang='lat' dir='ltr'><strong>adserentes</strong></span> <span class='ocrx_word' id='word_1_249' title='bbox 1179 3542 1376 3607; x_wconf 88' lang='lat' dir='ltr'><strong>Romanam</strong></span> <span class='ocrx_word' id='word_1_250' title='bbox 1409 3546 1482 3606; x_wconf 91' lang='lat' dir='ltr'><strong>ani·</strong></span> 
     </span>
     <span class='ocr_line' id='line_1_27' title="bbox 146 3659 1481 3741; baseline 0 -21"><span class='ocrx_word' id='word_1_251' title='bbox 146 3677 278 3721; x_wconf 90' lang='lat' dir='ltr'><strong>marum</strong></span> <span class='ocrx_word' id='word_1_252' title='bbox 304 3661 419 3732; x_wconf 90' lang='lat' dir='ltr'><strong>saluti,</strong></span> <span class='ocrx_word' id='word_1_253' title='bbox 443 3659 729 3734; x_wconf 88' lang='lat' dir='ltr'><strong>Alexandrinam,</strong></span> <span class='ocrx_word' id='word_1_254' title='bbox 754 3661 927 3723; x_wconf 90' lang='lat' dir='ltr'><strong>communi</strong></span> <span class='ocrx_word' id='word_1_255' title='bbox 950 3661 1057 3741; x_wconf 90' lang='lat' dir='ltr'><strong>quieti</strong></span> <span class='ocrx_word' id='word_1_256' title='bbox 1081 3681 1155 3723; x_wconf 90' lang='lat' dir='ltr'><strong>esse</strong></span> <span class='ocrx_word' id='word_1_257' title='bbox 1180 3662 1362 3724; x_wconf 89' lang='lat' dir='ltr'><strong>utiliorem.</strong></span> <span class='ocrx_word' id='word_1_258' title='bbox 1382 3659 1481 3722; x_wconf 88' lang='lat' dir='ltr'><strong>Desi-</strong></span> 
     </span>
     <span class='ocr_line' id='line_1_28' title="bbox 146 3774 1482 3859; baseline 0.001 -24"><span class='ocrx_word' id='word_1_259' title='bbox 146 3774 255 3837; x_wconf 88' lang='lat' dir='ltr'><strong>derati</strong></span> <span class='ocrx_word' id='word_1_260' title='bbox 280 3783 395 3836; x_wconf 93' lang='lat' dir='ltr'><strong>tamen</strong></span> <span class='ocrx_word' id='word_1_261' title='bbox 419 3795 487 3837; x_wconf 91' lang='lat' dir='ltr'><strong>non</strong></span> <span class='ocrx_word' id='word_1_262' title='bbox 510 3786 589 3839; x_wconf 92' lang='lat' dir='ltr'><strong>sunt</strong></span> <span class='ocrx_word' id='word_1_263' title='bbox 621 3777 737 3859; x_wconf 88' lang='lat' dir='ltr'><strong>aliqui,</strong></span> <span class='ocrx_word' id='word_1_264' title='bbox 770 3778 829 3858; x_wconf 94' lang='lat' dir='ltr'><strong>qui</strong></span> <span class='ocrx_word' id='word_1_265' title='bbox 859 3778 1037 3840; x_wconf 75' lang='lat' dir='ltr'><strong>veritatem</strong></span> <span class='ocrx_word' id='word_1_266' title='bbox 1068 3775 1266 3858; x_wconf 92' lang='lat' dir='ltr'><strong>planissime</strong></span> <span class='ocrx_word' id='word_1_267' title='bbox 1291 3786 1325 3838; x_wconf 88' lang='lat' dir='ltr'><strong>et</strong></span> <span class='ocrx_word' id='word_1_268' title='bbox 1353 3777 1482 3856; x_wconf 90' lang='lat' dir='ltr'><strong>absque</strong></span> 
     </span>
     <span class='ocr_line' id='line_1_29' title="bbox 146 3889 1481 3975; baseline 0.002 -24"><span class='ocrx_word' id='word_1_269' title='bbox 146 3890 218 3951; x_wconf 93' lang='lat' dir='ltr'><strong>ullo</strong></span> <span class='ocrx_word' id='word_1_270' title='bbox 242 3889 414 3953; x_wconf 91' lang='lat' dir='ltr'><strong>velamine</strong></span> <span class='ocrx_word' id='word_1_271' title='bbox 437 3903 515 3955; x_wconf 91' lang='lat' dir='ltr'><strong>sunt</strong></span> <span class='ocrx_word' id='word_1_272' title='bbox 543 3894 730 3974; x_wconf 85' lang='lat' dir='ltr'><strong>prolocuti3</strong></span> <span class='ocrx_word' id='word_1_273' title='bbox 762 3912 904 3975; x_wconf 90' lang='lat' dir='ltr'><strong>quorum</strong></span> <span class='ocrx_word' id='word_1_274' title='bbox 931 3894 1090 3974; x_wconf 92' lang='lat' dir='ltr'><strong>princeps</strong></span> <span class='ocrx_word' id='word_1_275' title='bbox 1114 3892 1345 3954; x_wconf 89' lang='lat' dir='ltr'><strong>Habitachum</strong></span> <span class='ocrx_word' id='word_1_276' title='bbox 1365 3891 1481 3955; x_wconf 86' lang='lat' dir='ltr'><strong>Yanes</strong></span> 
     </span>
     <span class='ocr_line' id='line_1_30' title="bbox 145 4004 1481 4090; baseline 0.001 -23"><span class='ocrx_word' id='word_1_277' title='bbox 145 4004 369 4088; x_wconf 90' lang='lat' dir='ltr'><strong>Imperatoris</strong></span> <span class='ocrx_word' id='word_1_278' title='bbox 399 4005 504 4071; x_wconf 89' lang='lat' dir='ltr'><strong>frater</strong></span> <span class='ocrx_word' id='word_1_279' title='bbox 535 4009 693 4078; x_wconf 91' lang='lat' dir='ltr'><strong>sororius,</strong></span> <span class='ocrx_word' id='word_1_280' title='bbox 724 4010 875 4090; x_wconf 91' lang='lat' dir='ltr'><strong>equitum</strong></span> <span class='ocrx_word' id='word_1_281' title='bbox 906 4008 1129 4071; x_wconf 87' lang='lat' dir='ltr'><strong>castrensium</strong></span> <span class='ocrx_word' id='word_1_282' title='bbox 1158 4007 1261 4088; x_wconf 87' lang='lat' dir='ltr'><strong>alpha</strong></span> <span class='ocrx_word' id='word_1_283' title='bbox 1288 4016 1322 4069; x_wconf 91' lang='lat' dir='ltr'><strong>et</strong></span> <span class='ocrx_word' id='word_1_284' title='bbox 1347 4004 1481 4070; x_wconf 90' lang='lat' dir='ltr'><strong>fortitu-</strong></span> 
     </span>
     <span class='ocr_line' id='line_1_31' title="bbox 145 4120 1480 4206; baseline 0.002 -22"><span class='ocrx_word' id='word_1_285' title='bbox 145 4121 237 4185; x_wconf 89' lang='lat' dir='ltr'><strong>dinis</strong></span> <span class='ocrx_word' id='word_1_286' title='bbox 268 4133 461 4204; x_wconf 87' lang='lat' dir='ltr'><strong>portentum</strong></span> <span class='ocrx_word' id='word_1_287' title='bbox 493 4126 550 4206; x_wconf 91' lang='lat' dir='ltr'><strong>qui</strong></span> <span class='ocrx_word' id='word_1_288' title='bbox 581 4125 751 4188; x_wconf 89' lang='lat' dir='ltr'><strong>catholica</strong></span> <span class='ocrx_word' id='word_1_289' title='bbox 774 4126 931 4187; x_wconf 89' lang='lat' dir='ltr'><strong>libertate</strong></span> <span class='ocrx_word' id='word_1_290' title='bbox 955 4125 1144 4205; x_wconf 91' lang='lat' dir='ltr'><strong>respondit:</strong></span> <span class='ocrx_word' id='word_1_291' title='bbox 1169 4120 1260 4186; x_wconf 88' lang='lat' dir='ltr'><strong>Satis</strong></span> <span class='ocrx_word' id='word_1_292' title='bbox 1283 4123 1405 4196; x_wconf 92' lang='lat' dir='ltr'><strong>Deum,</strong></span> <span class='ocrx_word' id='word_1_293' title='bbox 1429 4143 1480 4187; x_wconf 90' lang='lat' dir='ltr'><strong>re·</strong></span> 
     </span>
     <span class='ocr_line' id='line_1_32' title="bbox 146 4236 1480 4322; baseline 0 -21"><span class='ocrx_word' id='word_1_294' title='bbox 146 4240 255 4301; x_wconf 88' lang='lat' dir='ltr'><strong>centis</strong></span> <span class='ocrx_word' id='word_1_295' title='bbox 290 4238 456 4302; x_wconf 89' lang='lat' dir='ltr'><strong>victoriae</strong></span> <span class='ocrx_word' id='word_1_296' title='bbox 491 4240 750 4321; x_wconf 87' lang='lat' dir='ltr'><strong>haudquaquam</strong></span> <span class='ocrx_word' id='word_1_297' title='bbox 787 4251 942 4322; x_wconf 88' lang='lat' dir='ltr'><strong>speratae</strong></span> <span class='ocrx_word' id='word_1_298' title='bbox 973 4241 1202 4311; x_wconf 87' lang='lat' dir='ltr'><strong>concessione,</strong></span> <span class='ocrx_word' id='word_1_299' title='bbox 1237 4248 1397 4302; x_wconf 89' lang='lat' dir='ltr'><strong>testatum</strong></span> <span class='ocrx_word' id='word_1_300' title='bbox 1432 4236 1480 4301; x_wconf 86' lang='lat' dir='ltr'><strong>fe-</strong></span> 
     </span>
     <span class='ocr_line' id='line_1_33' title="bbox 145 4353 1480 4437; baseline -0.001 -20"><span class='ocrx_word' id='word_1_301' title='bbox 145 4357 246 4427; x_wconf 91' lang='lat' dir='ltr'><strong>cisse,</strong></span> <span class='ocrx_word' id='word_1_302' title='bbox 270 4356 379 4419; x_wconf 90' lang='lat' dir='ltr'><strong>solam</strong></span> <span class='ocrx_word' id='word_1_303' title='bbox 408 4355 591 4418; x_wconf 88' lang='lat' dir='ltr'><strong>Romanan</strong></span> <span class='ocrx_word' id='word_1_304' title='bbox 624 4354 724 4419; x_wconf 91' lang='lat' dir='ltr'><strong>fidem</strong></span> <span class='ocrx_word' id='word_1_305' title='bbox 749 4356 890 4437; x_wconf 91' lang='lat' dir='ltr'><strong>imperio</strong></span> <span class='ocrx_word' id='word_1_306' title='bbox 917 4356 1150 4418; x_wconf 90' lang='lat' dir='ltr'><strong>conservando</strong></span> <span class='ocrx_word' id='word_1_307' title='bbox 1181 4365 1215 4417; x_wconf 94' lang='lat' dir='ltr'><strong>et</strong></span> <span class='ocrx_word' id='word_1_308' title='bbox 1239 4353 1480 4436; x_wconf 87' lang='lat' dir='ltr'><strong>amplificando</strong></span> 
     </span>
     <span class='ocr_line' id='line_1_34' title="bbox 147 4470 1480 4553; baseline 0.001 -21"><span class='ocrx_word' id='word_1_309' title='bbox 147 4470 322 4551; x_wconf 90' lang='lat' dir='ltr'><strong>prodesse,</strong></span> <span class='ocrx_word' id='word_1_310' title='bbox 345 4473 482 4552; x_wconf 91' lang='lat' dir='ltr'><strong>quando</strong></span> <span class='ocrx_word' id='word_1_311' title='bbox 512 4473 629 4534; x_wconf 91' lang='lat' dir='ltr'><strong>annuit</strong></span> <span class='ocrx_word' id='word_1_312' title='bbox 656 4480 692 4533; x_wconf 91' lang='lat' dir='ltr'><strong>ut</strong></span> <span class='ocrx_word' id='word_1_313' title='bbox 719 4470 871 4534; x_wconf 90' lang='lat' dir='ltr'><strong>infinitae</strong></span> <span class='ocrx_word' id='word_1_314' title='bbox 900 4471 1107 4533; x_wconf 91' lang='lat' dir='ltr'><strong>multitudini</strong></span> <span class='ocrx_word' id='word_1_315' title='bbox 1139 4481 1207 4533; x_wconf 90' lang='lat' dir='ltr'><strong>tam</strong></span> <span class='ocrx_word' id='word_1_316' title='bbox 1239 4473 1386 4553; x_wconf 83' lang='lat' dir='ltr'><strong>exiguus</strong></span> <span class='ocrx_word' id='word_1_317' title='bbox 1421 4491 1480 4533; x_wconf 92' lang='lat' dir='ltr'><strong>nu·</strong></span> 
     </span>
     <span class='ocr_line' id='line_1_35' title="bbox 147 4585 1480 4669; baseline 0.002 -21"><span class='ocrx_word' id='word_1_318' title='bbox 147 4605 261 4649; x_wconf 91' lang='lat' dir='ltr'><strong>merus</strong></span> <span class='ocrx_word' id='word_1_319' title='bbox 292 4589 515 4668; x_wconf 87' lang='lat' dir='ltr'><strong>praevaleret,</strong></span> <span class='ocrx_word' id='word_1_320' title='bbox 547 4586 604 4669; x_wconf 91' lang='lat' dir='ltr'><strong>qui</strong></span> <span class='ocrx_word' id='word_1_321' title='bbox 635 4588 664 4649; x_wconf 92' lang='lat' dir='ltr'><strong>si</strong></span> <span class='ocrx_word' id='word_1_322' title='bbox 699 4589 818 4649; x_wconf 89' lang='lat' dir='ltr'><strong>eadem</strong></span> <span class='ocrx_word' id='word_1_323' title='bbox 853 4607 921 4667; x_wconf 89' lang='lat' dir='ltr'><strong>qua</strong></span> <span class='ocrx_word' id='word_1_324' title='bbox 955 4587 1025 4658; x_wconf 87' lang='lat' dir='ltr'><strong>illa,</strong></span> <span class='ocrx_word' id='word_1_325' title='bbox 1060 4585 1127 4649; x_wconf 88' lang='lat' dir='ltr'><strong>fide</strong></span> <span class='ocrx_word' id='word_1_326' title='bbox 1162 4588 1333 4659; x_wconf 89' lang='lat' dir='ltr'><strong>niteretur,</strong></span> <span class='ocrx_word' id='word_1_327' title='bbox 1370 4589 1480 4667; x_wconf 91' lang='lat' dir='ltr'><strong>ipsum</strong></span> 
     </span>
    </p>
   </div>
   <div class='ocr_carea' id='block_1_6' title="bbox 145 4824 1481 5248">
    <p class='ocr_par' dir='ltr' id='par_1_7' title="bbox 145 4824 1481 5248">
     <span class='ocr_line' id='line_1_36' title="bbox 236 4824 1481 4893; baseline 0 -18"><span class='ocrx_word' id='word_1_328' title='bbox 236 4828 274 4889; x_wconf 84' lang='lat' dir='ltr'><strong>(a)</strong></span> <span class='ocrx_word' id='word_1_329' title='bbox 294 4829 319 4874; x_wconf 84' lang='lat' dir='ltr'><strong>A</strong></span> <span class='ocrx_word' id='word_1_330' title='bbox 339 4826 445 4875; x_wconf 87' lang='lat' dir='ltr'><strong>vocibus</strong></span> <span class='ocrx_word' id='word_1_331' title='bbox 466 4844 478 4874; x_wconf 80' lang='lat' dir='ltr'><strong>n</strong></span> <span class='ocrx_word' id='word_1_332' title='bbox 494 4843 524 4875; x_wconf 82' lang='lat' dir='ltr'><strong>ex</strong></span> <span class='ocrx_word' id='word_1_333' title='bbox 542 4842 569 4875; x_wconf 88' lang='lat' dir='ltr'><strong>re</strong></span> <span class='ocrx_word' id='word_1_334' title='bbox 587 4828 717 4891; x_wconf 85' lang='lat' dir='ltr'><strong>imperii»</strong></span> <span class='ocrx_word' id='word_1_335' title='bbox 739 4842 819 4891; x_wconf 88' lang='lat' dir='ltr'><strong>usque</strong></span> <span class='ocrx_word' id='word_1_336' title='bbox 839 4826 965 4876; x_wconf 82' lang='lat' dir='ltr'><strong>adfinem</strong></span> <span class='ocrx_word' id='word_1_337' title='bbox 985 4824 1037 4893; x_wconf 71' lang='lat'><strong>§6</strong></span> <span class='ocrx_word' id='word_1_338' title='bbox 1061 4826 1149 4875; x_wconf 83' lang='lat' dir='ltr'><strong>omnia</strong></span> <span class='ocrx_word' id='word_1_339' title='bbox 1174 4826 1259 4875; x_wconf 83' lang='lat' dir='ltr'><strong>deleta</strong></span> <span class='ocrx_word' id='word_1_340' title='bbox 1283 4827 1308 4875; x_wconf 87' lang='grc'><strong>111</strong></span> <span class='ocrx_word' id='word_1_341' title='bbox 1335 4842 1382 4879; x_wconf 84' lang='lat' dir='ltr'><strong>ms.</strong></span> <span class='ocrx_word' id='word_1_342' title='bbox 1408 4842 1481 4891; x_wconf 85' lang='lat' dir='ltr'><strong>repe-</strong></span> 
     </span>
     <span class='ocr_line' id='line_1_37' title="bbox 147 4915 1480 4980; baseline 0.001 -17"><span class='ocrx_word' id='word_1_343' title='bbox 147 4915 255 4967; x_wconf 85' lang='lat' dir='ltr'><strong>riuntur.</strong></span> <span class='ocrx_word' id='word_1_344' title='bbox 276 4915 389 4965; x_wconf 78' lang='lat' dir='ltr'><strong>Causam</strong></span> <span class='ocrx_word' id='word_1_345' title='bbox 408 4916 534 4980; x_wconf 85' lang='lat' dir='ltr'><strong>suspicari</strong></span> <span class='ocrx_word' id='word_1_346' title='bbox 555 4931 606 4963; x_wconf 90' lang='lat' dir='ltr'><strong>non</strong></span> <span class='ocrx_word' id='word_1_347' title='bbox 626 4931 739 4978; x_wconf 89' lang='lat' dir='ltr'><strong>possum,</strong></span> <span class='ocrx_word' id='word_1_348' title='bbox 758 4932 816 4964; x_wconf 90' lang='lat' dir='ltr'><strong>cum</strong></span> <span class='ocrx_word' id='word_1_349' title='bbox 836 4916 926 4964; x_wconf 82' lang='lat' dir='ltr'><strong>cadem</strong></span> <span class='ocrx_word' id='word_1_350' title='bbox 946 4930 985 4964; x_wconf 86' lang='lat' dir='ltr'><strong>res</strong></span> <span class='ocrx_word' id='word_1_351' title='bbox 1011 4924 1126 4965; x_wconf 82' lang='lat' dir='ltr'><strong>narretur</strong></span> <span class='ocrx_word' id='word_1_352' title='bbox 1151 4917 1184 4964; x_wconf 87' lang='lat' dir='ltr'><strong>nb</strong></span> <span class='ocrx_word' id='word_1_353' title='bbox 1208 4915 1333 4964; x_wconf 83' lang='lat' dir='ltr'><strong>Almclda</strong></span> <span class='ocrx_word' id='word_1_354' title='bbox 1359 4916 1404 4967; x_wconf 90' lang='lat' dir='ltr'><strong>lib.</strong></span> <span class='ocrx_word' id='word_1_355' title='bbox 1428 4917 1480 4974; x_wconf 82' lang='lat' dir='ltr'><strong>lx,</strong></span> 
     </span>
     <span class='ocr_line' id='line_1_38' title="bbox 146 5003 1481 5071; baseline 0.001 -18"><span class='ocrx_word' id='word_1_356' title='bbox 146 5020 202 5068; x_wconf 80' lang='lat' dir='ltr'><strong>cap.</strong></span> <span class='ocrx_word' id='word_1_357' title='bbox 223 5016 258 5052; x_wconf 84' lang='lat'><strong>20</strong></span> <span class='ocrx_word' id='word_1_358' title='bbox 276 5003 352 5071; x_wconf 86' lang='lat' dir='ltr'><strong>(Rer.</strong></span> <span class='ocrx_word' id='word_1_359' title='bbox 371 5004 448 5056; x_wconf 66' lang='lat' dir='ltr'><strong>Aeta.</strong></span> <span class='ocrx_word' id='word_1_360' title='bbox 467 5004 576 5068; x_wconf 79' lang='lat' dir='ltr'><strong>Script..</strong></span> <span class='ocrx_word' id='word_1_361' title='bbox 595 5003 646 5055; x_wconf 87' lang='lat' dir='ltr'><strong>vol.</strong></span> <span class='ocrx_word' id='word_1_362' title='bbox 666 5005 729 5061; x_wconf 92' lang='lat' dir='ltr'><strong>VII,</strong></span> <span class='ocrx_word' id='word_1_363' title='bbox 748 5020 806 5068; x_wconf 81' lang='lat' dir='ltr'><strong>pag.</strong></span> <span class='ocrx_word' id='word_1_364' title='bbox 829 5003 896 5067; x_wconf 85' lang='lat'><strong>167),</strong></span> <span class='ocrx_word' id='word_1_365' title='bbox 916 5021 931 5051; x_wconf 88' lang='lat' dir='ltr'><strong>n</strong></span> <span class='ocrx_word' id='word_1_366' title='bbox 950 5020 1001 5067; x_wconf 89' lang='lat' dir='ltr'><strong>quo</strong></span> <span class='ocrx_word' id='word_1_367' title='bbox 1026 5008 1060 5056; x_wconf 87' lang='lat' dir='ltr'><strong>A.</strong></span> <span class='ocrx_word' id='word_1_368' title='bbox 1084 5006 1173 5053; x_wconf 85' lang='lat' dir='ltr'><strong>omnia</strong></span> <span class='ocrx_word' id='word_1_369' title='bbox 1191 5019 1257 5068; x_wconf 85' lang='lat' dir='ltr'><strong>quoe</strong></span> <span class='ocrx_word' id='word_1_370' title='bbox 1277 5004 1302 5052; x_wconf 90' lang='lat' dir='ltr'><strong>in</strong></span> <span class='ocrx_word' id='word_1_371' title='bbox 1322 5003 1371 5053; x_wconf 91' lang='lat' dir='ltr'><strong>hoc</strong></span> <span class='ocrx_word' id='word_1_372' title='bbox 1395 5006 1481 5069; x_wconf 81' lang='lat' dir='ltr'><strong>cupite</strong></span> 
     </span>
     <span class='ocr_line' id='line_1_39' title="bbox 146 5092 1480 5157; baseline 0.001 -15"><span class='ocrx_word' id='word_1_373' title='bbox 146 5100 233 5142; x_wconf 77' lang='lat' dir='ltr'><strong>narrat</strong></span> <span class='ocrx_word' id='word_1_374' title='bbox 252 5092 286 5141; x_wconf 84' lang='lat' dir='ltr'><strong>ad</strong></span> <span class='ocrx_word' id='word_1_375' title='bbox 305 5092 418 5141; x_wconf 81' lang='lat' dir='ltr'><strong>litteram</strong></span> <span class='ocrx_word' id='word_1_376' title='bbox 438 5100 570 5141; x_wconf 82' lang='lat' dir='ltr'><strong>mutuatus</strong></span> <span class='ocrx_word' id='word_1_377' title='bbox 588 5100 636 5144; x_wconf 81' lang='lat' dir='ltr'><strong>est</strong></span> <span class='ocrx_word' id='word_1_378' title='bbox 656 5093 695 5140; x_wconf 88' lang='lat' dir='ltr'><strong>Ex</strong></span> <span class='ocrx_word' id='word_1_379' title='bbox 714 5092 845 5141; x_wconf 86' lang='lat' dir='ltr'><strong>oblivione</strong></span> <span class='ocrx_word' id='word_1_380' title='bbox 863 5108 923 5140; x_wconf 90' lang='lat' dir='ltr'><strong>vero</strong></span> <span class='ocrx_word' id='word_1_381' title='bbox 942 5101 1005 5156; x_wconf 89' lang='lat' dir='ltr'><strong>puto</strong></span> <span class='ocrx_word' id='word_1_382' title='bbox 1024 5094 1120 5142; x_wconf 80' lang='lat' dir='ltr'><strong>facturn</strong></span> <span class='ocrx_word' id='word_1_383' title='bbox 1139 5101 1167 5141; x_wconf 91' lang='lat' dir='ltr'><strong>ut</strong></span> <span class='ocrx_word' id='word_1_384' title='bbox 1186 5095 1220 5142; x_wconf 87' lang='lat' dir='ltr'><strong>A.</strong></span> <span class='ocrx_word' id='word_1_385' title='bbox 1244 5093 1354 5156; x_wconf 81' lang='lat' dir='ltr'><strong>primam</strong></span> <span class='ocrx_word' id='word_1_386' title='bbox 1377 5108 1480 5157; x_wconf 90' lang='lat' dir='ltr'><strong>quoque</strong></span> 
     </span>
     <span class='ocr_line' id='line_1_40' title="bbox 145 5179 633 5248; baseline 0.004 -17"><span class='ocrx_word' id='word_1_387' title='bbox 145 5182 280 5247; x_wconf 85' lang='lat' dir='ltr'><strong>periodum</strong></span> <span class='ocrx_word' id='word_1_388' title='bbox 301 5180 380 5229; x_wconf 89' lang='lat' dir='ltr'><strong>huius</strong></span> <span class='ocrx_word' id='word_1_389' title='bbox 398 5179 414 5248; x_wconf 59' lang='lat' dir='ltr'><strong>g*</strong></span> <span class='ocrx_word' id='word_1_390' title='bbox 434 5196 485 5229; x_wconf 88' lang='lat' dir='ltr'><strong>non</strong></span> <span class='ocrx_word' id='word_1_391' title='bbox 503 5181 633 5233; x_wconf 85' lang='lat' dir='ltr'><strong>deleverit.</strong></span> 
     </span>
    </p>
   </div>
   <div class='ocr_carea' id='block_1_7' title="bbox 0 0 2038 6164">
    <p class='ocr_par' dir='ltr' id='par_1_8' title="bbox 0 0 2038 6164">
     <span class='ocr_line' id='line_1_41' title="bbox 0 0 2038 6164; baseline 0 0"><span class='ocrx_word' id='word_1_392' title='bbox 0 0 2038 6164; x_wconf 95' lang='lat' dir='ltr'><strong> </strong></span> 
     </span>
    </p>
   </div>
  </div>
 </body>
</html>
