4066 6184
557 586 619 664 246
890 594 1164 649 exesmmours
1187 594 1448 648 maroneae
1471 588 1551 647 ete.

554 758 667 813 autem
697 757 732 812 et
762 749 903 830 reliquis
926 747 1062 813 Iudaeis
1084 744 1335 811 confundendis
1360 744 1484 811 sufficit
1514 746 1689 828 proprium
1719 743 1878 807 hebraeae

554 865 692 947 linguae
715 864 853 937 idioma,
877 866 911 928 in
935 885 1003 947 qua
1025 883 1149 929 nomen
1168 862 1286 936 Alma,
1301 863 1394 946 quod
1408 883 1450 927 eo
1466 862 1545 925 loco
1557 861 1690 932 visimr,
1706 857 1879 943 significat,

554 1001 621 1043 non
644 981 846 1063 simpliciter
869 982 1049 1065 virginem,
1080 980 1141 1045 sed
1172 981 1341 1064 virginem
1372 978 1610 1043 absconditam
1639 986 1675 1041 et
1705 975 1880 1040 occlmtm.

553 1099 643 1178 quia,
672 1097 770 1160 salvo
801 1098 1009 1180 integritatis
1038 1117 1120 1161 suae
1150 1096 1340 1179 signaculo,
1369 1094 1481 1158 Deum
1511 1104 1586 1157 erat
1616 1101 1832 1174 conceptura,
1852 1101 1882 1154 et

555 1214 698 1285 editura,
716 1233 792 1277 cum
819 1214 875 1278 bis
900 1224 990 1278 esset
1016 1215 1052 1277 in
1078 1212 1230 1277 Canticis
1257 1211 1476 1277 Canticorum
1501 1209 1622 1274 hortati
1647 1206 1883 1291 concinnum),

555 1338 632 1392 ante
652 1339 798 1410 partum,
821 1329 965 1401 scilicet,
989 1338 1023 1393 et
1046 1338 1124 1413 post
1139 1338 1285 1411 partum,
1300 1323 1429 1413 etsons
1443 1325 1613 1413 efflatio,
1628 1332 1665 1388 et
1680 1326 1715 1387 in
1732 1322 1885 1386 Numeris

551 1449 652 1530 petra
667 1444 722 1529 (2),
745 1465 832 1526 quae
856 1448 902 1510 ob
924 1446 1016 1509 idem
1040 1444 1239 1528 mysterium
1264 1446 1319 1508 bis
1334 1463 1504 1527 percussa,
1521 1461 1645 1525 aquam
1665 1442 1795 1522 absque
1810 1441 1885 1502 scis·

555 1579 634 1625 sura
658 1562 782 1633 emisit,
807 1572 842 1627 et
852 1566 956 1647 porta
970 1560 1156 1633 mentulas,
1173 1561 1217 1624 de
1232 1579 1301 1641 qua
1316 1560 1407 1642 apud
1421 1557 1659 1623 Ezechielem:
1683 1556 1793 1619 Porta
1814 1554 1887 1618 hacc

555 1676 670 1740 clarata
692 1677 761 1741 erit
782 1681 816 1742 et
836 1696 905 1741 non
927 1677 1110 1763 aperietur,
1132 1680 1169 1740 et
1187 1675 1245 1741 nir
1265 1696 1334 1740 non
1361 1675 1524 1740 tranu'bt't
1546 1680 1612 1760 per
1640 1693 1725 1738 cam.
1756 1673 1805 1736 Et
1824 1672 1888 1735 crit

555 1792 671 1855 clausa
688 1791 912 1878 pnitct'pi(3).

245 1921 319 2002 Vere
337 1918 530 1982 interpretatio
647 1930 676 1989 5.
701 1908 867 1994 Ogganiit
891 1910 1045 1982 Iudaeus,
1076 1910 1206 1992 duplex
1240 1908 1410 1973 Hebraeis
1439 1928 1515 1972 esse
1546 1927 1681 1980 nomen,
1711 1907 1803 1988 quod
1826 1908 1887 1968 vir·

210 1990 336 2041 ⁰⁰m¹¹²¹⁵
357 2010 369 2037 “
384 1991 466 2040 ΝΜ
481 2008 505 2038 ”’
557 2027 672 2109 ginem
696 2024 884 2109 significet:
908 2025 1034 2090 chld
1057 2038 1091 2090 ct
1114 2025 1229 2099 Alma,
1255 2026 1315 2089 sed
1341 2024 1464 2089 Beadu
1487 2043 1563 2087 esse
1586 2025 1756 2106 virginem
1782 2023 1888 2104 plenis

487 2170 492 2181 ·
557 2144 625 2205 iam
653 2144 750 2205 annis
784 2143 943 2214 nubilem,
975 2141 1080 2205 Alnus
1104 2162 1186 2205 vero
1219 2142 1389 2225 virginem
1423 2140 1535 2204 adhuc
1561 2141 1637 2202 viro
1668 2141 1886 2209 immaturam,

557 2268 591 2321 et
614 2259 691 2340 plus
713 2260 868 2321 minusve
892 2267 1101 2340 septennem.
1125 2256 1344 2340 Prospiciens
1369 2266 1480 2321 autem
1509 2255 1712 2319 Patriarcha
1726 2275 1795 2336 quo
1821 2265 1888 2317 ten·

558 2375 663 2447 deret,
686 2374 870 2456 respondit,
895 2375 1050 2438 mutilam
1073 2392 1148 2437 esse
1173 2375 1279 2455 ipsius
1300 2374 1529 2455 partitionem,
1554 2391 1617 2434 nec
1640 2370 1812 2434 Hebraeis
1833 2371 1887 2434 du·

558 2488 640 2570 plex
662 2509 738 2552 esse
761 2509 884 2552 nomen
908 2491 951 2552 ad
974 2491 1145 2572 virginem
1168 2489 1386 2563 innuendam,
1408 2489 1471 2551 sed
1493 2488 1639 2570 triplex:
1672 2486 1809 2560 Neara,
1831 2486 1888 2549 Be·

558 2605 632 2668 tulli
655 2615 689 2669 et
712 2604 825 2669 Alma.
850 2605 976 2670 Naard
997 2602 1098 2669 'vero
1120 2607 1258 2688 proprie
1278 2624 1401 2669 nomen
1418 2625 1492 2669 esse
1508 2605 1641 2675 aetatis,
1660 2614 1699 2666 ut
1722 2603 1814 2686 apud
1832 2621 1888 2665 nos
1909 2606 1973 2657 iffi·

557 2721 830 2794 adolescentula,
860 2723 934 2786 sive
965 2722 1026 2786 illa
1056 2723 1166 2805 virgo,
1197 2722 1272 2788 sive
1302 2721 1443 2804 polluta.
1474 2719 1612 2794 Betulc,
1642 2729 1676 2783 et
1708 2722 1831 2783 aetatis
1858 2727 1888 2781 et

558 2838 777 2920 virginitatis,
801 2839 849 2901 ita
870 2845 908 2900 ut
930 2836 1056 2901 Beluld
1079 2838 1212 2901 dicatur
1234 2838 1375 2919 quaevis
1398 2836 1515 2919 puella
1537 2837 1611 2899 sive
1626 2834 1887 2905 adolescentula,

559 2953 744 3017 dummodo
774 2955 874 3037 virgo
904 2955 958 3026 sit,
990 2955 1148 3034 quamvis
1170 2973 1238 3017 non
1264 2953 1406 3017 multum
1429 2961 1529 3016 cauta
1565 2972 1627 3016 nec
1649 2952 1769 3015 arcani
1801 2969 1889 3013 cura·
2011 3024 2012 3033 ἵ

558 3071 637 3133 trix.
661 3068 814 3133 Tertium
838 3088 960 3133 nomen
984 3070 1073 3132 ultra
1091 3066 1246 3133 floridam
1274 3078 1420 3133 aetatem
1437 3077 1471 3132 et
1486 3067 1720 3151 virginitatem
1743 3068 1888 3150 exigere,
2011 3044 2012 3047 Ἴ

558 3195 595 3247 ut
618 3186 717 3268 virgo
739 3186 814 3248 sive
837 3186 963 3266 nuptiis
986 3184 1122 3257 habilis,
1146 3186 1220 3248 sive
1243 3186 1434 3257 immatura,
1458 3186 1504 3247 sit
1530 3183 1659 3266 publici
1687 3180 1840 3267 fugitans
1859 3192 1889 3245 et

559 3302 668 3364 amica
692 3320 855 3366 secessus.

249 3430 401 3478 Rebecca
428 3425 533 3476 nubilis
649 3420 679 3479 6.
703 3414 764 3481 Sin
792 3419 914 3490 minus,
938 3436 997 3480 ore
1020 3418 1126 3490 dicas,
1149 3414 1314 3481 Salomon
1338 3437 1380 3480 an
1405 3436 1481 3480 cum
1509 3414 1730 3479 Abrahamus
1762 3433 1889 3478 servum

213 3497 532 3633 {fssmmm
559 3532 727 3596 seniorem
751 3533 872 3596 domus
894 3552 976 3596 suae
999 3552 1142 3597 uxorem
1160 3530 1310 3597 filiosuo
1324 3531 1433 3604 Isaac,
1449 3551 1557 3595 annos
1572 3531 1804 3614 quadraginta
1817 3540 1891 3593 tunc

560 3647 686 3731 agenti,
711 3649 900 3728 quaesitum
925 3650 1027 3721 misit,
1051 3648 1200 3712 voluerit
1222 3657 1260 3712 ut
1281 3647 1434 3730 puellam
1458 3647 1608 3729 aliquam
1630 3647 1732 3711 thoro
1767 3646 1891 3709 inhabi-

561 3762 707 3837 lemen
730 3765 945 3828 iuvenculam
969 3766 1035 3829 viri
1062 3766 1129 3827 iam
1160 3773 1334 3846 potentem
1366 3764 1562 3835 adduceret,
1584 3772 1620 3826 et
1646 3781 1691 3826 an
1722 3762 1891 3831 Rebecca,
2010 3800 2011 3805 κ

560 3898 648 3961 quae
670 3887 751 3943 tunc
774 3880 881 3945 allata
903 3892 964 3952 est,
988 3890 1080 3944 esset
1094 3879 1200 3945 Alma
1226 3900 1269 3945 an
1295 3875 1449 3945 Biatia?
1464 3879 1519 3962 (4).
1543 3877 1677 3953 Betuld,
1702 3879 1813 3959 inquit
1835 3874 1893 3939 Sa·
2010 3892 2011 3965 J

561 3995 687 4067 lomon,
722 3997 756 4057 in
792 3997 867 4078 ipso
901 3997 1109 4060 viridissimo
1143 3998 1264 4061 aetatis
1297 3994 1398 4069 flore;
1430 4015 1498 4059 non
1528 3997 1645 4078 inepta
1673 3997 1723 4058 rei
1755 3994 1894 4057 uxoriae

561 4111 675 4190 puella
691 4111 747 4192 (5).
771 4109 938 4177 Veritatis
960 4131 1111 4193 scopum,
1136 4113 1184 4175 ait
1208 4111 1417 4184 Patriarcha,
1440 4113 1532 4193 quod
1551 4112 1673 4175 attinet
1689 4112 1734 4174 ad
1750 4112 1893 4192 priorem

561 4235 704 4306 partem,
728 4225 834 4291 Sacra
856 4224 1034 4309 Scriptura
1056 4230 1119 4292 tibi
1142 4227 1385 4310 adstipulante,
1400 4225 1555 4311 tetigisti,
1571 4246 1659 4309 quae
1675 4228 1720 4289 de
1736 4226 1893 4289 Rebecca

562 4359 583 4401 a
605 4359 704 4405 servo
728 4341 791 4404 illo
812 4341 1005 4405 Abrahami
1035 4344 1174 4407 inventa
1204 4344 1254 4406 sic
1285 4343 1449 4425 loquitur:
1480 4341 1606 4407 Puella
1635 4341 1755 4406 decora
1784 4338 1893 4411 nimt's,

561 4453 718 4541 virgoque
735 4456 971 4541 pulcherrima
994 4457 1165 4541 (hebraice
1187 4458 1314 4523 Beata
1342 4457 1375 4521 T
1370 4457 1459 4542 obal)
1481 4463 1515 4523 et
1542 4457 1717 4545 tircognt'ta
1742 4457 1817 4522 viro
1842 4456 1893 4538 (6).
2009 4472 2010 4549 3

562 4569 616 4633 En
640 4581 712 4637 erat
735 4572 872 4648 Betulti,
895 4575 956 4639 sed
980 4575 1083 4641 maris
1106 4574 1207 4638 simul
1231 4576 1403 4648 nesciens;
1427 4574 1520 4655 quod
1542 4575 1576 4637 ei
1603 4574 1697 4637 laudi
1728 4594 1796 4637 non
1823 4590 1893 4635 ver-

563 4695 699 4760 teretur,
722 4689 751 4752 si
775 4691 937 4771 cognosci
962 4709 1030 4752 non
1053 4691 1229 4772 potuisset.
1254 4689 1339 4753 Alia
1362 4710 1495 4773 quoque
1518 4690 1683 4771 pandunt,
1714 4708 1792 4753 eam
1818 4700 1893 4752 tunc
2009 4740 2010 4787 p

563 4822 631 4866 non
654 4803 863 4868 molliculam
887 4806 1047 4887 aliquam,
1071 4805 1131 4869 sed
1146 4815 1305 4889 vegetam
1323 4806 1538 4871 iuvenculam
1555 4804 1677 4878 fuisse;
1695 4824 1774 4868 nam
1790 4822 1891 4887 aquae
2009 4828 2010 4881 ,

563 4917 721 5000 hydriam
745 4920 885 5002 scapula
907 4920 1091 4993 baiulabat,
1116 4923 1160 4985 ab
1182 4922 1323 4986 humero
1346 4925 1381 4986 in
1412 4923 1528 4986 ulnam
1559 4921 1743 4993 transtulit,
1775 4937 1889 5004 aquam

652 5077 690 5145 (ι)
712 5079 799 5137 Cant,
819 5095 844 5143 4,
863 5096 888 5132 n.
911 5093 949 5134 ιι,
980 5109 1011 5119 -
1040 5082 1082 5149 (a)
1100 5083 1190 5140 Num..
1211 5096 1253 5141 ao,
1273 5098 1297 5133 n.
1320 5095 1360 5136 11.
1388 5111 1423 5123 -
1451 5086 1487 5147 (3)
1513 5083 1616 5140 Erech..
1641 5095 1686 5145 44,
1706 5099 1732 5134 tu
1763 5094 1784 5138 ι,
1809 5094 1831 5133 2,
1859 5105 1887 5115 -

563 5167 601 5234 (4)
624 5170 723 5223 Gener,
743 5182 784 5231 24,
805 5185 829 5220 n.
850 5182 874 5220 2.
894 5199 927 5207 —
947 5173 982 5235 (5)
1004 5172 1104 5230 Gener„
1125 5183 1167 5236 25,
1186 5189 1211 5224 n.
1232 5183 1274 5224 20.
1295 5201 1326 5210 -
1345 5170 1385 5239 (6)
1407 5174 1507 5230 Gener„
1527 5185 1569 5234 24,
1589 5188 1614 5225 n,
1638 5170 1677 5224 16.
