4058 6178
616 642 732 691 aman
753 643 793 703 11,
817 641 942 692 cneus
965 642 1018 693 vr.
1414 648 1475 708 203

137 784 213 859 bus,
238 786 367 870 stipsi
390 787 605 871 Imperatori,
629 790 688 871 qul
711 789 831 852 crebro
855 788 974 852 aderat
997 790 1045 873 (ut
1060 788 1228 854 Abassini
1243 809 1356 854 rerum
1372 811 1477 855 nova-

137 918 213 964 rum
231 912 315 966 sunt
331 902 561 988 perstudiosi),
576 905 773 986 exponebat
795 913 830 967 et
852 905 936 968 utile
959 904 1051 968 dulci
1075 906 1232 979 miscens,
1257 906 1391 969 litterae
1415 928 1477 970 ex·

135 1017 307 1098 positioni
331 1020 497 1082 moralem
520 1019 709 1083 doctrinam
732 1029 766 1083 et
793 1039 888 1083 arma
910 1021 955 1082 ad
980 1019 1138 1084 haereses
1161 1020 1383 1084 debellandas
1397 1023 1476 1085 sub-

135 1135 296 1198 texebat.
320 1131 388 1216 Qui
419 1134 567 1198 lectione
589 1134 821 1209 discedebant,
845 1155 907 1199 suo
931 1154 1026 1199 more
1049 1136 1092 1199 ad
1115 1135 1338 1218 Imperatoris
1361 1136 1474 1199 aulam

136 1259 171 1313 et
194 1251 397 1333 principum
420 1251 541 1314 domos
564 1251 706 1324 itabant,
737 1252 819 1335 quid
850 1251 923 1315 illic
953 1252 1106 1315 auditum
1137 1262 1238 1324 esset,
1270 1249 1477 1326 referebant,

136 1377 171 1430 et
195 1385 317 1431 sermo
340 1368 547 1431 miscebatur
569 1367 611 1430 de
627 1364 802 1450 Scriptura
824 1376 859 1430 et
882 1367 1124 1431 controversiis
1142 1387 1232 1450 quae
1246 1365 1374 1431 fuerint
1388 1369 1477 1431 serio

136 1490 374 1565 pertractatae
396 1482 454 1544 vel
477 1481 621 1564 carptim
644 1482 843 1545 insinuatae.
869 1479 946 1563 Quo
968 1482 1075 1545 illicio
1091 1492 1126 1545 et
1144 1483 1374 1554 concionibus,
1391 1500 1477 1564 quae

135 1593 443 1680 frequentissimae
466 1606 572 1670 erant,
595 1606 711 1661 tantus
733 1599 835 1660 ardor
850 1597 968 1662 multis
983 1599 1138 1671 iniectus,
1154 1607 1273 1661 utnon
1290 1599 1390 1681 pauci
1405 1616 1475 1669 eos,

136 1715 196 1793 qui
220 1710 307 1776 fidei
331 1712 478 1776 rebelles
500 1722 624 1786 essent,
648 1714 870 1796 explorarent
893 1724 928 1777 et
951 1714 995 1777 ad
1017 1723 1132 1796 patres
1165 1713 1477 1796 Imperatoremque

136 1826 336 1903 deferreut;
362 1829 421 1911 qui
443 1827 559 1910 plures
582 1828 767 1892 monachos
796 1849 844 1893 ex
873 1829 1019 1894 diversis
1049 1830 1203 1894 latibulis
1229 1831 1263 1891 in
1287 1838 1476 1892 castrorum

137 1945 255 2008 lucem
280 1945 463 2026 pertraxit,
487 1955 521 2008 et
545 1941 674 2008 factum
697 1956 735 2008 ut
758 1945 865 2027 aliqui
887 1947 1021 2010 sincero
1036 1947 1140 2009 corde
1154 1943 1234 2009 fidei
1250 1966 1287 2009 se
1303 1945 1475 2015 dederent,

136 2063 203 2124 etsi
229 2060 293 2123 alii
316 2061 363 2123 ob
385 2060 608 2124 rebellionem
631 2062 827 2125 constitutis
850 2062 969 2145 poenis
991 2061 1215 2126 subiecerant.
