4058 6178
672 2140 858 2218 CAPUT
886 2143 996 2217 xvi.

158 2436 197 2511 A
225 2433 471 2510 Dancalino
497 2436 615 2530 Rege
633 2435 837 2511 discessus
864 2436 967 2510 etin
986 2435 1254 2531 Aethiopiam
1278 2435 1498 2532 ingressus.

256 2801 285 2845 1.
310 2779 495 2843 Dancalini
517 2781 631 2864 Regis
654 2782 776 2844 castris
802 2782 921 2862 quinta
944 2801 1005 2843 nos
1029 2780 1113 2844 iunii
1141 2782 1215 2845 dies
1245 2782 1359 2844 emisit
1390 2782 1499 2844 nihilo
1562 2784 1715 2836 Lusitanus
1725 2788 1847 2838 Paniar-

158 2898 327 2961 iumentis
351 2897 512 2960 cursoriis
535 2898 592 2959 vel
614 2895 780 2960 onerariis
803 2898 988 2971 auctiores3
1008 2916 1088 2960 nam
1103 2899 1289 2981 strigosum
1316 2906 1446 2960 tantum
1465 2909 1499 2960 et
1526 2857 1607 2905 cnam
1626 2857 1704 2907 mula
1722 2859 1818 2909 ⁶⁰³⁸*

157 3014 362 3096 capularem
388 3013 516 3076 mulum
540 3012 624 3076 Rex
650 3014 787 3077 adiecit.
816 3009 885 3076 Sed
908 3013 1035 3075 Paulus
1058 3012 1234 3096 Nogueira
1250 3012 1416 3075 lusitanus
1433 3010 1498 3074 fre-

157 3129 349 3199 monensis,
373 3128 433 3209 qui
456 3129 500 3190 ad
523 3128 765 3211 excipiendum
788 3128 1022 3191 Patriarcham
1047 3129 1207 3190 dimissus
1225 3124 1347 3199 fuerat,
1364 3127 1415 3189 illi
1431 3129 1499 3209 pri·

156 3246 272 3308 vatim
308 3243 426 3327 agnito
451 3243 577 3307 mulam
601 3244 738 3316 obtulit,
761 3243 844 3324 quin
867 3245 962 3306 illam
986 3244 1043 3305 vel
1066 3244 1214 3323 quodvis
1244 3243 1338 3305 aliud
1369 3243 1498 3305 iumen·

156 3373 231 3425 tum
258 3360 423 3441 deinceps
446 3361 675 3422 conscendere
698 3359 855 3430 voluerit,
879 3378 956 3421 cum
985 3359 1125 3431 diceret,
1156 3359 1310 3440 patribus
1340 3359 1498 3439 pedestre

156 3479 226 3539 iter
251 3476 503 3547 emetientibus,
527 3476 708 3555 indignum
732 3472 805 3536 fore
828 3476 858 3537 si
882 3477 956 3557 ipse
979 3475 1155 3556 equitaret.

255 3611 283 3652 2.
301 3591 387 3653 Post
401 3591 532 3672 aliquot
548 3591 623 3653 dies
639 3601 778 3653 ventum
795 3602 848 3653 est
865 3593 908 3653 ad
924 3590 1085 3653 viciniam
1102 3590 1297 3662 salinarum,
1313 3590 1498 3672 exquibus
1559 3596 1636 3647 Solis
1658 3598 1842 3650 torntorium.

156 3710 191 3771 in
216 3716 329 3770 totam
354 3706 578 3787 Aethiopiam
603 3707 654 3769 sal
679 3708 855 3769 securibus
878 3717 1069 3779 exsecatur,
1093 3707 1186 3787 ipsas
1201 3725 1335 3768 crassae
1351 3706 1497 3767 nebulae

154 3821 316 3886 incubitu
348 3823 391 3884 ad
422 3823 600 3885 dexteram
632 3822 813 3885 indicante.
838 3821 986 3903 Quidam
1010 3823 1059 3885 ibi
1082 3832 1210 3885 tractus
1233 3823 1382 3885 occurrit
1404 3821 1495 3884 rubi-

154 3939 274 4002 cundo
298 3938 371 4001 sale
394 3950 429 4001 et
452 3940 495 4001 ad
519 3939 706 4001 medicinas
730 3940 833 4001 valde
849 3940 1005 4020 expetito
1022 3949 1209 4010 concretus,
1227 3959 1328 4020 quem
1344 3959 1429 4020 opus
1444 3952 1496 4001 est

153 4064 264 4119 noctu
277 4055 436 4118 traiicere
448 4055 539 4135 quod
555 4054 702 4117 interdiu
718 4065 833 4118 tantus
846 4057 893 4118 ibi
910 4056 1004 4117 calor
1020 4066 1198 4118 exaestuet
1211 4065 1247 4117 ut
1262 4057 1354 4117 viam
1368 4053 1495 4118 facien-

153 4182 209 4235 tes
235 4180 272 4234 et
296 4171 447 4232 iumenta
470 4171 609 4233 incenso
631 4169 741 4232 halitu
764 4173 933 4251 expirent,
951 4181 985 4233 et
1005 4171 1245 4243 calceamenta,
1262 4172 1359 4252 quasi
1377 4173 1495 4252 prunis

153 4295 276 4350 essent
301 4286 473 4366 imposita,
498 4286 750 4349 comburantur.
768 4284 846 4348 Hoc
863 4287 929 4349 iter
945 4288 1079 4349 anobis
1096 4287 1275 4349 decursum
1291 4294 1343 4349 est
1358 4308 1379 4349 a
1394 4288 1495 4349 tertia

152 4415 237 4486 post
261 4403 441 4465 meridiem
465 4402 561 4473 hora,
574 4403 666 4484 quod
690 4412 771 4464 tunc
793 4403 878 4465 satis
898 4404 1076 4466 commode
1096 4404 1204 4465 solem
1220 4403 1327 4466 nubes
1351 4404 1493 4464 interce-

152 4520 287 4602 perint,
310 4537 416 4599 usque
440 4518 485 4580 ad
501 4518 569 4579 diei
584 4518 760 4598 sequentis
776 4536 941 4591 auroram,
958 4519 1069 4581 tribus
1083 4528 1214 4581 tantum
1231 4518 1367 4601 exiguis
1390 4520 1494 4580 inter·

151 4634 264 4697 vallis
280 4634 325 4695 ad
348 4633 498 4713 quietem
520 4635 674 4715 sumptis,
697 4642 860 4714 quantum
884 4635 968 4696 satis
990 4643 1081 4696 esset
1100 4635 1143 4696 ad
1167 4634 1327 4705 camelos,
1352 4635 1494 4695 sarcinis

152 4747 339 4832 depositis,
355 4746 550 4829 perflandos
565 4759 609 4821 et,
623 4750 746 4811 iterum
770 4751 946 4819 restitutis,
962 4747 1083 4812 fortius
1099 4751 1133 4811 in
1150 4748 1240 4811 viam
1257 4750 1492 4830 impellendos.

250 4885 281 4944 3.
305 4861 392 4926 Cum
415 4863 521 4947 igitur
543 4865 746 4927 antelucano
769 4875 922 4946 tempore
945 4874 1055 4927 totum
1079 4866 1162 4927 salis
1184 4874 1329 4927 tractum
1344 4875 1493 4946 praeter·
1556 4870 1617 4951 Lm
1634 4867 1840 4919 antelucana

151 4981 270 5066 gressi
305 4989 432 5051 essent,
463 5001 484 5042 a
514 4979 652 5042 conscio
683 4978 877 5042 admonitus
910 4979 1120 5051 Patriarcha,
1151 4979 1241 5041 laete
1264 4980 1492 5043 exclamavit:
1520 4938 1736 5060 mmmm
1760 4955 1840 5003 Μ’

151 5096 224 5160 Eia
246 5095 388 5178 agite,o
404 5093 500 5166 socii,
524 5093 600 5156 Deo
624 5093 809 5156 immortali
836 5095 966 5176 gratias
989 5094 1181 5163 reddamus,
1205 5095 1264 5175 qui
1288 5114 1351 5157 nos
1373 5096 1492 5157 iamin
