4166 6182
521 584 561 641 24
854 580 1127 629 EXPEDITIONIS
1150 580 1411 630 AETHIOPICAE
1436 582 1517 632 ETC.

204 735 378 818 castellatim
405 746 490 819 tora
517 728 657 790 scansili
681 730 906 811 undequaque
929 730 1039 813 gradu
1063 748 1125 809 per
1148 730 1285 791 diversa
1308 731 1474 792 montium
1498 730 1653 792 tabulata
1676 730 1721 791 ad
1736 747 1852 810 supre-

169 808 488 869 h⁸⁶⁰1⁹⁸¹⁰⁸⁸⁸¹²¹⁸¹i
517 863 608 905 mam
632 843 740 905 veluti
764 862 878 907 arcem
901 844 1102 914 Dambeam,
1128 844 1200 906 Nili
1224 864 1339 915 cunas,
1364 845 1516 917 adeatur,
1541 856 1575 907 et
1592 845 1672 906 inde
1688 844 1852 924 proclivis

516 956 697 1022 fluviorum
714 961 747 1021 in
764 960 830 1022 tria
845 961 1022 1041 praedicta
1037 960 1155 1031 maria,
1172 958 1360 1031 Oceanum,
1377 960 1619 1042 Erythraeum,
1635 971 1669 1022 et
1689 958 1852 1021 Mediter-

515 1094 655 1137 raneum
679 1075 723 1138 sit
747 1073 914 1138 defluxus.
941 1076 1030 1138 Nam
1058 1077 1208 1156 undique
1239 1076 1274 1138 in
1305 1096 1380 1138 eam
1408 1077 1629 1138 tendentibus
1660 1077 1794 1138 clivoso
1818 1084 1852 1138 et

516 1193 691 1254 inaccesso
715 1211 802 1273 pene
819 1194 912 1255 aditu
931 1203 1063 1254 montes
1079 1193 1185 1254 instar
1199 1194 1444 1273 promuralium
1461 1192 1685 1297 obiiciuntur3
1706 1209 1852 1272 quorum

516 1307 693 1371 summitas
717 1309 751 1370 in
775 1310 989 1389 aequabilem
1013 1308 1190 1389 planitiem
1215 1319 1377 1390 tanquam
1405 1310 1580 1380 solarium,
1606 1328 1695 1370 nunc
1718 1306 1852 1389 viginti,

516 1445 604 1486 nunc
627 1425 863 1506 quadraginta,
889 1445 977 1486 nunc
1001 1425 1194 1507 sexaginta,
1219 1444 1308 1487 nunc
1340 1426 1500 1507 plurium,
1531 1444 1620 1486 nunc
1651 1426 1851 1505 pauciorum

516 1540 710 1603 milliarium
739 1540 973 1623 longitudinis,
998 1550 1032 1602 et
1055 1542 1158 1602 modo
1182 1543 1217 1602 in
1240 1540 1315 1611 tria,
1340 1543 1443 1603 modo
1467 1542 1500 1603 in
1526 1561 1599 1611 sex,
1624 1542 1727 1603 modo
1744 1538 1779 1600 in
1795 1540 1852 1600 de·

516 1676 589 1719 cern
614 1657 806 1718 latitudinis
836 1656 1042 1738 expatiatur,
1073 1657 1227 1737 abruptis
1257 1657 1458 1737 pierumque
1490 1657 1664 1728 lateribus,
1693 1665 1728 1719 et
1755 1656 1852 1736 lapsu

516 1776 603 1836 adeo
626 1774 806 1854 praecipiti
829 1775 947 1855 utqui
972 1773 1019 1834 ibi
1043 1783 1248 1835 enascuntur
1267 1773 1342 1845 rivi,
1359 1773 1508 1835 minores
1531 1773 1672 1853 quidem
1689 1790 1851 1854 aquarum

517 1892 607 1951 mole
630 1888 690 1951 sed
722 1890 856 1951 deiectu
886 1888 1018 1950 similes
1049 1888 1184 1950 niliacis
1214 1886 1363 1951 efficiant
1394 1898 1595 1952 cataractas
1619 1886 1677 1950 Ex
1709 1890 1853 1950 adversa

515 2006 678 2086 deinceps
700 2002 832 2067 *fronte
855 2025 944 2067 nunc
961 2005 1147 2067 continenti
1165 2006 1246 2087 iugo
1262 2025 1351 2067 nunc
1368 2006 1620 2067 inclementiori
1637 2005 1760 2066 itinere
1776 2022 1852 2085 gra·
1880 2012 1899 2059 t.
1923 2010 1991 2068 18‚v.

516 2123 622 2184 datim
646 2120 679 2183 in
705 2122 797 2183 aliud
822 2132 924 2202 atque
947 2120 1041 2183 aliud
1063 2120 1256 2184 tabulatum
1279 2122 1322 2182 ad
1346 2140 1516 2182 summum
1540 2140 1648 2200 usque
1676 2116 1853 2201 fastigium

202 2243 361 2291 cataractae
381 2240 489 2326 plut}-
514 2248 740 2320 perreptatur.
764 2236 849 2299 Cum
873 2256 955 2299 vero
979 2245 1112 2298 montes
1137 2238 1180 2299 ab
1203 2237 1324 2299 ultima
1348 2236 1506 2319 Aegypti
1537 2238 1682 2317 planitie
1714 2237 1758 2298 ad
1781 2234 1853 2296 Nili

166 2312 488 2434 2ffl⁸¹m⁸⁸⁰⁰m
515 2350 643 2416 fontem
678 2355 768 2416 ultra
798 2362 963 2416 sexcenta
986 2353 1149 2415 milliaria
1173 2352 1207 2414 in
1228 2353 1317 2415 hanc
1340 2354 1491 2434 speciem
1518 2352 1725 2415 castellatim
1753 2353 1853 2414 attol-

515 2468 628 2531 lantur
652 2471 774 2551 ingens
797 2471 831 2531 in
856 2468 970 2530 Nubia
993 2478 1027 2530 et
1049 2468 1241 2549 Aethiopia
1263 2469 1413 2533 cernitur
1433 2470 1679 2549 cataduparum
1697 2467 1853 2530 horribili

515 2585 713 2647 devexitate
736 2585 952 2666 pendentium
971 2596 1004 2647 et
1021 2585 1182 2647 continua
1197 2586 1381 2668 aspergine
1397 2586 1585 2647 rorantium
1605 2604 1646 2646 ac
1662 2586 1852 2645 vicinorum

515 2719 614 2762 aures
637 2700 896 2762 obtundentium
921 2701 1112 2762 multitude.

170 2894 175 2904 Ι
202 2824 369 2906 Aequatoria
384 2826 489 2886 gradus
607 2836 634 2877 2.
649 2814 688 2876 ln
700 2815 764 2895 hac
776 2834 881 2895 supra
896 2814 1098 2897 Aegyptum
1110 2815 1299 2895 Aethiopia
1315 2816 1400 2897 (sive
1414 2816 1561 2878 mediam
1575 2816 1649 2877 sive
1662 2816 1769 2877 altam
1782 2814 1854 2876 sive

168 2908 198 2943 ln
225 2909 257 2943 02
285 2906 400 2945 sinistre
421 2910 488 2957 300·

167 2966 266 3029 graphi
284 2969 471 3017 collocarunt.
515 2931 700 2993 Abassiam
725 2930 867 3009 dixeris)
891 2929 1102 3011 Aequatoris
1124 2931 1289 3012 gradibus
1312 2931 1536 3011 adaequanda
1562 2929 1748 2993 infeliciter
1775 2950 1854 3011 ope·

516 3065 587 3108 ram
613 3045 745 3126 antiqui
768 3044 958 3128 geographi
983 3046 1205 3117 collocarunt,
1229 3046 1325 3108 illam
1346 3068 1366 3109 a
1382 3048 1491 3129 gradu
1508 3046 1679 3129 vigesimo
1703 3045 1853 3108 secundo

515 3161 785 3245 septemtrionali
809 3163 852 3223 ad
877 3161 1045 3224 decimum
1070 3163 1253 3242 septimum
1285 3164 1468 3225 australem
1500 3162 1751 3243 protrahentes
1777 3180 1853 3222 cum

516 3290 628 3342 tamen
654 3288 725 3339 tota
748 3279 814 3339 sita
836 3278 881 3339 sit
904 3278 947 3339 ad
971 3279 1259 3357 septemtrionem,
1284 3279 1372 3340 inter
1395 3277 1519 3340 Cancri
1542 3278 1714 3359 tropicum
1731 3285 1766 3338 et
1782 3276 1853 3337 Ae·

516 3404 702 3474 quatorem‚
727 3403 761 3455 et
784 3393 828 3455 ab
844 3403 967 3455 octavo
983 3394 1091 3474 gradu
1116 3395 1148 3454 in
1173 3395 1432 3456 mediterraneis
1455 3412 1665 3475 consurgens
1681 3394 1852 3454 decimum

515 3512 699 3591 septimum
722 3511 756 3570 in
781 3507 867 3569 mari
898 3506 1023 3570 Rubro
1053 3528 1121 3570 non
1152 3510 1308 3570 excedat.
1341 3509 1417 3570 Non
1452 3509 1564 3570 minus
1595 3527 1714 3570 eorum
1737 3507 1854 3571 radius

515 3625 693 3688 vacillavit
716 3643 793 3686 cum
817 3624 932 3704 aliqua
955 3623 1165 3705 Aethiopiae
1188 3643 1295 3705 regna
1318 3645 1337 3684 a
1362 3624 1466 3686 natali
1485 3624 1563 3685 loco
1579 3623 1612 3686 in
1632 3624 1853 3704 peregrinum

185 3754 441 3872 Ionumdregncqm·
456 3751 486 3801 in
515 3743 605 3803 ultra
628 3740 863 3821 Aequatorem
887 3740 931 3800 ad
954 3739 1122 3801 Austrum
1146 3739 1374 3810 dimoverunt,
1398 3749 1431 3801 et
1456 3741 1524 3800 alia
1548 3739 1582 3801 in
1607 3740 1749 3819 proprio
1774 3757 1854 3798 con·

165 3839 248 3886 pura
276 3836 295 3871 u
317 3837 361 3871 em
403 3836 488 3873 rutae·

167 3906 241 3945 rum.
514 3857 634 3919 stituta
658 3856 691 3919 in
716 3857 815 3936 plura
837 3857 1069 3925 conciderunt,
1100 3856 1295 3937 Tigraeum‚
1327 3857 1418 3937 quod
1449 3857 1598 3937 primum
1623 3865 1676 3916 est
1700 3856 1852 3916 omnium

515 3974 559 4034 ad
582 3969 705 4035 fretum
732 3972 932 4043 Arabicum,
957 3990 1046 4033 nunc
1065 3972 1179 4053 Tigre,
1204 3991 1293 4033 nunc
1317 3971 1444 4053 Tigrai,
1470 3991 1558 4033 nunc
1581 3971 1687 4051 Tigre
1714 3970 1852 4038 Mahon,

514 4108 603 4150 nunc
627 4085 713 4159 Sire,
739 4107 827 4149 nunc
844 4088 1094 4168 Barnagassum
1120 4088 1345 4157 nominantes
1362 4107 1438 4148 curn
1455 4087 1560 4169 Tigre
1584 4096 1618 4148 et
1642 4086 1761 4169 Tigrai
1779 4086 1854 4146 sola

515 4203 703 4265 incolarum
727 4214 760 4264 et
777 4204 984 4264 advenarum
1001 4202 1230 4282 pronuntiatio
1247 4203 1443 4283 distinguat,
1461 4202 1565 4283 Tigre
1586 4201 1716 4263 Mahon
1734 4201 1794 4282 ille
1810 4201 1853 4262 sit

514 4328 651 4388 tractus,
669 4337 770 4397 quem
788 4319 821 4378 in
839 4336 1008 4378 annonam
1020 4315 1167 4395 Tigraeo
1179 4318 1327 4397 proregi‚
1341 4337 1379 4378 ea
1395 4318 1510 4399 lingua
1524 4315 1653 4378 Mahon
1667 4318 1773 4387 dicto,
1786 4316 1853 4377 Im·

514 4443 651 4514 perator
675 4434 837 4514 assignat,
861 4430 937 4494 Sire
961 4443 995 4493 et
1018 4432 1253 4512 Barnagassus
1276 4434 1363 4493 duae
1386 4434 1454 4494 sint
1478 4433 1631 4494 eiusdem
1652 4434 1751 4513 regni
1775 4452 1853 4513 pro-

513 4550 658 4611 vinciae.
672 4549 743 4609 Nili
761 4559 869 4609 ortum
894 4550 1020 4628 pariter
1032 4567 1109 4609 cum
1126 4547 1203 4608 aliis
1221 4548 1323 4609 iidem
1341 4549 1550 4630 ignorarunt,
1564 4567 1640 4609 eum
1659 4568 1707 4609 ex
1721 4549 1853 4610 duobus

514 4668 657 4728 lacubus
677 4659 786 4743 Zaire
802 4673 835 4725 ot
852 4662 977 4734 Zatlan,
994 4664 1096 4744 longe
1117 4674 1209 4724 trans
1225 4663 1458 4743 Aequatorem
1475 4665 1519 4725 ad
1535 4663 1703 4726 Austrum
1721 4663 1852 4744 positis,

514 4781 747 4849 extrahentes
771 4787 804 4840 et
828 4798 903 4839 curn
928 4778 1102 4839 Astabora
1117 4780 1190 4839 sive
1206 4778 1391 4851 Tacasaeo,
1408 4783 1451 4841 ad
1467 4781 1686 4842 undecimum
1703 4791 1852 4861 septem·
1933 4779 1940 4787 '

515 4895 635 4957 trionis
658 4894 802 4976 gradum
828 4896 1088 4954 commiscentes
1111 4902 1144 4954 et
1168 4895 1290 4955 iterum
1315 4896 1358 4956 ad
1382 4896 1620 4957 duodecimum
1638 4895 1674 4955 in
1692 4895 1760 4955 duo
1776 4895 1851 4955 bra·

515 5011 592 5073 chia
614 5028 722 5089 usque
746 5009 789 5069 ad
813 5010 981 5069 decimum
1005 5010 1186 5087 septimum
1205 5009 1407 5081 dividentes
1425 5019 1461 5071 ut
1484 5011 1624 5071 illorum
1648 5011 1850 5071 dilatatione

514 5137 547 5188 et
564 5126 750 5205 complexu
769 5121 926 5184 fabulosa
942 5123 1072 5195 Meroe,
1089 5124 1160 5185 Nili
1184 5125 1371 5186 insularum
1395 5127 1557 5197 maxima,
1582 5135 1780 5207 consurgat.
