<?xml version="1.0" encoding="UTF-8"?>
<!DOCTYPE html PUBLIC "-//W3C//DTD XHTML 1.0 Transitional//EN"
    "http://www.w3.org/TR/xhtml1/DTD/xhtml1-transitional.dtd">
<html xmlns="http://www.w3.org/1999/xhtml" xml:lang="en" lang="en">
 <head>
  <title>
</title>
<meta http-equiv="Content-Type" content="text/html;charset=utf-8" />
  <meta name='ocr-system' content='tesseract 3.04.00' />
  <meta name='ocr-capabilities' content='ocr_page ocr_carea ocr_par ocr_line ocrx_word'/>
</head>
<body>
  <div class='ocr_page' id='page_1' title='image "./rerumaethiopica00beccgoog_0241.png"; bbox 0 0 4058 6178; ppageno 0'>
   <div class='ocr_carea' id='block_1_1' title="bbox 543 554 1532 621">
    <p class='ocr_par' dir='ltr' id='par_1_1' title="bbox 543 554 1532 621">
     <span class='ocr_line' id='line_1_1' title="bbox 543 554 1532 621; baseline 0.004 -17"><span class='ocrx_word' id='word_1_1' title='bbox 543 562 603 621; x_wconf 80' lang='lat'><em>170</em></span> <span class='ocrx_word' id='word_1_2' title='bbox 871 556 1144 607; x_wconf 83' lang='lat' dir='ltr'>EXPEDITIONIS</span> <span class='ocrx_word' id='word_1_3' title='bbox 1166 554 1428 608; x_wconf 81' lang='lat' dir='ltr'>AETHIOPICAE</span> <span class='ocrx_word' id='word_1_4' title='bbox 1452 558 1532 608; x_wconf 87' lang='lat' dir='ltr'><strong>ETC.</strong></span> 
     </span>
    </p>
   </div>
   <div class='ocr_carea' id='block_1_2' title="bbox 191 699 1982 4955">
    <p class='ocr_par' dir='ltr' id='par_1_2' title="bbox 191 699 1982 4955">
     <span class='ocr_line' id='line_1_2' title="bbox 539 699 1866 789; baseline 0.001 -23"><span class='ocrx_word' id='word_1_5' title='bbox 539 700 634 766; x_wconf 86' lang='lat' dir='ltr'><em>tanti</em></span> <span class='ocrx_word' id='word_1_6' title='bbox 645 699 765 788; x_wconf 84' lang='lat' dir='ltr'><em>facere</em></span> <span class='ocrx_word' id='word_1_7' title='bbox 798 701 1030 766; x_wconf 85' lang='lat' dir='ltr'><em>Romanorum</em></span> <span class='ocrx_word' id='word_1_8' title='bbox 1055 722 1176 767; x_wconf 88' lang='lat' dir='ltr'><em>nomen</em></span> <span class='ocrx_word' id='word_1_9' title='bbox 1210 709 1245 767; x_wconf 91' lang='lat' dir='ltr'><em>et</em></span> <span class='ocrx_word' id='word_1_10' title='bbox 1276 703 1423 768; x_wconf 64' lang='lat' dir='ltr'><em>minam</em></span> <span class='ocrx_word' id='word_1_11' title='bbox 1444 704 1556 788; x_wconf 83' lang='lat' dir='ltr'><em>fidem</em></span> <span class='ocrx_word' id='word_1_12' title='bbox 1578 708 1620 767; x_wconf 88' lang='lat' dir='ltr'><em>nt</em></span> <span class='ocrx_word' id='word_1_13' title='bbox 1647 703 1739 767; x_wconf 67' lang='lat' dir='ltr'><em>meu</em></span> <span class='ocrx_word' id='word_1_14' title='bbox 1765 724 1866 789; x_wconf 80' lang='lat' dir='ltr'><em>acque</em></span> 
     </span>
     <span class='ocr_line' id='line_1_3' title="bbox 538 816 1866 906; baseline 0.002 -26"><span class='ocrx_word' id='word_1_15' title='bbox 538 818 576 881; x_wconf 83' lang='lat' dir='ltr'><em>in</em></span> <span class='ocrx_word' id='word_1_16' title='bbox 597 817 682 881; x_wconf 73' lang='lat' dir='ltr'><em>uotis</em></span> <span class='ocrx_word' id='word_1_17' title='bbox 704 816 832 892; x_wconf 79' lang='lat' dir='ltr'><em>habeat,</em></span> <span class='ocrx_word' id='word_1_18' title='bbox 855 823 954 903; x_wconf 82' lang='lat' dir='ltr'><em>atque</em></span> <span class='ocrx_word' id='word_1_19' title='bbox 980 823 1021 881; x_wconf 89' lang='lat' dir='ltr'><em>ut</em></span> <span class='ocrx_word' id='word_1_20' title='bbox 1050 838 1124 881; x_wconf 87' lang='lat' dir='ltr'><em>eum</em></span> <span class='ocrx_word' id='word_1_21' title='bbox 1155 818 1324 882; x_wconf 87' lang='lat' dir='ltr'><em>Romanis</em></span> <span class='ocrx_word' id='word_1_22' title='bbox 1353 820 1546 906; x_wconf 76' lang='lat' dir='ltr'><em>iungantur</em></span> <span class='ocrx_word' id='word_1_23' title='bbox 1567 817 1756 904; x_wconf 76' lang='lat' dir='ltr'><em>Aethiopes,</em></span> <span class='ocrx_word' id='word_1_24' title='bbox 1779 825 1866 883; x_wconf 84' lang='lat' dir='ltr'><em>etse</em></span> 
     </span>
     <span class='ocr_line' id='line_1_4' title="bbox 539 933 1865 1021; baseline 0 -24"><span class='ocrx_word' id='word_1_25' title='bbox 539 933 722 1019; x_wconf 81' lang='lat' dir='ltr'><em>Pontificis</em></span> <span class='ocrx_word' id='word_1_26' title='bbox 744 934 890 998; x_wconf 79' lang='lat' dir='ltr'><em>subdant</em></span> <span class='ocrx_word' id='word_1_27' title='bbox 905 934 1056 1019; x_wconf 63' lang='lat' dir='ltr'><em>patim</em></span> <span class='ocrx_word' id='word_1_28' title='bbox 1079 935 1335 1021; x_wconf 68' lang='lat' dir='ltr'><em>amdasn&#39;rneque</em></span> <span class='ocrx_word' id='word_1_29' title='bbox 1356 936 1597 1020; x_wconf 85' lang='lat' dir='ltr'><em>amplexarum</em></span> <span class='ocrx_word' id='word_1_30' title='bbox 1619 955 1697 1009; x_wconf 87' lang='lat' dir='ltr'><em>esse,</em></span> <span class='ocrx_word' id='word_1_31' title='bbox 1725 936 1865 1019; x_wconf 72' lang='lat' dir='ltr'><em>peccent</em></span> 
     </span>
     <span class='ocr_line' id='line_1_5' title="bbox 538 1048 1865 1134; baseline 0 -21"><span class='ocrx_word' id='word_1_32' title='bbox 538 1051 660 1134; x_wconf 74' lang='lat' dir='ltr'><em>synodo</em></span> <span class='ocrx_word' id='word_1_33' title='bbox 683 1051 724 1114; x_wconf 85' lang='lat' dir='ltr'><em>de</em></span> <span class='ocrx_word' id='word_1_34' title='bbox 745 1048 919 1113; x_wconf 83' lang='lat' dir='ltr'><em>concordia</em></span> <span class='ocrx_word' id='word_1_35' title='bbox 949 1050 1099 1114; x_wconf 77' lang='lat' dir='ltr'><em>ineunda</em></span> <span class='ocrx_word' id='word_1_36' title='bbox 1125 1054 1329 1114; x_wconf 75' lang='lat' dir='ltr'><em>statuentur.</em></span> <span class='ocrx_word' id='word_1_37' title='bbox 1354 1049 1556 1127; x_wconf 69' lang='lat' dir='ltr'><em>Pontificem</em></span> <span class='ocrx_word' id='word_1_38' title='bbox 1583 1056 1696 1114; x_wconf 90' lang='lat' dir='ltr'><em>autem</em></span> <span class='ocrx_word' id='word_1_39' title='bbox 1718 1050 1865 1113; x_wconf 78' lang='lat' dir='ltr'><em>omnium</em></span> 
     </span>
     <span class='ocr_line' id='line_1_6' title="bbox 538 1165 1867 1253; baseline 0.001 -25"><span class='ocrx_word' id='word_1_40' title='bbox 538 1165 763 1229; x_wconf 76' lang='lat' dir='ltr'><em>Ecclesiamm</em></span> <span class='ocrx_word' id='word_1_41' title='bbox 786 1171 887 1252; x_wconf 86' lang='lat' dir='ltr'><em>capnt</em></span> <span class='ocrx_word' id='word_1_42' title='bbox 900 1165 1021 1253; x_wconf 78' lang='lat' dir='ltr'><em>fateri</em></span> <span class='ocrx_word' id='word_1_43' title='bbox 1032 1186 1156 1251; x_wconf 72' lang='lat' dir='ltr'><em>soloque</em></span> <span class='ocrx_word' id='word_1_44' title='bbox 1170 1165 1344 1251; x_wconf 74' lang='lat' dir='ltr'><em>splendore</em></span> <span class='ocrx_word' id='word_1_45' title='bbox 1358 1165 1466 1231; x_wconf 87' lang='lat' dir='ltr'><em>orbem</em></span> <span class='ocrx_word' id='word_1_46' title='bbox 1480 1167 1669 1241; x_wconf 84' lang='lat' dir='ltr'><em>illustrare,</em></span> <span class='ocrx_word' id='word_1_47' title='bbox 1683 1167 1741 1230; x_wconf 86' lang='lat' dir='ltr'><em>cui</em></span> <span class='ocrx_word' id='word_1_48' title='bbox 1756 1187 1867 1231; x_wconf 90' lang='lat' dir='ltr'><em>omnes</em></span> 
     </span>
     <span class='ocr_line' id='line_1_7' title="bbox 540 1280 1867 1368; baseline 0.001 -24"><span class='ocrx_word' id='word_1_49' title='bbox 540 1281 774 1355; x_wconf 82' lang='lat' dir='ltr'><em>Patrrarclrae,</em></span> <span class='ocrx_word' id='word_1_50' title='bbox 786 1280 953 1366; x_wconf 67' lang='lat' dir='ltr'><em>Episcopi]</em></span> <span class='ocrx_word' id='word_1_51' title='bbox 966 1281 1075 1368; x_wconf 78' lang='lat' dir='ltr'><em>Reges</em></span> <span class='ocrx_word' id='word_1_52' title='bbox 1096 1287 1132 1345; x_wconf 91' lang='lat' dir='ltr'><em>et</em></span> <span class='ocrx_word' id='word_1_53' title='bbox 1152 1282 1381 1366; x_wconf 75' lang='lat' dir='ltr'><em>Imperatores</em></span> <span class='ocrx_word' id='word_1_54' title='bbox 1403 1282 1627 1346; x_wconf 72' lang='lat' dir='ltr'><em>inclinantur.</em></span> <span class='ocrx_word' id='word_1_55' title='bbox 1648 1283 1746 1346; x_wconf 91' lang='lat' dir='ltr'><em>Haec</em></span> <span class='ocrx_word' id='word_1_56' title='bbox 1765 1282 1867 1345; x_wconf 89' lang='lat' dir='ltr'><em>Nico-</em></span> 
     </span>
     <span class='ocr_line' id='line_1_8' title="bbox 540 1396 1866 1479; baseline 0.002 -21"><span class='ocrx_word' id='word_1_57' title='bbox 540 1397 659 1460; x_wconf 88' lang='lat' dir='ltr'><em>demus</em></span> <span class='ocrx_word' id='word_1_58' title='bbox 681 1396 853 1479; x_wconf 86' lang='lat' dir='ltr'>Aethiops</span> <span class='ocrx_word' id='word_1_59' title='bbox 876 1397 911 1458; x_wconf 89' lang='lat' dir='ltr'><em>in</em></span> <span class='ocrx_word' id='word_1_60' title='bbox 934 1399 1072 1479; x_wconf 92' lang='lat' dir='ltr'><em>publico</em></span> <span class='ocrx_word' id='word_1_61' title='bbox 1096 1396 1190 1460; x_wconf 87' lang='lat' dir='ltr'><em>orbis</em></span> <span class='ocrx_word' id='word_1_62' title='bbox 1213 1398 1356 1469; x_wconf 90' lang='lat' dir='ltr'><em>theatro,</em></span> <span class='ocrx_word' id='word_1_63' title='bbox 1379 1418 1447 1461; x_wconf 89' lang='lat' dir='ltr'><em>non</em></span> <span class='ocrx_word' id='word_1_64' title='bbox 1472 1409 1508 1461; x_wconf 88' lang='lat' dir='ltr'><em>ut</em></span> <span class='ocrx_word' id='word_1_65' title='bbox 1535 1399 1594 1461; x_wconf 87' lang='lat' dir='ltr'><em>ille</em></span> <span class='ocrx_word' id='word_1_66' title='bbox 1625 1401 1727 1462; x_wconf 87' lang='lat' dir='ltr'><em>alius-</em></span> <span class='ocrx_word' id='word_1_67' title='bbox 1744 1399 1778 1461; x_wconf 91' lang='lat' dir='ltr'><em>in</em></span> <span class='ocrx_word' id='word_1_68' title='bbox 1806 1417 1866 1460; x_wconf 89' lang='lat' dir='ltr'><em>no·</em></span> 
     </span>
     <span class='ocr_line' id='line_1_9' title="bbox 539 1513 1425 1597; baseline 0.005 -23"><span class='ocrx_word' id='word_1_69' title='bbox 539 1524 659 1575; x_wconf 89' lang='lat' dir='ltr'><em>cturno</em></span> <span class='ocrx_word' id='word_1_70' title='bbox 682 1513 809 1595; x_wconf 86' lang='lat' dir='ltr'><em>angulo</em></span> <span class='ocrx_word' id='word_1_71' title='bbox 832 1523 972 1595; x_wconf 88' lang='lat' dir='ltr'><em>propter</em></span> <span class='ocrx_word' id='word_1_72' title='bbox 995 1524 1122 1577; x_wconf 88' lang='lat' dir='ltr'><em>metum</em></span> <span class='ocrx_word' id='word_1_73' title='bbox 1146 1514 1347 1577; x_wconf 89' lang='lat' dir='ltr'><em>Iudaeorum</em></span> <span class='ocrx_word' id='word_1_74' title='bbox 1370 1514 1425 1597; x_wconf 77' lang='grc' dir='ltr'><strong>(ι).</strong></span> 
     </span>
     <span class='ocr_line' id='line_1_10' title="bbox 228 1626 1868 1717; baseline 0.005 -33"><span class='ocrx_word' id='word_1_75' title='bbox 228 1633 345 1717; x_wconf 75' lang='lat' dir='ltr'><em>oaytdis</em></span> <span class='ocrx_word' id='word_1_76' title='bbox 362 1632 512 1685; x_wconf 73' lang='lat' dir='ltr'><em>nonunt</em></span> <span class='ocrx_word' id='word_1_77' title='bbox 631 1648 681 1706; x_wconf 83' lang='lat'><em>34.</em></span> <span class='ocrx_word' id='word_1_78' title='bbox 714 1628 772 1691; x_wconf 90' lang='lat' dir='ltr'><em>Ad</em></span> <span class='ocrx_word' id='word_1_79' title='bbox 803 1626 1016 1692; x_wconf 80' lang='lat' dir='ltr'><em>Clementem</em></span> <span class='ocrx_word' id='word_1_80' title='bbox 1040 1628 1110 1692; x_wconf 94' lang='lat' dir='ltr'><em>VII</em></span> <span class='ocrx_word' id='word_1_81' title='bbox 1141 1649 1231 1692; x_wconf 90' lang='lat' dir='ltr'><em>anno</em></span> <span class='ocrx_word' id='word_1_82' title='bbox 1266 1650 1348 1709; x_wconf 86' lang='lat'>15²4</span> <span class='ocrx_word' id='word_1_83' title='bbox 1380 1632 1531 1713; x_wconf 82' lang='lat' dir='ltr'><em>legatum</em></span> <span class='ocrx_word' id='word_1_84' title='bbox 1553 1632 1648 1694; x_wconf 87' lang='lat' dir='ltr'><strong>misit</strong></span> <span class='ocrx_word' id='word_1_85' title='bbox 1674 1629 1868 1713; x_wconf 89' lang='lat' dir='ltr'><em>potentissi-</em></span> 
     </span>
     <span class='ocr_line' id='line_1_11' title="bbox 191 1706 1982 1831; baseline 0.001 -24"><span class='ocrx_word' id='word_1_86' title='bbox 191 1706 514 1831; x_wconf 50' lang='lat' dir='ltr'><em>{ifffiegnfussffi</em></span> <span class='ocrx_word' id='word_1_87' title='bbox 541 1765 616 1807; x_wconf 92' lang='lat' dir='ltr'><em>mus</em></span> <span class='ocrx_word' id='word_1_88' title='bbox 638 1743 846 1826; x_wconf 80' lang='lat' dir='ltr'><em>Impe*rator</em></span> <span class='ocrx_word' id='word_1_89' title='bbox 868 1765 1016 1828; x_wconf 87' lang='lat' dir='ltr'><em>proavus</em></span> <span class='ocrx_word' id='word_1_90' title='bbox 1038 1758 1117 1809; x_wconf 87' lang='lat' dir='ltr'><em>tuus</em></span> <span class='ocrx_word' id='word_1_91' title='bbox 1141 1746 1266 1818; x_wconf 86' lang='lat' dir='ltr'><em>David,</em></span> <span class='ocrx_word' id='word_1_92' title='bbox 1287 1747 1387 1810; x_wconf 87' lang='lat' dir='ltr'><em>aliter</em></span> <span class='ocrx_word' id='word_1_93' title='bbox 1401 1744 1504 1829; x_wconf 78' lang='lat' dir='ltr'><em>Onag</em></span> <span class='ocrx_word' id='word_1_94' title='bbox 1518 1744 1709 1830; x_wconf 82' lang='lat' dir='ltr'><em>Seguedus,</em></span> <span class='ocrx_word' id='word_1_95' title='bbox 1725 1746 1868 1828; x_wconf 81' lang='lat' dir='ltr'><em>Zagaza-</em></span> <span class='ocrx_word' id='word_1_96' title='bbox 1924 1798 1929 1808; x_wconf 95' lang='lat'>.</span> <span class='ocrx_word' id='word_1_97' title='bbox 1978 1797 1982 1808; x_wconf 92' lang='lat'><em>.</em></span> 
     </span>
     <span class='ocr_line' id='line_1_12' title="bbox 192 1851 1869 1944; baseline 0 -22"><span class='ocrx_word' id='word_1_98' title='bbox 192 1851 281 1900; x_wconf 56' lang='grc' dir='ltr'><em>Μ·</em></span> <span class='ocrx_word' id='word_1_99' title='bbox 541 1863 630 1932; x_wconf 92' lang='lat' dir='ltr'><em>bum,</em></span> <span class='ocrx_word' id='word_1_100' title='bbox 655 1880 731 1924; x_wconf 89' lang='lat' dir='ltr'><em>cum</em></span> <span class='ocrx_word' id='word_1_101' title='bbox 755 1863 887 1925; x_wconf 88' lang='lat' dir='ltr'><em>duabus</em></span> <span class='ocrx_word' id='word_1_102' title='bbox 909 1862 1075 1942; x_wconf 89' lang='lat' dir='ltr'><em>epistolis,</em></span> <span class='ocrx_word' id='word_1_103' title='bbox 1100 1862 1135 1925; x_wconf 91' lang='lat' dir='ltr'><em>in</em></span> <span class='ocrx_word' id='word_1_104' title='bbox 1164 1881 1307 1944; x_wconf 88' lang='lat' dir='ltr'><em>quarum</em></span> <span class='ocrx_word' id='word_1_105' title='bbox 1338 1863 1449 1944; x_wconf 88' lang='lat' dir='ltr'><em>prima</em></span> <span class='ocrx_word' id='word_1_106' title='bbox 1478 1862 1564 1925; x_wconf 88' lang='lat' dir='ltr'><em>haec</em></span> <span class='ocrx_word' id='word_1_107' title='bbox 1590 1863 1697 1923; x_wconf 82' lang='lat' dir='ltr'><em>verba</em></span> <span class='ocrx_word' id='word_1_108' title='bbox 1720 1862 1869 1923; x_wconf 89' lang='lat' dir='ltr'><em>contine·</em></span> 
     </span>
     <span class='ocr_line' id='line_1_13' title="bbox 540 1975 1871 2064; baseline -0.002 -24"><span class='ocrx_word' id='word_1_109' title='bbox 540 1979 678 2040; x_wconf 85' lang='lat' dir='ltr'><em>bantur:</em></span> <span class='ocrx_word' id='word_1_110' title='bbox 704 1976 734 2038; x_wconf 89' lang='lat'><em>0</em></span> <span class='ocrx_word' id='word_1_111' title='bbox 749 1977 852 2064; x_wconf 86' lang='lat' dir='ltr'><em>felix</em></span> <span class='ocrx_word' id='word_1_112' title='bbox 874 1978 999 2040; x_wconf 80' lang='lat' dir='ltr'><em>Sancte</em></span> <span class='ocrx_word' id='word_1_113' title='bbox 1028 1977 1146 2042; x_wconf 86' lang='lat' dir='ltr'><em>Pater.</em></span> <span class='ocrx_word' id='word_1_114' title='bbox 1171 1978 1243 2064; x_wconf 79' lang='lat' dir='ltr'><em>Ego</em></span> <span class='ocrx_word' id='word_1_115' title='bbox 1272 1977 1340 2041; x_wconf 86' lang='lat' dir='ltr'><em>tibi</em></span> <span class='ocrx_word' id='word_1_116' title='bbox 1366 1982 1556 2042; x_wconf 79' lang='lat' dir='ltr'><em>reverenter</em></span> <span class='ocrx_word' id='word_1_117' title='bbox 1585 1977 1799 2049; x_wconf 68' lang='lat' dir='ltr'><em>ebeliacum</em></span> <span class='ocrx_word' id='word_1_118' title='bbox 1820 1975 1871 2039; x_wconf 90' lang='lat' dir='ltr'><em>sis</em></span> 
     </span>
     <span class='ocr_line' id='line_1_14' title="bbox 535 2093 1871 2178; baseline -0.001 -23"><span class='ocrx_word' id='word_1_119' title='bbox 535 2099 611 2177; x_wconf 81' lang='lat' dir='ltr'><em>pax</em></span> <span class='ocrx_word' id='word_1_120' title='bbox 633 2093 783 2157; x_wconf 88' lang='lat' dir='ltr'><em>omnium</em></span> <span class='ocrx_word' id='word_1_121' title='bbox 806 2098 840 2157; x_wconf 90' lang='lat' dir='ltr'><em>et</em></span> <span class='ocrx_word' id='word_1_122' title='bbox 860 2098 980 2156; x_wconf 83' lang='lat' dir='ltr'><em>ctcncta</em></span> <span class='ocrx_word' id='word_1_123' title='bbox 1001 2093 1085 2156; x_wconf 85' lang='lat' dir='ltr'><em>bona</em></span> <span class='ocrx_word' id='word_1_124' title='bbox 1107 2093 1281 2165; x_wconf 90' lang='lat' dir='ltr'><em>merearis,</em></span> <span class='ocrx_word' id='word_1_125' title='bbox 1305 2094 1410 2157; x_wconf 91' lang='lat' dir='ltr'><em>etita</em></span> <span class='ocrx_word' id='word_1_126' title='bbox 1438 2114 1582 2178; x_wconf 87' lang='lat' dir='ltr'><em>aequum</em></span> <span class='ocrx_word' id='word_1_127' title='bbox 1613 2097 1664 2156; x_wconf 88' lang='lat' dir='ltr'><em>est</em></span> <span class='ocrx_word' id='word_1_128' title='bbox 1692 2097 1732 2154; x_wconf 86' lang='lat' dir='ltr'><em>ut</em></span> <span class='ocrx_word' id='word_1_129' title='bbox 1758 2112 1871 2169; x_wconf 77' lang='lat' dir='ltr'><em>nnnes</em></span> 
     </span>
     <span class='ocr_line' id='line_1_15' title="bbox 543 2208 1869 2295; baseline 0 -24"><span class='ocrx_word' id='word_1_130' title='bbox 543 2209 606 2272; x_wconf 88' lang='lat' dir='ltr'><em>tibi</em></span> <span class='ocrx_word' id='word_1_131' title='bbox 625 2209 843 2273; x_wconf 75' lang='lat' dir='ltr'><em>obedientiam</em></span> <span class='ocrx_word' id='word_1_132' title='bbox 861 2214 1047 2293; x_wconf 79' lang='lat' dir='ltr'><em>praestent,</em></span> <span class='ocrx_word' id='word_1_133' title='bbox 1070 2209 1174 2273; x_wconf 86' lang='lat' dir='ltr'><em>sicuti</em></span> <span class='ocrx_word' id='word_1_134' title='bbox 1192 2209 1308 2273; x_wconf 87' lang='lat' dir='ltr'><em>sancti</em></span> <span class='ocrx_word' id='word_1_135' title='bbox 1333 2208 1493 2295; x_wconf 78' lang='lat' dir='ltr'><em>Apostoli</em></span> <span class='ocrx_word' id='word_1_136' title='bbox 1506 2208 1731 2294; x_wconf 86' lang='lat' dir='ltr'><em>praecipiunt.</em></span> <span class='ocrx_word' id='word_1_137' title='bbox 1756 2209 1793 2270; x_wconf 88' lang='lat' dir='ltr'><em>In</em></span> <span class='ocrx_word' id='word_1_138' title='bbox 1817 2229 1869 2271; x_wconf 89' lang='lat' dir='ltr'><em>se·</em></span> 
     </span>
     <span class='ocr_line' id='line_1_16' title="bbox 540 2323 1870 2410; baseline -0.001 -23"><span class='ocrx_word' id='word_1_139' title='bbox 540 2326 667 2387; x_wconf 88' lang='lat' dir='ltr'><em>cunda:</em></span> <span class='ocrx_word' id='word_1_140' title='bbox 701 2324 809 2409; x_wconf 78' lang='lat' dir='ltr'><em>Caepio</em></span> <span class='ocrx_word' id='word_1_141' title='bbox 835 2325 970 2410; x_wconf 80' lang='lat' dir='ltr'><em>ingenti</em></span> <span class='ocrx_word' id='word_1_142' title='bbox 988 2323 1151 2389; x_wconf 63' lang='lat' dir='ltr'><em>mellaria</em></span> <span class='ocrx_word' id='word_1_143' title='bbox 1165 2324 1323 2409; x_wconf 84' lang='lat' dir='ltr'><em>consequi</em></span> <span class='ocrx_word' id='word_1_144' title='bbox 1346 2330 1591 2388; x_wconf 88' lang='lat' dir='ltr'><em>sacrosanctam</em></span> <span class='ocrx_word' id='word_1_145' title='bbox 1615 2324 1870 2389; x_wconf 78' lang='lat' dir='ltr'><em>berudictconem</em></span> 
     </span>
     <span class='ocr_line' id='line_1_17' title="bbox 541 2439 1872 2524; baseline -0.002 -21"><span class='ocrx_word' id='word_1_146' title='bbox 541 2462 561 2503; x_wconf 88' lang='lat' dir='ltr'><em>a</em></span> <span class='ocrx_word' id='word_1_147' title='bbox 592 2440 724 2504; x_wconf 88' lang='lat' dir='ltr'><em>Vicario</em></span> <span class='ocrx_word' id='word_1_148' title='bbox 746 2440 894 2503; x_wconf 87' lang='lat' dir='ltr'><em>Domini</em></span> <span class='ocrx_word' id='word_1_149' title='bbox 913 2441 1027 2504; x_wconf 85' lang='lat' dir='ltr'><em>nostri</em></span> <span class='ocrx_word' id='word_1_150' title='bbox 1046 2441 1124 2505; x_wconf 89' lang='lat' dir='ltr'><em>Iesu</em></span> <span class='ocrx_word' id='word_1_151' title='bbox 1148 2441 1288 2505; x_wconf 83' lang='lat' dir='ltr'><em>Christi.</em></span> <span class='ocrx_word' id='word_1_152' title='bbox 1313 2440 1408 2503; x_wconf 90' lang='lat' dir='ltr'><em>Nam</em></span> <span class='ocrx_word' id='word_1_153' title='bbox 1427 2440 1670 2524; x_wconf 78' lang='lat' dir='ltr'><em>proculdubio</em></span> <span class='ocrx_word' id='word_1_154' title='bbox 1695 2439 1872 2502; x_wconf 73' lang='lat' dir='ltr'><em>Sanctitas</em></span> 
     </span>
     <span class='ocr_line' id='line_1_18' title="bbox 540 2555 1870 2641; baseline -0.004 -21"><span class='ocrx_word' id='word_1_155' title='bbox 540 2561 651 2620; x_wconf 83' lang='lat' dir='ltr'><em>restra</em></span> <span class='ocrx_word' id='word_1_156' title='bbox 673 2562 725 2620; x_wconf 88' lang='lat' dir='ltr'><em>est</em></span> <span class='ocrx_word' id='word_1_157' title='bbox 745 2556 819 2620; x_wconf 91' lang='lat' dir='ltr'><em>Dei</em></span> <span class='ocrx_word' id='word_1_158' title='bbox 846 2557 1010 2621; x_wconf 87' lang='lat' dir='ltr'><em>Vicarius.</em></span> <span class='ocrx_word' id='word_1_159' title='bbox 1035 2556 1132 2620; x_wconf 87' lang='lat' dir='ltr'><em>Idem</em></span> <span class='ocrx_word' id='word_1_160' title='bbox 1156 2557 1352 2641; x_wconf 83' lang='lat' dir='ltr'><em>Zagazabus</em></span> <span class='ocrx_word' id='word_1_161' title='bbox 1375 2559 1410 2620; x_wconf 91' lang='lat' dir='ltr'><em>in</em></span> <span class='ocrx_word' id='word_1_162' title='bbox 1433 2555 1649 2620; x_wconf 83' lang='lat' dir='ltr'><em>confessione</em></span> <span class='ocrx_word' id='word_1_163' title='bbox 1675 2555 1757 2618; x_wconf 87' lang='lat' dir='ltr'><em>fidei</em></span> <span class='ocrx_word' id='word_1_164' title='bbox 1779 2555 1870 2617; x_wconf 89' lang='lat' dir='ltr'><em>edita</em></span> 
     </span>
     <span class='ocr_line' id='line_1_19' title="bbox 541 2670 1870 2758; baseline -0.002 -23"><span class='ocrx_word' id='word_1_165' title='bbox 541 2693 630 2735; x_wconf 90' lang='lat' dir='ltr'><em>anno</em></span> <span class='ocrx_word' id='word_1_166' title='bbox 657 2679 758 2751; x_wconf 82' lang='lat'>1548:</span> <span class='ocrx_word' id='word_1_167' title='bbox 782 2673 909 2737; x_wconf 90' lang='lat' dir='ltr'><em>Nostri</em></span> <span class='ocrx_word' id='word_1_168' title='bbox 928 2679 1015 2738; x_wconf 90' lang='lat' dir='ltr'><em>certe</em></span> <span class='ocrx_word' id='word_1_169' title='bbox 1036 2674 1076 2737; x_wconf 81' lang='lat' dir='ltr'><em>ab</em></span> <span class='ocrx_word' id='word_1_170' title='bbox 1097 2673 1236 2737; x_wconf 75' lang='lat' dir='ltr'><em>euordro</em></span> <span class='ocrx_word' id='word_1_171' title='bbox 1257 2672 1458 2758; x_wconf 87' lang='lat' dir='ltr'><em>primitivae</em></span> <span class='ocrx_word' id='word_1_172' title='bbox 1479 2671 1649 2735; x_wconf 70' lang='lat' dir='ltr'><em>Ecclesiae</em></span> <span class='ocrx_word' id='word_1_173' title='bbox 1679 2670 1870 2734; x_wconf 86' lang='lat' dir='ltr'><em>Romanum</em></span> 
     </span>
     <span class='ocr_line' id='line_1_20' title="bbox 541 2786 1871 2875; baseline -0.003 -24"><span class='ocrx_word' id='word_1_174' title='bbox 541 2789 742 2872; x_wconf 78' lang='lat' dir='ltr'><em>Pontificem</em></span> <span class='ocrx_word' id='word_1_175' title='bbox 758 2794 799 2852; x_wconf 86' lang='lat' dir='ltr'><em>ut</em></span> <span class='ocrx_word' id='word_1_176' title='bbox 807 2791 959 2875; x_wconf 79' lang='lat' dir='ltr'><em>primum</em></span> <span class='ocrx_word' id='word_1_177' title='bbox 974 2790 1159 2874; x_wconf 78' lang='lat' dir='ltr'><em>episcopum</em></span> <span class='ocrx_word' id='word_1_178' title='bbox 1182 2793 1401 2874; x_wconf 83' lang='lat' dir='ltr'><em>agrtouerunt.</em></span> <span class='ocrx_word' id='word_1_179' title='bbox 1426 2788 1550 2850; x_wconf 90' lang='lat' dir='ltr'><em>Abbas</em></span> <span class='ocrx_word' id='word_1_180' title='bbox 1572 2787 1695 2850; x_wconf 88' lang='lat' dir='ltr'><em>Petrus</em></span> <span class='ocrx_word' id='word_1_181' title='bbox 1718 2786 1871 2867; x_wconf 84' lang='lat' dir='ltr'><em>aethiops</em></span> 
     </span>
     <span class='ocr_line' id='line_1_21' title="bbox 541 2902 1871 2988; baseline -0.002 -22"><span class='ocrx_word' id='word_1_182' title='bbox 541 2906 575 2966; x_wconf 91' lang='lat' dir='ltr'><em>in</em></span> <span class='ocrx_word' id='word_1_183' title='bbox 599 2902 710 2968; x_wconf 90' lang='lat' dir='ltr'><em>fronte</em></span> <span class='ocrx_word' id='word_1_184' title='bbox 739 2905 962 2967; x_wconf 83' lang='lat' dir='ltr'><em>dedicationis</em></span> <span class='ocrx_word' id='word_1_185' title='bbox 985 2906 1241 2988; x_wconf 83' lang='lat' dir='ltr'><em>evangeliorum</em></span> <span class='ocrx_word' id='word_1_186' title='bbox 1266 2904 1373 2967; x_wconf 88' lang='lat' dir='ltr'><em>Paulo</em></span> <span class='ocrx_word' id='word_1_187' title='bbox 1396 2902 1459 2976; x_wconf 89' lang='lat' dir='ltr'><em>HI,</em></span> <span class='ocrx_word' id='word_1_188' title='bbox 1496 2905 1616 2967; x_wconf 89' lang='lat' dir='ltr'><em>eodem</em></span> <span class='ocrx_word' id='word_1_189' title='bbox 1648 2922 1738 2965; x_wconf 87' lang='lat' dir='ltr'><em>anno</em></span> <span class='ocrx_word' id='word_1_190' title='bbox 1767 2921 1871 2964; x_wconf 80' lang='lat' dir='ltr'><em>excu-</em></span> 
     </span>
     <span class='ocr_line' id='line_1_22' title="bbox 540 3017 1870 3105; baseline -0.003 -23"><span class='ocrx_word' id='word_1_191' title='bbox 540 3040 672 3083; x_wconf 88' lang='lat' dir='ltr'><em>sorum:</em></span> <span class='ocrx_word' id='word_1_192' title='bbox 696 3020 820 3085; x_wconf 73' lang='lat' dir='ltr'><em>Sciant</em></span> <span class='ocrx_word' id='word_1_193' title='bbox 835 3026 947 3105; x_wconf 88' lang='lat' dir='ltr'><em>perte</em></span> <span class='ocrx_word' id='word_1_194' title='bbox 962 3042 1084 3092; x_wconf 91' lang='lat' dir='ltr'><em>omnes,</em></span> <span class='ocrx_word' id='word_1_195' title='bbox 1101 3041 1162 3083; x_wconf 90' lang='lat' dir='ltr'><em>nos</em></span> <span class='ocrx_word' id='word_1_196' title='bbox 1180 3021 1219 3084; x_wconf 83' lang='lat' dir='ltr'><em>ab</em></span> <span class='ocrx_word' id='word_1_197' title='bbox 1234 3020 1384 3084; x_wconf 88' lang='lat' dir='ltr'><em>Ecclesia</em></span> <span class='ocrx_word' id='word_1_198' title='bbox 1399 3019 1496 3082; x_wconf 88' lang='lat' dir='ltr'><em>Rom.</em></span> <span class='ocrx_word' id='word_1_199' title='bbox 1514 3039 1583 3082; x_wconf 91' lang='lat' dir='ltr'><em>non</em></span> <span class='ocrx_word' id='word_1_200' title='bbox 1596 3018 1775 3082; x_wconf 78' lang='lat' dir='ltr'><em>abliorrere</em></span> <span class='ocrx_word' id='word_1_201' title='bbox 1788 3017 1870 3102; x_wconf 84' lang='lat' dir='ltr'><em>quin</em></span> 
     </span>
     <span class='ocr_line' id='line_1_23' title="bbox 542 3135 1870 3220; baseline -0.003 -20"><span class='ocrx_word' id='word_1_202' title='bbox 542 3137 609 3200; x_wconf 88' lang='lat' dir='ltr'><em>imo</em></span> <span class='ocrx_word' id='word_1_203' title='bbox 643 3137 741 3200; x_wconf 91' lang='lat' dir='ltr'><em>illam</em></span> <span class='ocrx_word' id='word_1_204' title='bbox 775 3142 816 3200; x_wconf 85' lang='lat' dir='ltr'><em>at</em></span> <span class='ocrx_word' id='word_1_205' title='bbox 843 3143 985 3206; x_wconf 87' lang='lat' dir='ltr'><em>matrem</em></span> <span class='ocrx_word' id='word_1_206' title='bbox 1015 3137 1165 3200; x_wconf 76' lang='lat' dir='ltr'><em>nuntiem</em></span> <span class='ocrx_word' id='word_1_207' title='bbox 1199 3136 1427 3200; x_wconf 79' lang='lat' dir='ltr'><em>Ecclestarum</em></span> <span class='ocrx_word' id='word_1_208' title='bbox 1453 3135 1611 3220; x_wconf 85' lang='lat' dir='ltr'><em>amplecti</em></span> <span class='ocrx_word' id='word_1_209' title='bbox 1636 3156 1675 3199; x_wconf 87' lang='lat' dir='ltr'><em>ac</em></span> <span class='ocrx_word' id='word_1_210' title='bbox 1702 3135 1870 3199; x_wconf 80' lang='lat' dir='ltr'><em>uenerari.</em></span> 
     </span>
     <span class='ocr_line' id='line_1_24' title="bbox 543 3249 1872 3339; baseline -0.001 -24"><span class='ocrx_word' id='word_1_211' title='bbox 543 3250 759 3339; x_wconf 79' lang='lat' dir='ltr'><em>Quodfocile</em></span> <span class='ocrx_word' id='word_1_212' title='bbox 773 3274 817 3317; x_wconf 85' lang='lat' dir='ltr'><em>erc</em></span> <span class='ocrx_word' id='word_1_213' title='bbox 832 3252 950 3317; x_wconf 83' lang='lat' dir='ltr'><em>multr&#39;s</em></span> <span class='ocrx_word' id='word_1_214' title='bbox 965 3253 1124 3337; x_wconf 76' lang='lat' dir='ltr'><em>epistolis,</em></span> <span class='ocrx_word' id='word_1_215' title='bbox 1141 3273 1224 3336; x_wconf 84' lang='lat' dir='ltr'><em>qaae</em></span> <span class='ocrx_word' id='word_1_216' title='bbox 1239 3252 1287 3315; x_wconf 85' lang='lat' dir='ltr'><em>aa&#39;</em></span> <span class='ocrx_word' id='word_1_217' title='bbox 1294 3251 1381 3315; x_wconf 82' lang='lat' dir='ltr'><em>hono</em></span> <span class='ocrx_word' id='word_1_218' title='bbox 1398 3256 1548 3315; x_wconf 87' lang='lat' dir='ltr'><em>sanctam</em></span> <span class='ocrx_word' id='word_1_219' title='bbox 1562 3249 1670 3315; x_wconf 86' lang='lat' dir='ltr'><em>sedem</em></span> <span class='ocrx_word' id='word_1_220' title='bbox 1685 3273 1708 3315; x_wconf 88' lang='lat' dir='ltr'><em>a</em></span> <span class='ocrx_word' id='word_1_221' title='bbox 1723 3251 1872 3336; x_wconf 77' lang='lat' dir='ltr'><em>Regibus</em></span> 
     </span>
     <span class='ocr_line' id='line_1_25' title="bbox 542 3365 1871 3454; baseline -0.001 -24"><span class='ocrx_word' id='word_1_222' title='bbox 542 3368 667 3431; x_wconf 86' lang='lat' dir='ltr'><em>nostris</em></span> <span class='ocrx_word' id='word_1_223' title='bbox 686 3369 807 3432; x_wconf 89' lang='lat' dir='ltr'><em>missae</em></span> <span class='ocrx_word' id='word_1_224' title='bbox 829 3373 921 3443; x_wconf 91' lang='lat' dir='ltr'><em>sunt,</em></span> <span class='ocrx_word' id='word_1_225' title='bbox 940 3368 1180 3454; x_wconf 69' lang='lat' dir='ltr'><em>ucaerr&#39;potest.</em></span> <span class='ocrx_word' id='word_1_226' title='bbox 1200 3365 1317 3431; x_wconf 83' lang='lat' dir='ltr'><em>Asnaf</em></span> <span class='ocrx_word' id='word_1_227' title='bbox 1328 3365 1514 3451; x_wconf 76' lang='lat' dir='ltr'><em>Seguedes</em></span> <span class='ocrx_word' id='word_1_228' title='bbox 1530 3369 1604 3431; x_wconf 89' lang='lat' dir='ltr'><em>sive</em></span> <span class='ocrx_word' id='word_1_229' title='bbox 1624 3367 1786 3431; x_wconf 87' lang='lat' dir='ltr'><em>Claudius</em></span> <span class='ocrx_word' id='word_1_230' title='bbox 1801 3367 1871 3430; x_wconf 88' lang='lat' dir='ltr'><em>Da·</em></span> 
     </span>
     <span class='ocr_line' id='line_1_26' title="bbox 542 3482 1870 3566; baseline 0.001 -23"><span class='ocrx_word' id='word_1_231' title='bbox 542 3485 633 3546; x_wconf 89' lang='lat' dir='ltr'><em>vidis</em></span> <span class='ocrx_word' id='word_1_232' title='bbox 649 3482 748 3557; x_wconf 72' lang='lat' dir='ltr'><em>filius</em></span> <span class='ocrx_word' id='word_1_233' title='bbox 764 3495 841 3547; x_wconf 91' lang='lat' dir='ltr'><em>tuus</em></span> <span class='ocrx_word' id='word_1_234' title='bbox 857 3494 998 3566; x_wconf 89' lang='lat' dir='ltr'><em>patruus</em></span> <span class='ocrx_word' id='word_1_235' title='bbox 1014 3484 1132 3556; x_wconf 90' lang='lat' dir='ltr'><em>maior,</em></span> <span class='ocrx_word' id='word_1_236' title='bbox 1149 3486 1198 3547; x_wconf 90' lang='lat' dir='ltr'><em>sic</em></span> <span class='ocrx_word' id='word_1_237' title='bbox 1215 3485 1257 3546; x_wconf 88' lang='lat' dir='ltr'><em>ad</em></span> <span class='ocrx_word' id='word_1_238' title='bbox 1274 3485 1432 3546; x_wconf 89' lang='lat' dir='ltr'><em>eumdem</em></span> <span class='ocrx_word' id='word_1_239' title='bbox 1449 3482 1649 3548; x_wconf 89' lang='lat' dir='ltr'><em>Pontificem</em></span> <span class='ocrx_word' id='word_1_240' title='bbox 1666 3504 1755 3547; x_wconf 89' lang='lat' dir='ltr'><em>anno</em></span> <span class='ocrx_word' id='word_1_241' title='bbox 1771 3502 1870 3562; x_wconf 81' lang='lat'>1549:</span> 
     </span>
     <span class='ocr_line' id='line_1_27' title="bbox 543 3596 1873 3684; baseline 0 -23"><span class='ocrx_word' id='word_1_242' title='bbox 543 3596 720 3670; x_wconf 79' lang='lat' dir='ltr'><em>Aecdinos,</em></span> <span class='ocrx_word' id='word_1_243' title='bbox 744 3599 855 3662; x_wconf 88' lang='lat' dir='ltr'><em>Paule</em></span> <span class='ocrx_word' id='word_1_244' title='bbox 864 3604 967 3683; x_wconf 90' lang='lat' dir='ltr'><em>pater</em></span> <span class='ocrx_word' id='word_1_245' title='bbox 981 3603 1104 3674; x_wconf 91' lang='lat' dir='ltr'><em>noster,</em></span> <span class='ocrx_word' id='word_1_246' title='bbox 1128 3598 1238 3662; x_wconf 84' lang='lat' dir='ltr'><em>Paule</em></span> <span class='ocrx_word' id='word_1_247' title='bbox 1254 3599 1415 3684; x_wconf 79' lang='lat' dir='ltr'><em>princeps</em></span> <span class='ocrx_word' id='word_1_248' title='bbox 1429 3604 1574 3684; x_wconf 90' lang='lat' dir='ltr'><em>patrum</em></span> <span class='ocrx_word' id='word_1_249' title='bbox 1590 3600 1720 3662; x_wconf 87' lang='lat' dir='ltr'><em>Romae</em></span> <span class='ocrx_word' id='word_1_250' title='bbox 1741 3597 1799 3662; x_wconf 84' lang='lat' dir='ltr'><em>cui</em></span> <span class='ocrx_word' id='word_1_251' title='bbox 1816 3620 1873 3661; x_wconf 87' lang='lat' dir='ltr'><em>sn·</em></span> 
     </span>
     <span class='ocr_line' id='line_1_28' title="bbox 541 3713 1873 3801; baseline -0.001 -25"><span class='ocrx_word' id='word_1_252' title='bbox 541 3714 728 3778; x_wconf 76' lang='lat' dir='ltr'><em>brieruutur</em></span> <span class='ocrx_word' id='word_1_253' title='bbox 756 3720 880 3801; x_wconf 90' lang='lat' dir='ltr'><em>septem</em></span> <span class='ocrx_word' id='word_1_254' title='bbox 915 3715 1024 3800; x_wconf 77' lang='lat' dir='ltr'><em>Reges</em></span> <span class='ocrx_word' id='word_1_255' title='bbox 1054 3713 1327 3780; x_wconf 74' lang='lat' dir='ltr'><em>christianorum.</em></span> <span class='ocrx_word' id='word_1_256' title='bbox 1358 3714 1501 3777; x_wconf 83' lang='lat' dir='ltr'><em>Eisdem</em></span> <span class='ocrx_word' id='word_1_257' title='bbox 1531 3735 1569 3778; x_wconf 91' lang='lat' dir='ltr'><em>se</em></span> <span class='ocrx_word' id='word_1_258' title='bbox 1599 3717 1690 3779; x_wconf 88' lang='lat' dir='ltr'><em>votis</em></span> <span class='ocrx_word' id='word_1_259' title='bbox 1720 3716 1873 3779; x_wconf 86' lang='lat' dir='ltr'><em>distineri</em></span> 
     </span>
     <span class='ocr_line' id='line_1_29' title="bbox 542 3829 1875 3914; baseline -0.003 -20"><span class='ocrx_word' id='word_1_260' title='bbox 542 3832 708 3912; x_wconf 86' lang='lat' dir='ltr'><em>patruelis</em></span> <span class='ocrx_word' id='word_1_261' title='bbox 730 3844 808 3894; x_wconf 92' lang='lat' dir='ltr'><em>tuus</em></span> <span class='ocrx_word' id='word_1_262' title='bbox 832 3831 1072 3914; x_wconf 81' lang='lat' dir='ltr'><em>Zadenguilius</em></span> <span class='ocrx_word' id='word_1_263' title='bbox 1095 3829 1254 3893; x_wconf 88' lang='lat' dir='ltr'><em>Pontifici</em></span> <span class='ocrx_word' id='word_1_264' title='bbox 1276 3831 1447 3894; x_wconf 81' lang='lat' dir='ltr'><em>Clementi</em></span> <span class='ocrx_word' id='word_1_265' title='bbox 1470 3829 1556 3893; x_wconf 89' lang='lat' dir='ltr'>VIII</span> <span class='ocrx_word' id='word_1_266' title='bbox 1579 3850 1640 3912; x_wconf 92' lang='lat' dir='ltr'><em>per</em></span> <span class='ocrx_word' id='word_1_267' title='bbox 1670 3831 1803 3894; x_wconf 81' lang='lat' dir='ltr'><em>litteras</em></span> <span class='ocrx_word' id='word_1_268' title='bbox 1827 3829 1875 3890; x_wconf 89' lang='lat' dir='ltr'><em>si·</em></span> 
     </span>
     <span class='ocr_line' id='line_1_30' title="bbox 543 3944 1876 4030; baseline -0.003 -21"><span class='ocrx_word' id='word_1_269' title='bbox 543 3946 729 4029; x_wconf 86' lang='lat' dir='ltr'><em>gnificavit,</em></span> <span class='ocrx_word' id='word_1_270' title='bbox 752 3949 813 4010; x_wconf 91' lang='lat' dir='ltr'><em>sed</em></span> <span class='ocrx_word' id='word_1_271' title='bbox 837 3946 1075 4030; x_wconf 86' lang='lat' dir='ltr'><em>indignissima</em></span> <span class='ocrx_word' id='word_1_272' title='bbox 1098 3947 1203 4008; x_wconf 89' lang='lat' dir='ltr'><em>caede</em></span> <span class='ocrx_word' id='word_1_273' title='bbox 1226 3948 1391 4019; x_wconf 89' lang='lat' dir='ltr'><em>sublatus,</em></span> <span class='ocrx_word' id='word_1_274' title='bbox 1415 3949 1544 4010; x_wconf 90' lang='lat' dir='ltr'><em>laboris</em></span> <span class='ocrx_word' id='word_1_275' title='bbox 1566 3946 1618 4010; x_wconf 89' lang='lat' dir='ltr'><em>sui</em></span> <span class='ocrx_word' id='word_1_276' title='bbox 1635 3944 1780 4009; x_wconf 86' lang='lat' dir='ltr'><em>fructum</em></span> <span class='ocrx_word' id='word_1_277' title='bbox 1800 3946 1876 4006; x_wconf 90' lang='lat' dir='ltr'><em>col-</em></span> 
     </span>
     <span class='ocr_line' id='line_1_31' title="bbox 544 4061 1876 4145; baseline -0.001 -22"><span class='ocrx_word' id='word_1_278' title='bbox 544 4064 650 4145; x_wconf 83' lang='lat' dir='ltr'><em>ligere</em></span> <span class='ocrx_word' id='word_1_279' title='bbox 674 4082 742 4125; x_wconf 90' lang='lat' dir='ltr'><em>non</em></span> <span class='ocrx_word' id='word_1_280' title='bbox 765 4064 885 4144; x_wconf 90' lang='lat' dir='ltr'><em>potuit.</em></span> <span class='ocrx_word' id='word_1_281' title='bbox 911 4062 1098 4144; x_wconf 87' lang='lat' dir='ltr'><em>Ipsammet</em></span> <span class='ocrx_word' id='word_1_282' title='bbox 1121 4062 1214 4126; x_wconf 90' lang='lat' dir='ltr'><em>viam</em></span> <span class='ocrx_word' id='word_1_283' title='bbox 1241 4065 1365 4126; x_wconf 89' lang='lat' dir='ltr'><em>institit</em></span> <span class='ocrx_word' id='word_1_284' title='bbox 1395 4062 1560 4127; x_wconf 81' lang='lat' dir='ltr'><em>Maiestas</em></span> <span class='ocrx_word' id='word_1_285' title='bbox 1590 4061 1724 4133; x_wconf 90' lang='lat' dir='ltr'><em>Vestra,</em></span> <span class='ocrx_word' id='word_1_286' title='bbox 1756 4071 1876 4142; x_wconf 87' lang='lat' dir='ltr'><em>poten·</em></span> 
     </span>
     <span class='ocr_line' id='line_1_32' title="bbox 543 4175 1878 4261; baseline -0.001 -21"><span class='ocrx_word' id='word_1_287' title='bbox 543 4179 674 4240; x_wconf 89' lang='lat' dir='ltr'><em>tissime</em></span> <span class='ocrx_word' id='word_1_288' title='bbox 700 4188 735 4241; x_wconf 86' lang='lat' dir='ltr'><em>et</em></span> <span class='ocrx_word' id='word_1_289' title='bbox 763 4178 961 4241; x_wconf 85' lang='lat' dir='ltr'><em>felicissime</em></span> <span class='ocrx_word' id='word_1_290' title='bbox 993 4178 1192 4261; x_wconf 84' lang='lat' dir='ltr'><em>Imperator,</em></span> <span class='ocrx_word' id='word_1_291' title='bbox 1222 4198 1291 4242; x_wconf 91' lang='lat' dir='ltr'><em>non</em></span> <span class='ocrx_word' id='word_1_292' title='bbox 1322 4180 1429 4242; x_wconf 90' lang='lat' dir='ltr'><em>semel</em></span> <span class='ocrx_word' id='word_1_293' title='bbox 1457 4199 1503 4241; x_wconf 85' lang='lat' dir='ltr'><em>ex</em></span> <span class='ocrx_word' id='word_1_294' title='bbox 1531 4189 1666 4261; x_wconf 82' lang='lat' dir='ltr'><em>patmm</em></span> <span class='ocrx_word' id='word_1_295' title='bbox 1689 4175 1878 4241; x_wconf 83' lang='lat' dir='ltr'><em>Societatis</em></span> 
     </span>
     <span class='ocr_line' id='line_1_33' title="bbox 543 4291 1879 4376; baseline 0.001 -21"><span class='ocrx_word' id='word_1_296' title='bbox 543 4291 621 4356; x_wconf 88' lang='lat' dir='ltr'><em>Iesu</em></span> <span class='ocrx_word' id='word_1_297' title='bbox 651 4294 795 4357; x_wconf 89' lang='lat' dir='ltr'><em>consilio</em></span> <span class='ocrx_word' id='word_1_298' title='bbox 826 4296 969 4376; x_wconf 88' lang='lat' dir='ltr'><em>(quibus,</em></span> <span class='ocrx_word' id='word_1_299' title='bbox 1000 4296 1186 4357; x_wconf 88' lang='lat' dir='ltr'><em>secundum</em></span> <span class='ocrx_word' id='word_1_300' title='bbox 1217 4296 1329 4358; x_wconf 90' lang='lat' dir='ltr'><em>Deum</em></span> <span class='ocrx_word' id='word_1_301' title='bbox 1354 4303 1388 4357; x_wconf 86' lang='lat' dir='ltr'><em>et</em></span> <span class='ocrx_word' id='word_1_302' title='bbox 1410 4295 1586 4357; x_wconf 86' lang='lat' dir='ltr'><em>ardentem</em></span> <span class='ocrx_word' id='word_1_303' title='bbox 1610 4293 1652 4356; x_wconf 93' lang='lat' dir='ltr'><em>V.</em></span> <span class='ocrx_word' id='word_1_304' title='bbox 1681 4293 1879 4356; x_wconf 87' lang='lat' dir='ltr'><em>Maiestatis</em></span> 
     </span>
     <span class='ocr_line' id='line_1_34' title="bbox 543 4409 1879 4492; baseline 0.001 -22"><span class='ocrx_word' id='word_1_305' title='bbox 543 4411 662 4480; x_wconf 90' lang='lat' dir='ltr'><em>zelum,</em></span> <span class='ocrx_word' id='word_1_306' title='bbox 686 4409 818 4489; x_wconf 86' lang='lat' dir='ltr'><em>primae</em></span> <span class='ocrx_word' id='word_1_307' title='bbox 840 4420 954 4490; x_wconf 87' lang='lat' dir='ltr'><em>partes</em></span> <span class='ocrx_word' id='word_1_308' title='bbox 970 4411 1139 4473; x_wconf 88' lang='lat' dir='ltr'><em>debentur</em></span> <span class='ocrx_word' id='word_1_309' title='bbox 1154 4412 1188 4473; x_wconf 88' lang='lat' dir='ltr'><em>iu</em></span> <span class='ocrx_word' id='word_1_310' title='bbox 1212 4410 1421 4492; x_wconf 88' lang='lat' dir='ltr'><em>Aethiopiae</em></span> <span class='ocrx_word' id='word_1_311' title='bbox 1441 4411 1485 4473; x_wconf 90' lang='lat' dir='ltr'><em>ad</em></span> <span class='ocrx_word' id='word_1_312' title='bbox 1511 4411 1628 4473; x_wconf 87' lang='lat' dir='ltr'><em>sedem</em></span> <span class='ocrx_word' id='word_1_313' title='bbox 1647 4410 1879 4491; x_wconf 87' lang='lat' dir='ltr'><em>apostolicam</em></span> 
     </span>
     <span class='ocr_line' id='line_1_35' title="bbox 544 4523 1878 4609; baseline -0.001 -22"><span class='ocrx_word' id='word_1_314' title='bbox 544 4526 783 4607; x_wconf 82' lang='lat' dir='ltr'><em>revocatione),</em></span> <span class='ocrx_word' id='word_1_315' title='bbox 807 4544 869 4607; x_wconf 88' lang='lat' dir='ltr'><em>per</em></span> <span class='ocrx_word' id='word_1_316' title='bbox 891 4527 1057 4606; x_wconf 87' lang='lat' dir='ltr'><em>epistolas</em></span> <span class='ocrx_word' id='word_1_317' title='bbox 1084 4545 1210 4609; x_wconf 85' lang='lat' dir='ltr'><em>urgens</em></span> <span class='ocrx_word' id='word_1_318' title='bbox 1243 4545 1420 4589; x_wconf 88' lang='lat' dir='ltr'><em>romanum</em></span> <span class='ocrx_word' id='word_1_319' title='bbox 1447 4523 1647 4606; x_wconf 88' lang='lat' dir='ltr'><em>pontificem</em></span> <span class='ocrx_word' id='word_1_320' title='bbox 1670 4525 1811 4587; x_wconf 89' lang='lat' dir='ltr'><em>Paulum</em></span> <span class='ocrx_word' id='word_1_321' title='bbox 1840 4523 1878 4585; x_wconf 87' lang='lat' dir='ltr'>V</span> 
     </span>
     <span class='ocr_line' id='line_1_36' title="bbox 544 4640 1883 4724; baseline -0.002 -20"><span class='ocrx_word' id='word_1_322' title='bbox 544 4653 579 4704; x_wconf 93' lang='lat' dir='ltr'><em>et</em></span> <span class='ocrx_word' id='word_1_323' title='bbox 605 4641 821 4705; x_wconf 86' lang='lat' dir='ltr'><em>Catholicum</em></span> <span class='ocrx_word' id='word_1_324' title='bbox 856 4641 992 4724; x_wconf 87' lang='lat' dir='ltr'><em>Regem</em></span> <span class='ocrx_word' id='word_1_325' title='bbox 1023 4641 1219 4705; x_wconf 88' lang='lat' dir='ltr'><em>Lusitaniae</em></span> <span class='ocrx_word' id='word_1_326' title='bbox 1249 4652 1286 4704; x_wconf 91' lang='lat' dir='ltr'><em>ut</em></span> <span class='ocrx_word' id='word_1_327' title='bbox 1316 4640 1552 4704; x_wconf 86' lang='lat' dir='ltr'><em>Patriarcham</em></span> <span class='ocrx_word' id='word_1_328' title='bbox 1586 4651 1621 4704; x_wconf 91' lang='lat' dir='ltr'><em>et</em></span> <span class='ocrx_word' id='word_1_329' title='bbox 1656 4640 1883 4722; x_wconf 85' lang='lat' dir='ltr'><em>evangelicos</em></span> 
     </span>
     <span class='ocr_line' id='line_1_37' title="bbox 546 4756 1385 4839; baseline -0.001 -20"><span class='ocrx_word' id='word_1_330' title='bbox 546 4759 799 4839; x_wconf 87' lang='lat' dir='ltr'><em>praedicatores</em></span> <span class='ocrx_word' id='word_1_331' title='bbox 822 4756 933 4819; x_wconf 88' lang='lat' dir='ltr'><em>isthuc</em></span> <span class='ocrx_word' id='word_1_332' title='bbox 957 4756 1160 4837; x_wconf 87' lang='lat' dir='ltr'><em>quantocius</em></span> <span class='ocrx_word' id='word_1_333' title='bbox 1183 4758 1385 4839; x_wconf 88' lang='lat' dir='ltr'><em>impelleret.</em></span> 
     </span>
     <span class='ocr_line' id='line_1_38' title="bbox 231 4872 1882 4955; baseline 0.004 -28"><span class='ocrx_word' id='word_1_334' title='bbox 231 4878 374 4929; x_wconf 75' lang='lat' dir='ltr'><em>solvenda</em></span> <span class='ocrx_word' id='word_1_335' title='bbox 396 4880 464 4930; x_wconf 78' lang='lat' dir='ltr'><em>edes</em></span> <span class='ocrx_word' id='word_1_336' title='bbox 486 4894 518 4930; x_wconf 86' lang='lat' dir='ltr'><em>o-</em></span> <span class='ocrx_word' id='word_1_337' title='bbox 636 4895 652 4953; x_wconf 82' lang='lat'>3</span> <span class='ocrx_word' id='word_1_338' title='bbox 658 4894 688 4951; x_wconf 81' lang='lat'><em>5.</em></span> <span class='ocrx_word' id='word_1_339' title='bbox 712 4872 818 4936; x_wconf 89' lang='lat' dir='ltr'><em>Venit</em></span> <span class='ocrx_word' id='word_1_340' title='bbox 841 4875 978 4936; x_wconf 89' lang='lat' dir='ltr'><em>tandem</em></span> <span class='ocrx_word' id='word_1_341' title='bbox 1008 4874 1102 4945; x_wconf 87' lang='lat' dir='ltr'><em>hora,</em></span> <span class='ocrx_word' id='word_1_342' title='bbox 1134 4874 1370 4955; x_wconf 89' lang='lat' dir='ltr'><em>potentissime</em></span> <span class='ocrx_word' id='word_1_343' title='bbox 1400 4872 1601 4955; x_wconf 90' lang='lat' dir='ltr'><em>Imperator,</em></span> <span class='ocrx_word' id='word_1_344' title='bbox 1632 4884 1667 4935; x_wconf 91' lang='lat' dir='ltr'><em>et</em></span> <span class='ocrx_word' id='word_1_345' title='bbox 1697 4890 1784 4933; x_wconf 89' lang='lat' dir='ltr'><em>nunc</em></span> <span class='ocrx_word' id='word_1_346' title='bbox 1809 4880 1882 4941; x_wconf 83' lang='lat' dir='ltr'><em>est,</em></span> 
     </span>
    </p>
   </div>
   <div class='ocr_carea' id='block_1_3' title="bbox 196 4948 1884 5072">
    <p class='ocr_par' dir='ltr' id='par_1_3' title="bbox 196 4948 1884 5072">
     <span class='ocr_line' id='line_1_39' title="bbox 197 4948 1882 5012; baseline 0.001 -14"><span class='ocrx_word' id='word_1_347' title='bbox 197 4948 248 4999; x_wconf 86' lang='lat' dir='ltr'><em>lim</em></span> <span class='ocrx_word' id='word_1_348' title='bbox 275 4950 408 5012; x_wconf 73' lang='lat' dir='ltr'><em>praesuta</em></span> <span class='ocrx_word' id='word_1_349' title='bbox 434 4950 518 5003; x_wconf 78' lang='lat' dir='ltr'><em>Lusi-</em></span> <span class='ocrx_word' id='word_1_350' title='bbox 766 4992 772 5003; x_wconf 87' lang='lat'><strong><em>.</em></strong></span> <span class='ocrx_word' id='word_1_351' title='bbox 1127 4991 1134 5002; x_wconf 87' lang='lat'>.</span> <span class='ocrx_word' id='word_1_352' title='bbox 1874 4989 1882 5000; x_wconf 91' lang='lat'><strong>.</strong></span> 
     </span>
     <span class='ocr_line' id='line_1_40' title="bbox 196 4986 1884 5072; baseline -0.002 -19"><span class='ocrx_word' id='word_1_353' title='bbox 196 5020 279 5070; x_wconf 57' lang='lat' dir='ltr'><em>ms„</em></span> <span class='ocrx_word' id='word_1_354' title='bbox 545 5012 612 5072; x_wconf 88' lang='lat' dir='ltr'><em>qua</em></span> <span class='ocrx_word' id='word_1_355' title='bbox 635 4989 677 5051; x_wconf 92' lang='lat' dir='ltr'><em>V.</em></span> <span class='ocrx_word' id='word_1_356' title='bbox 696 4990 867 5063; x_wconf 51' lang='lat' dir='ltr'><em>¹Maiestas</em></span> <span class='ocrx_word' id='word_1_357' title='bbox 890 5010 987 5052; x_wconf 89' lang='lat' dir='ltr'><em>suam</em></span> <span class='ocrx_word' id='word_1_358' title='bbox 1011 5000 1044 5052; x_wconf 91' lang='lat' dir='ltr'><em>et</em></span> <span class='ocrx_word' id='word_1_359' title='bbox 1068 5009 1234 5052; x_wconf 84' lang='lat' dir='ltr'><em>maiorum</em></span> <span class='ocrx_word' id='word_1_360' title='bbox 1258 5008 1395 5052; x_wconf 88' lang='lat' dir='ltr'><em>suorum</em></span> <span class='ocrx_word' id='word_1_361' title='bbox 1419 4986 1533 5061; x_wconf 86' lang='lat' dir='ltr'><em>fidem,</em></span> <span class='ocrx_word' id='word_1_362' title='bbox 1561 5008 1601 5051; x_wconf 84' lang='lat' dir='ltr'><em>ac</em></span> <span class='ocrx_word' id='word_1_363' title='bbox 1617 5008 1737 5051; x_wconf 90' lang='lat' dir='ltr'><em>manus</em></span> <span class='ocrx_word' id='word_1_364' title='bbox 1751 4987 1884 5050; x_wconf 82' lang='lat' dir='ltr'><em>trabali</em></span> 
     </span>
    </p>
   </div>
   <div class='ocr_carea' id='block_1_4' title="bbox 634 5124 1121 5191">
    <p class='ocr_par' dir='ltr' id='par_1_4' title="bbox 634 5124 1121 5191">
     <span class='ocr_line' id='line_1_41' title="bbox 634 5124 1121 5191; baseline 0.006 -19"><span class='ocrx_word' id='word_1_365' title='bbox 634 5124 673 5191; x_wconf 83' lang='lat'><em>(1)</em></span> <span class='ocrx_word' id='word_1_366' title='bbox 693 5127 775 5177; x_wconf 86' lang='lat' dir='ltr'><em>Ioan..</em></span> <span class='ocrx_word' id='word_1_367' title='bbox 796 5135 819 5184; x_wconf 80' lang='lat'><em>3,</em></span> <span class='ocrx_word' id='word_1_368' title='bbox 839 5141 863 5176; x_wconf 82' lang='lat' dir='ltr'><em>n.</em></span> <span class='ocrx_word' id='word_1_369' title='bbox 885 5137 908 5181; x_wconf 90' lang='lat'><em>2,</em></span> <span class='ocrx_word' id='word_1_370' title='bbox 928 5133 953 5173; x_wconf 86' lang='lat' dir='ltr'><em>et</em></span> <span class='ocrx_word' id='word_1_371' title='bbox 976 5136 1015 5191; x_wconf 85' lang='lat'><em>19,</em></span> <span class='ocrx_word' id='word_1_372' title='bbox 1033 5140 1058 5176; x_wconf 88' lang='lat' dir='ltr'><em>n.</em></span> <span class='ocrx_word' id='word_1_373' title='bbox 1079 5134 1121 5184; x_wconf 81' lang='grc'><em>39.</em></span> 
     </span>
    </p>
   </div>
   <div class='ocr_carea' id='block_1_5' title="bbox 0 0 2041 6178">
    <p class='ocr_par' dir='ltr' id='par_1_5' title="bbox 0 0 2041 6178">
     <span class='ocr_line' id='line_1_42' title="bbox 0 0 2041 6178; baseline 0 0"><span class='ocrx_word' id='word_1_374' title='bbox 0 0 2041 6178; x_wconf 95' lang='lat' dir='ltr'><em> </em></span> 
     </span>
    </p>
   </div>
  </div>
 </body>
</html>
