4066 6184
556 604 617 682 308
887 610 1161 665 exesururouts
1185 608 1446 663 aarnroetcne
1469 610 1548 664 erc.

553 763 657 827 melle
680 764 814 847 perlitis
836 762 982 845 excepit,
1006 772 1042 826 et
1065 781 1181 826 coram
1212 763 1296 844 ipsis
1319 771 1398 826 ante
1420 758 1549 825 Christi
1579 760 1675 844 ligno
1697 760 1795 824 affixi
1816 760 1879 825 effi

551 881 654 963 giem,
678 900 715 943 se
750 882 784 942 in
809 877 888 943 fidei
920 879 1111 942 catholicae
1142 879 1304 961 amplexu
1332 879 1439 941 vitam
1470 878 1648 941 ducturum
1679 887 1714 941 et
1737 878 1879 942 animam

552 1006 706 1060 acturum
730 996 947 1059 iureiurando
962 994 1158 1078 spopondit.
1186 993 1282 1057 Nulli
1298 993 1389 1057 enim
1406 995 1546 1077 pronius
1569 996 1682 1058 iurant
1706 1014 1810 1075 quam
1826 998 1879 1077 qui

552 1113 749 1194 peierand0,
776 1122 811 1175 et
837 1110 938 1175 fidem
966 1112 1130 1175 violando
1156 1120 1234 1175 sunt
1258 1111 1459 1193 paratiores.
1482 1109 1528 1174 Et
1552 1107 1721 1174 Collelam
1737 1124 1879 1193 praeter·

551 1249 698 1313 gressus,
723 1239 856 1312 patrem
880 1227 1098 1292 Franciscum
1123 1225 1320 1291 Carvalium
1345 1229 1548 1300 obsecravit,
1572 1237 1611 1291 ut
1632 1227 1697 1290 sibi
1722 1240 1879 1311 perpetuo

551 1347 704 1420 adessem
721 1347 814 1410 nolle
831 1347 922 1410 enim
938 1365 1098 1428 umquam
1115 1364 1231 1409 carere
1247 1355 1282 1408 et
1297 1365 1395 1409 sacro
1411 1355 1446 1408 et
1462 1345 1635 1408 concione.
1652 1344 1758 1407 Pater
1773 1354 1877 1407 tamen

552 1463 773 1527 emolumenti
786 1483 847 1545 spe
862 1464 1037 1546 deceptus,
1053 1462 1173 1534 labori,
1188 1463 1247 1544 qui
1263 1482 1331 1525 non
1347 1463 1501 1525 modicus
1512 1472 1595 1533 erat,
1608 1462 1770 1525 humeros
1781 1461 1879 1524 haud·

551 1599 721 1663 quaquam
745 1581 927 1644 subtraxit.

237 1696 321 1749 tutus
346 1706 375 1748 et
403 1697 524 1748 mectn-
640 1692 689 1775 *3.
707 1694 785 1758 Non
805 1715 882 1760 sero
897 1715 935 1759 se
950 1694 1102 1778 prodidit
1118 1696 1275 1778 protegis
1290 1704 1325 1758 et
1341 1695 1548 1758 asseclarum
1565 1694 1599 1756 in
1615 1713 1670 1757 res
1685 1694 1821 1757 divinas
1833 1705 1878 1758 te·
1901 1698 1976 1759 Utsu-

202 1788 284 1899 ἕξ..
293 1776 325 1826 ¹¹²
352 1775 435 1827 noem
453 1777 524 1842 '²¹²¹'
551 1811 687 1893 piditas,
701 1830 778 1874 cum
791 1811 927 1874 illorum
940 1810 1139 1894 paucissimi
1152 1811 1312 1894 liturgiae
1323 1821 1357 1873 et
1369 1812 1467 1873 verbi
1480 1812 1654 1874 doctrinae
1672 1813 1878 1874 interessent.

551 1924 621 1991 Sed
644 1946 721 1990 cum
745 1928 780 1990 in
804 1927 968 1990 ministris
990 1937 1024 1991 et
1048 1927 1211 1991 clientibs
1238 1928 1330 1990 bona
1356 1927 1506 2009 priorum
1537 1926 1698 1990 herorum
1725 1927 1880 2009 exempla

552 2044 747 2127 perdurent,
770 2055 807 2107 ut
830 2044 864 2106 in
888 2044 977 2107 lanis
991 2044 1085 2125 prior
1100 2042 1249 2106 tinctura
1270 2044 1327 2106 vel
1344 2042 1548 2117 suffimenta,
1564 2044 1702 2107 illorum
1727 2042 1880 2127 frequens

551 2171 624 2224 erat
648 2161 691 2224 ad
715 2180 814 2224 sacra
837 2179 1030 2232 concursus,
1047 2161 1105 2244 qui
1128 2158 1276 2223 Inaches
1290 2160 1501 2233 dicebantur,
1525 2171 1560 2224 et
1576 2161 1698 2224 ducem
1714 2161 1880 2225 habebant

551 2277 779 2361 Asgaderem,
804 2278 879 2341 sive
901 2276 1152 2349 Alexandrum,
1176 2296 1263 2360 quos
1294 2276 1369 2340 Ras
1400 2274 1480 2340 Sela
1502 2274 1657 2341 Christos
1679 2298 1762 2341 suae
1785 2279 1880 2341 disci·

550 2394 665 2477 plinae
677 2404 711 2458 et
724 2395 875 2456 moribus
886 2390 1082 2461 assuefecit.
1099 2391 1216 2455 Nilum
1233 2412 1350 2456 versus
1362 2393 1406 2456 ad
1422 2391 1587 2475 Gojamae
1599 2392 1748 2457 confinia
1760 2413 1881 2476 prorex

550 2511 706 2583 tetendit,
742 2520 776 2573 et
812 2509 947 2594 magnis
977 2529 1017 2572 ac
1042 2498 1132 2572 bene
1163 2510 1328 2572 institutis
1358 2511 1467 2592 copiis
1490 2530 1527 2574 se
1557 2512 1721 2593 stipatum
1756 2512 1879 2581 videns,

549 2627 730 2709 sciensque
753 2623 872 2690 Galles
895 2626 986 2689 ultra
1002 2625 1099 2689 illum
1114 2643 1158 2688 eo
1174 2626 1251 2689 loco
1267 2628 1464 2699 consistere,
1480 2647 1548 2709 quo
1564 2629 1593 2690 si
1608 2626 1694 2710 ipsis
1708 2629 1880 2711 repentino

550 2763 690 2806 accessu
714 2744 895 2807 assultaret
922 2751 956 2805 et
983 2741 1163 2805 victoriam
1191 2762 1400 2824 comparare,
1423 2752 1457 2806 et
1483 2762 1643 2827 magnam
1662 2745 1768 2807 boum
1789 2764 1881 2828 prae·

551 2860 630 2923 dam
655 2860 793 2943 abigere
815 2868 943 2941 posset,
967 2855 1091 2922 flumen
1116 2859 1278 2921 audacter
1300 2859 1438 2923 traiecit
1466 2870 1501 2923 et
1531 2860 1664 2924 hostem
1692 2880 1879 2945 aggressus,

550 2996 613 3039 nec
636 2977 802 3039 victoriae
825 2974 962 3038 laudem
985 2994 1048 3038 uec
1071 2984 1191 3058 optata
1214 2985 1370 3039 armenta
1393 2978 1590 3058 reportavit.
1614 2975 1738 3041 Gallae
1761 2979 1880 3042 etenim

511 3154 513 3158 ,
549 3093 658 3155 boves
670 3102 749 3155 ante
758 3111 795 3154 se
807 3101 959 3174 agentes,
972 3100 1006 3153 et
1018 3093 1128 3155 versis
1140 3092 1174 3154 in
1187 3093 1279 3155 lente
1291 3102 1536 3174 persequentes
1546 3093 1730 3158 hastilibus
1740 3105 1880 3165 tuentes,

442 3254 448 3262 .
551 3227 620 3282 eos,
644 3228 706 3271 nec
729 3218 844 3272 tamen
868 3209 1005 3280 multos,
1029 3228 1050 3270 a
1072 3227 1109 3271 se
1132 3209 1326 3291 pungendis
1341 3218 1376 3272 et
1398 3209 1679 3283 vulnerandis,‘in
1696 3211 1818 3273 vilium
1834 3221 1881 3273 tu·

548 3327 723 3409 guriorum
740 3325 969 3407 direptionem
986 3334 1193 3389 averterunt.
1217 3326 1353 3389 Bellum
1370 3325 1461 3389 enim
1477 3335 1536 3389 aut
1554 3346 1622 3389 non
1638 3326 1881 3399 intentandum,

550 3452 608 3505 aut
632 3443 661 3505 si
685 3443 791 3505 semel
815 3443 1018 3504 intentatum
1043 3451 1106 3513 est,
1130 3439 1265 3505 fortiter
1287 3444 1571 3525 prosequendum.
1593 3441 1642 3505 Hi
1658 3462 1743 3526 ergo
1760 3443 1883 3506 milites

550 3559 715 3621 instreuui
740 3577 803 3620 nec
824 3556 989 3620 honorem
1021 3558 1066 3620 ab
1096 3557 1161 3620 hac
1184 3559 1405 3641 expeditione
1425 3561 1622 3631 retulerunt,
1651 3581 1715 3625 nec
1738 3562 1883 3624 bubulae

552 3671 678 3737 famem
702 3674 875 3746 sedarunt,
899 3674 959 3737 sed
984 3673 1131 3757 amplius
1155 3684 1333 3738 auxerunt.

236 3799 392 3850 centena
424 3800 522 3850 boum
639 3811 669 3869 4.
690 3789 747 3852 Illi
770 3799 886 3852 tamen
909 3789 1086 3853 satiandae
1109 3802 1302 3874 opportuna
1317 3789 1382 3855 suit
1398 3791 1618 3874 Imperatoris
1635 3793 1750 3864 iussio,
1771 3782 1882 3874 prore·

201 3869 344 4005 2232ss
374 3872 522 3922 mmm
549 3906 651 3990 gibus
674 3904 840 3987 Gojamae
860 3917 894 3969 et
912 3906 1098 3969 Damotum
1114 3907 1356 3989 praecipientis
1372 3919 1408 3971 ut
1432 3928 1509 3972 cum
1526 3908 1726 3972 Zamariano
1742 3909 1881 3971 militiae

551 4043 631 4086 suae
655 4022 832 4105 praefecto
855 4044 896 4086 ea
919 4026 1038 4087 instita
1060 4044 1147 4107 quae
1170 4026 1280 4107 tangit
1297 4022 1496 4107 Gongarum
1520 4024 1614 4098 fines,
1635 4025 1753 4088 Nilum
1777 4035 1882 4089 trans·

549 4139 732 4211 mitterent,
757 4149 791 4203 et
813 4150 1019 4203 mercatores
1053 4160 1097 4203 ex
1122 4140 1256 4203 Naraea
1283 4141 1467 4204 redeuntes
1490 4151 1524 4204 et
1547 4154 1696 4205 an'nuum
1719 4141 1881 4205 tributum

549 4257 615 4319 sibi
650 4254 838 4318 referentes
868 4257 938 4318 suis
968 4256 1079 4338 copiis
1111 4266 1315 4329 tutarentur,
1346 4258 1438 4340 quod
1469 4257 1564 4321 mille
1594 4267 1727 4321 tantum
1757 4278 1882 4341 oqueas

551 4372 624 4433 sive
648 4373 765 4435 uncias
789 4373 949 4445 continet,
974 4374 1061 4435 idest
1084 4374 1202 4436 decem
1220 4373 1330 4436 millia
1346 4393 1569 4436 nummorum.
1594 4373 1707 4437 Tanta
1728 4393 1812 4439 vero
1836 4384 1882 4437 est

450 4472 453 4476 ¹
512 4558 515 4563 g
550 4485 759 4570 Aethiopiae
789 4489 946 4560 tenuitas
971 4497 1008 4550 ut
1038 4488 1103 4550 hae
1126 4509 1279 4552 summae
1304 4489 1445 4553 divitiae
1468 4498 1718 4572 computentur.
1749 4490 1790 4554 In
1820 4490 1881 4553 hoc

550 4601 671 4665 itinere
694 4623 819 4686 prorex
843 4601 1059 4686 Gojamensis
1082 4602 1116 4666 in
1140 4602 1302 4668 Gafatum
1327 4607 1503 4688 regionem
1522 4604 1627 4680 venit,
1651 4608 1710 4670 ubi
1735 4606 1770 4670 in
1793 4626 1881 4670 com·

550 4720 643 4780 muni
667 4738 759 4799 agro,
785 4722 819 4781 in
840 4721 1097 4783 admirationem
1128 4721 1280 4793 herbido,
1305 4722 1455 4803 ipsorum
1478 4732 1512 4786 et
1528 4721 1715 4786 Damotum
1732 4734 1882 4787 armenta

551 4835 864 4914 compescebantur.
888 4834 1030 4900 Exarsit
1046 4857 1087 4900 eo
1104 4848 1244 4920 aspectu
1267 4838 1360 4900 illius
1377 4835 1495 4911 fames,
1520 4847 1556 4901 et
1571 4848 1732 4903 causatus
1748 4840 1882 4903 illorum

550 4950 707 5013 dominos
730 4960 818 5015 stata
843 4953 1044 5037 Imperatori
1072 4955 1145 5019 iura
1168 4975 1236 5018 non
1266 4956 1413 5029 solvere,
1437 4976 1514 5019 cum
1545 4976 1607 5018 nec
1638 4976 1757 5020 eorum
1783 4957 1882 5020 iudex

549 5078 639 5131 esset
662 5067 752 5151 (cum
776 5070 958 5133 Damotum
982 5071 1118 5153 proregi
1141 5073 1377 5145 subderentur,
1406 5091 1479 5147 nec,
1502 5073 1531 5134 si
1558 5082 1661 5145 esset,
1685 5092 1806 5137 eorum
1828 5075 1881 5135 de·

546 5182 739 5251 'sensionem
763 5188 927 5273 audierit),
952 5192 1021 5255 suis
1041 5192 1215 5274 praecepit
1236 5203 1272 5254 ut
1289 5195 1323 5255 in
1339 5194 1448 5257 boves
1466 5194 1639 5265 irruerent,
1656 5202 1691 5255 et
1718 5200 1882 5275 quotquot
