4066 6174
558 633 888 693 L1sER11,cn1>ur
912 634 1055 685 xxv111.
1416 641 1474 701 35¹

140 779 285 843 liberum
317 782 503 845 rusticanis
533 783 725 865 ingressum
756 782 950 863 permisere.
982 780 1022 844 In
1047 783 1161 845 varias
1192 792 1305 864 partes
1328 783 1479 846 animum

139 914 264 978 prorex
289 897 514 970 distrahebat,
540 898 610 971 sed,
635 917 711 960 cum
736 917 874 960 suorum
899 896 1018 981 fugam
1041 899 1162 961 sistere
1185 918 1253 962 non
1277 909 1404 980 posset,
1425 900 1479 962 bis

139 1031 159 1073 a
180 1010 258 1075 Res
282 1012 450 1076 auxilium
474 1014 640 1095 poposcit,
665 1015 757 1095 quod
780 1014 840 1076 ille
863 1033 966 1094 quam
992 1015 1187 1077 maturrime
1211 1014 1385 1096 impertiit.
1409 1012 1478 1078 Sed

139 1148 215 1191 cum
239 1149 313 1192 nox
335 1149 441 1192 caeca
462 1140 553 1193 esset
576 1139 610 1192 et
633 1127 761 1212 frigore
785 1148 824 1192 ac
848 1130 960 1192 ventis
982 1128 1130 1201 horrida,
1155 1131 1279 1193 ducum
1307 1131 1400 1193 iussa
1415 1150 1477 1193 nec

138 1255 322 1327 properato
351 1265 414 1308 nec
443 1255 565 1309 exacte
596 1246 836 1328 implebantur.
869 1245 1039 1328 Proregis¹
1061 1246 1234 1309 exercitus
1264 1246 1478 1309 debilitatem

137 1361 253 1424 hostes
288 1362 434 1443 experti,
458 1381 536 1425 eum
564 1361 645 1423 illuc
678 1362 857 1424 addensati
886 1371 1119 1443 perruperunt,
1144 1371 1179 1425 et
1203 1371 1314 1425 castra
1345 1361 1477 1425 insede·

138 1487 225 1549 runt,
248 1478 436 1558 pluresque
459 1479 550 1540 caesi
573 1487 697 1547 essent,
721 1478 751 1539 si
766 1477 948 1539 rusticanis
963 1496 1045 1540 cura
1060 1488 1152 1540 esset
1167 1478 1249 1540 illos
1265 1478 1476 1558 insequendi,

136 1593 197 1655 sed
221 1601 332 1655 totam
356 1594 391 1656 in
407 1594 530 1655 castris
546 1593 746 1674 diripiendis
761 1603 954 1674 posuerunt,
972 1595 1120 1657 tentoria
1136 1595 1170 1655 in
1187 1593 1285 1674 plura
1300 1604 1478 1677 segmenta

136 1709 344 1781 dividentes,
369 1709 477 1791 iisque
500 1728 537 1772 se
560 1718 792 1792 contegentes,
816 1728 892 1771 cum
917 1728 1037 1771 omnes
1060 1710 1151 1772 nudo
1171 1729 1258 1791 pene
1274 1719 1388 1772 essent
1403 1727 1477 1771 cor·

136 1843 228 1906 pore,
253 1834 289 1887 et
314 1826 434 1888 bubuli
457 1834 590 1887 tantum
614 1825 699 1887 corii
725 1823 925 1907 fragmentis
945 1835 1002 1888 aut
1029 1824 1178 1906 caprinis
1204 1825 1261 1888 vel
1277 1825 1389 1888 ovinis
1404 1826 1477 1907 pel-

137 1941 226 2004 libus
249 1942 392 2004 obtecti.
416 1939 569 2023 Corpora
591 1960 725 2022 quoque
749 1941 848 2003 multi
872 1942 953 2025 igne
980 1939 1138 2004 foventes
1168 1941 1338 2003 evadendi
1363 1943 1475 2004 locum

135 2058 237 2120 victis
260 2058 407 2131 dedere;
431 2076 517 2138 quos
540 2056 628 2120 inter
650 2074 778 2138 prorex
800 2056 981 2119 incolumis
1004 2058 1162 2129 excessit,
1188 2076 1264 2119 cum
1289 2057 1322 2119 in
1342 2058 1475 2138 proelio

136 2173 220 2236 nihil
245 2193 310 2236 suo
334 2174 467 2236 muneri
491 2174 546 2236 vel
571 2173 701 2235 nomini
724 2171 899 2236 defuisset.

223 2287 274 2354 *8.
300 2289 368 2353 His
391 2291 518 2352 nuntiis
541 2290 585 2353 ad
610 2289 685 2353 Ras
708 2299 819 2353 castra
842 2290 993 2371 perlatis,
1014 2310 1134 2353 omnes
1150 2289 1232 2364 fere,
1250 2292 1474 2373 intempestae
1538 2306 1595 2355 Ru
1612 2304 1718 2356 milites
1738 2314 1825 2355 noctu

134 2409 244 2469 noctis
280 2407 419 2470 silentio
443 2415 476 2469 et
500 2406 650 2469 tenebris
673 2407 830 2469 ruborem
854 2406 1060 2480 velantibus,
1089 2408 1191 2469 tacite
1223 2417 1300 2470 sunt
1332 2408 1472 2489 egressi.
1501 2374 1825 2500 fflfflffil‘b‘fibffi

132 2522 346 2605 Perplexum
370 2542 407 2586 se
429 2524 503 2604 ipse
526 2532 560 2585 et
583 2523 718 2586 consilii
742 2521 898 2605 indigum
922 2524 1062 2585 invenit.
1092 2520 1159 2586 Cor
1187 2521 1307 2606 fugere
1323 2524 1475 2597 vetabat,
1501 2531 1556 2570 ¹¹¹¹·

131 2640 213 2722 quia
236 2640 273 2701 in
300 2639 395 2702 nullo
418 2659 578 2721 umquam
602 2639 733 2721 proelio
756 2658 852 2702 suam
875 2637 1003 2702 famam
1019 2658 1061 2701 eo
1077 2641 1243 2703 dedecore
1266 2641 1474 2703 contamina·

134 2764 238 2819 verat.
264 2753 317 2818 Ut
339 2765 517 2838 pugnaret,
541 2755 636 2818 solus
658 2764 742 2818 erat.
766 2752 858 2836 Quid
885 2774 968 2838 ergo
999 2757 1168 2839 agendum
1199 2756 1274 2818 viro
1306 2754 1410 2819 forti?
1434 2756 1475 2820 In

131 2881 312 2935 consertos
334 2870 461 2944 hostes,
485 2890 572 2952 equo
596 2870 726 2954 agitato
750 2890 787 2934 se
811 2872 993 2934 immittere
1019 2872 1223 2935 destinabat.
1249 2871 1328 2934 Hoc
1358 2882 1474 2936 tamen

131 2988 250 3051 illunis
275 2988 388 3051 noctis
410 2988 572 3050 tenebrae
606 2989 789 3070 negabant,
813 3007 890 3049 cum
913 3006 981 3069 quo
1005 2988 1072 3050 sibi
1100 2988 1247 3051 eundum
1279 2999 1371 3052 esset
1407 3009 1473 3052 non

131 3104 279 3177 videret,
304 3113 339 3166 et
362 3122 501 3166 suorum
524 3104 699 3185 praecipui
724 3103 821 3165 illum
845 3103 978 3166 abhoc
1006 3103 1198 3167 inconsulto
1229 3115 1263 3166 et
1294 3106 1474 3168 temerario

130 3240 215 3284 ausu
238 3221 475 3291 demoverunt,
500 3229 691 3282 asserentes
715 3218 826 3300 ipsum
850 3228 930 3282 tunc
955 3219 1084 3282 victum
1101 3239 1169 3282 non
1185 3217 1291 3282 fuisse
1307 3220 1378 3292 sed,
1394 3220 1474 3284 illos

128 3337 187 3419 qui
212 3337 329 3418 ipsum
353 3355 399 3398 ex
422 3335 610 3398 invidentia
633 3335 669 3397 in
691 3334 881 3417 periculum
909 3336 1110 3399 inevitabile
1141 3336 1378 3410 coniecerunt;
1411 3356 1474 3400 nec

131 3472 152 3514 a
175 3452 349 3516 militibus
372 3452 544 3515 desertum
567 3470 669 3533 posse
692 3452 847 3525 vincere;
879 3470 1001 3514 sanum
1024 3470 1107 3535 ergo
1131 3471 1205 3514 esse
1228 3470 1291 3534 pro
1323 3462 1475 3535 tempore

130 3569 326 3632 discrimini
349 3587 386 3631 se
410 3568 609 3631 subtrahere
630 3577 664 3630 et
691 3587 817 3630 novum
841 3567 988 3631 militum
1012 3569 1183 3631 delectum
1208 3566 1320 3632 facere
1343 3570 1386 3633 ad
1403 3588 1473 3633 cer·

129 3694 248 3747 tamen
286 3703 363 3746 cum
398 3683 496 3747 hoste
530 3683 687 3746 consulto
721 3684 987 3746 instaurandum.
1023 3683 1202 3767 Equestris
1225 3685 1330 3768 igitur
1353 3696 1473 3757 turma,

128 3801 229 3863 illum
254 3798 409 3863 medium
429 3819 614 3873 assumens,
631 3799 785 3861 eamdem
814 3800 906 3862 viam
935 3819 1100 3872 remensa,
1117 3820 1218 3881 quam
1235 3802 1346 3882 pridie
1363 3799 1474 3864 fuerat

130 3935 286 3988 emensa,
309 3915 429 3996 procul
453 3936 473 3979 a
495 3915 654 3979 Bellezae
684 3917 856 3980 montibus
887 3916 942 3978 die
973 3915 1193 3979 Pentecostes
1223 3918 1332 3980 solem
1364 3918 1474 3979 orien-

124 4004 201 4096 tem
226 4030 367 4113 aspexit
391 4042 424 4095 et
448 4032 528 4094 inde
551 4033 713 4096 maximis
737 4032 917 4096 itineribus
941 4033 1151 4094 contendens
1177 4032 1282 4095 biduo
1305 4030 1474 4115 Serquam

128 4147 252 4220 tenuit,
278 4147 369 4228 quod
393 4118 469 4211 iias
485 4150 609 4212 stabile
626 4159 698 4212 erat
713 4148 975 4230 receptaculum.
994 4146 1139 4231 Propius
1155 4158 1268 4211 autem
1285 4168 1351 4210 non
1369 4150 1472 4221 stetit,

127 4274 201 4327 tum
227 4263 313 4346 quia
339 4263 454 4326 nullus
481 4264 524 4326 ad
555 4283 631 4327 eum
664 4264 810 4327 militum
843 4264 969 4345 globus
999 4264 1152 4334 accessit,
1184 4283 1205 4324 a
1235 4283 1304 4345 quo
1335 4261 1473 4327 defendi

129 4390 260 4463 posset,
286 4389 360 4442 tum
383 4381 464 4462 quia
486 4380 579 4443 domi
603 4399 684 4443 suae
707 4381 881 4462 podagrae
909 4379 1070 4443 medicari
1094 4398 1180 4461 opus
1207 4389 1297 4453 erat;
1329 4381 1364 4442 in
1396 4399 1473 4461 qua,

128 4497 211 4561 licet
235 4496 326 4560 nihil
349 4516 514 4569 escarum,
538 4498 716 4579 potionum
739 4508 772 4560 et
796 4499 993 4561 unctionum
1013 4497 1272 4568 desideraretur,
1289 4515 1349 4578 per
1374 4498 1472 4577 quin·

129 4614 244 4678 decim
271 4614 347 4676 dies
370 4613 542 4686 decubuit,
565 4614 646 4695 quin
669 4614 735 4676 huc
759 4615 816 4677 vel
840 4615 922 4677 illuc
945 4615 1077 4675 moveri
1109 4622 1235 4695 posset,
1267 4612 1332 4676 nisi
1357 4633 1377 4675 a
1401 4614 1472 4676 suis

127 4731 246 4813 pueris
272 4729 417 4792 adiutus.

221 4868 253 4927 9.
279 4842 367 4908 Cum
391 4843 468 4908 Ras
487 4844 552 4908 iter
567 4864 750 4928 aggressus
766 4855 826 4918 est,
843 4846 1018 4927 paululum
1036 4846 1080 4908 ab
1096 4845 1167 4918 illo,
1184 4846 1266 4908 data
1281 4844 1471 4918 occasione,

127 4985 160 5045 p.
187 4962 339 5025 ioannes
361 4962 557 5035 diverterat,
580 4964 663 5044 quin
687 4963 809 5025 eodem
832 4965 995 5045 temporis
1019 4964 1162 5026 articulo
1186 4973 1219 5026 et
1235 4963 1356 5024 itinere
1372 4963 1471 5045 gradi

127 5088 257 5161 posset.
283 5075 379 5140 Deus
401 5086 515 5140 tamen
539 5078 637 5140 illum
657 5077 804 5141 intanta
830 5097 941 5142 rerum
958 5077 1159 5142 confusione
1174 5089 1209 5141 et
1224 5077 1375 5141 hostium
1392 5097 1471 5140 con·

129 5194 336 5278 globatione
358 5193 519 5258 servavit.
545 5192 583 5255 In
608 5213 734 5275 equum
758 5193 848 5257 enim
873 5196 1037 5265 insiliens,
1061 5206 1095 5258 et
1119 5196 1164 5258 ab
1187 5197 1313 5278 angelo
1329 5195 1471 5257 custode
