4066 6184
550 612 666 661 maen
688 612 730 672 11,
754 611 879 662 cneus
902 612 1014 663 xxiv.
1385 619 1450 679 3²3

112 754 359 821 sublimiorum
382 756 531 842 fastigiis
554 759 714 841 imposita
740 760 948 833 visebantur,
980 779 1221 843 necessumque
1253 769 1326 824 erat
1357 760 1452 824 festi-

112 881 192 934 nate
216 875 449 939 conscendere
465 895 507 938 ne
531 874 711 937 molarium
727 884 761 938 et
776 892 938 937 saxorum
954 874 1111 937 coniectu
1127 874 1357 937 obruerentur.
1383 874 1452 937 Hic

110 1006 143 1069 p.
168 986 378 1054 Franciscus
401 991 531 1074 aliquot
555 1009 728 1054 sacrorum
751 992 787 1053 in
810 989 1037 1053 Beatissimae
1064 988 1220 1073 Virginis
1252 999 1287 1054 et
1317 1000 1451 1054 sancto·

110 1121 187 1166 rum
210 1105 449 1187 apostolorum
471 1106 565 1169 Petri
588 1116 622 1169 et
645 1105 745 1168 Pauli
767 1104 931 1168 honorem
955 1103 1163 1168 litandorum
1187 1115 1268 1168 voto
1292 1126 1329 1169 se
1356 1108 1450 1169 dam·

110 1219 219 1293 navit,
246 1231 282 1284 et
304 1221 471 1304 Princeps
493 1241 574 1285 suos
597 1222 791 1303 manipulos
814 1221 849 1282 in
872 1221 956 1283 duas
979 1222 1070 1282 acies
1093 1221 1271 1304 colligens,
1295 1221 1450 1285 hortatus

110 1346 163 1398 est
187 1346 227 1399 ut
252 1356 385 1400 sursum
409 1335 555 1400 infracto
578 1338 693 1399 animo
720 1337 977 1400 contenderent.
1002 1333 1077 1417 Qua
1101 1337 1324 1418 impressione
1348 1335 1450 1400 fracti

110 1452 272 1515 montani
295 1451 413 1535 fugam
436 1454 661 1535 arripuerunt.
685 1451 731 1515 Et
762 1454 812 1515 ita
841 1453 952 1515 minus
982 1452 1116 1515 sudoris
1147 1462 1181 1515 et
1212 1451 1387 1535 sanguinis
1414 1454 1447 1515 in

108 1564 176 1629 hoc
199 1566 300 1631 aditu
322 1567 565 1651 perfringenda
588 1587 690 1651 quam
715 1569 750 1630 in
774 1568 939 1650 superiori
963 1565 1119 1632 effusum.

204 1700 235 1760 5.
260 1681 396 1747 Tertius
418 1685 454 1747 in
477 1694 658 1766 prospectu
681 1685 813 1766 positus
836 1685 1000 1746 maiorem
1023 1683 1197 1747 horrorem
1215 1682 1390 1757 inferebat,
1407 1704 1448 1748 eo
1510 1692 1544 1740 in
1562 1689 1654 1747 tenio,
1675 1700 1799 1754 quaety-

109 1798 206 1879 quod
231 1799 378 1863 erectior
400 1809 489 1863 esset
513 1809 548 1862 et
571 1799 670 1863 callis
693 1801 737 1862 ad
760 1818 939 1862 ascensum
962 1801 1177 1882 praeruptior
1200 1810 1233 1863 et
1261 1802 1446 1883 angustior.
1475 1760 1732 1883 ffifflnffi'
1746 1760 1800 1812 '¹¹¹'

110 1911 182 1976 Hic
206 1925 325 1979 tamen
349 1936 370 1979 a
392 1915 562 1998 Principis
584 1915 750 1978 militibus
774 1915 887 1977 minus
909 1915 1111 1987 laboratum,
1134 1934 1175 1977 eo
1197 1917 1289 1998 quod
1305 1915 1449 1978 Inaches

109 2040 146 2094 et
169 2031 330 2096 Lusitani
353 2032 450 2095 illum
467 2033 535 2095 iam
551 2032 750 2114 expeditum
767 2031 995 2103 reddiderant,
1012 2033 1070 2114 qui
1088 2031 1230 2094 vallium
1246 2031 1450 2095 diverticula

109 2155 145 2210 et
169 2158 351 2212 aestuosos
373 2149 529 2211 tramites
551 2148 767 2230 preter-vecti,
792 2156 825 2209 et
852 2147 949 2208 avias
979 2145 1125 2209 saltuum
1156 2147 1295 2209 semitas
1325 2146 1449 2219 rimati,

111 2265 299 2337 montanis,
327 2266 384 2347 qui
408 2265 585 2327 cacumina
614 2264 827 2334 obsidebant,
860 2259 989 2344 fugatis
1021 2271 1064 2334 et,
1088 2263 1117 2323 si
1144 2261 1203 2344 qui
1234 2260 1450 2334 obsisterent,

110 2379 314 2463 peremptis,
338 2381 374 2443 in
397 2379 554 2443 altiorem
578 2388 729 2442 montem
753 2386 940 2450 evaserant,
965 2386 1000 2439 et
1023 2378 1109 2440 satis
1136 2387 1256 2440 tenues
1288 2377 1395 2459 ipsius
1418 2387 1451 2440 et

111 2500 315 2578 sequacium
349 2516 462 2580 gazas,
496 2505 671 2578 tympana,
707 2496 837 2579 galeas,
873 2494 1008 2566 loricas,
1039 2491 1172 2556 fistulas
1203 2494 1452 2566 tormentarias,

28 2629 84 2682 153.
111 2612 275 2684 tentoria,
299 2613 416 2683 boves,
441 2621 475 2674 et
499 2611 609 2675 mulas
632 2610 853 2693 diripuerunt,
882 2619 915 2672 et
946 2609 990 2671 ad
1021 2609 1132 2690 ipsum
1160 2605 1317 2690 ty*ranni
1340 2609 1452 2672 cubile

112 2724 148 2790 in
173 2746 293 2810 parvo,
318 2729 378 2790 sed
402 2726 484 2790 forti
507 2738 541 2791 et
565 2727 676 2790 adhuc
697 2723 888 2789 sublimiori
906 2734 1021 2787 monte
1037 2725 1072 2786 in
1089 2724 1259 2787 modicam
1276 2724 1453 2806 planitiem

112 2853 348 2923 procurrente,
372 2844 474 2907 situm
499 2853 533 2907 et
556 2854 730 2926 tamquam
754 2843 907 2904 nidulum
931 2842 1028 2903 saxis
1047 2839 1187 2903 affixum
1215 2850 1452 2922 pervenerunt,

113 2957 297 3040 ipsumque
313 2960 450 3031 lectum,
470 2961 529 3042 qui
552 2959 663 3021 eidem
686 2968 757 3021 erat
781 2976 843 3039 pro
863 2957 960 3030 solio,
982 2956 1220 3019 Lusitanorum
1238 2956 1316 3018 duci
1332 2959 1453 3021 sortito

113 3075 326 3150 tribuerunt;
350 3086 483 3139 etcum
507 3078 625 3139 decem
649 3084 781 3137 tanturn
808 3073 980 3156 equitibus
1012 3071 1201 3153 fugientem
1234 3072 1454 3155 comprehen-

114 3189 197 3253 dere
228 3199 380 3272 possent,
411 3192 478 3254 nisi
508 3211 568 3254 eos
597 3192 701 3253 boum
732 3189 879 3271 direptio
909 3189 1085 3251 tenuisset.
1121 3185 1174 3250 En
1211 3196 1248 3250 ut
1283 3187 1453 3249 interdum

114 3322 230 3389 egena
260 3306 430 3388 cupiditas
461 3316 495 3370 et
525 3307 606 3369 vilis
636 3307 764 3387 praeda
799 3304 939 3368 maioris
972 3303 1144 3366 commodi
1175 3313 1209 3366 et
1243 3303 1374 3386 gloriae
1409 3305 1452 3366 sit

114 3421 331 3502 praedatrix.
1234 3432 1237 3436 '

208 3540 239 3601 6.
263 3535 334 3601 Hic
362 3537 445 3601 mihi
479 3538 702 3601 monticulum
734 3538 847 3609 istum,
879 3537 1062 3600 secundam
1086 3533 1295 3616 Aethiopiae
1322 3536 1451 3597 curiam
1513 3545 1547 3594 ln
1568 3545 1733 3609 Aethiopiae
1758 3558 1798 3598 ne-

114 3650 199 3734 (qua
221 3654 331 3734 prima
354 3672 422 3716 non
446 3662 498 3716 est
521 3653 629 3716 multo
657 3653 846 3736 angustior)
876 3660 912 3714 et
941 3661 1049 3714 totam
1081 3659 1253 3713 tantorum
1283 3649 1451 3713 bellorum
1478 3615 1796 3669 ”ui““m⁹¹⁰¹⁸¹²¹⁸⁸¹⁰'

114 3787 267 3840 causam,
292 3769 532 3842 consideranti,
556 3789 632 3832 cum
656 3770 805 3851 quodam
828 3767 1022 3831 universam
1045 3776 1169 3829 terram
1193 3775 1355 3847 punctum
1375 3786 1451 3829 esse

113 3886 351 3966 perpendente
385 3884 470 3949 libet
499 3887 617 3966 paucis
646 3884 817 3967 aliquibus
846 3882 992 3965 syllabis
1022 3883 1209 3945 immutatis
1239 3881 1450 3944 exclamare:

114 3998 216 4062 Haec
237 4003 289 4062 est
309 3999 454 4064 materia
473 3999 606 4086 gloriae
627 3998 841 4084 aethiopicae,
864 3998 943 4061 haee
964 3996 1064 4062 sedes.
1087 3997 1157 4060 Hic
1171 3996 1312 4060 honores
1322 4016 1452 4082 gerun-

114 4118 202 4185 tur‚·
224 4112 279 4177 lu‘c
301 4119 518 4200 quaeruntur
538 4115 704 4199 imperia,-
726 4115 780 4177 ler'e
794 4121 869 4199 opes
885 4114 1076 4199 eripiuntur
1083 4141 1098 4186 ,·
1123 4113 1178 4177 hic
1194 4112 1454 4176 tumultuantur

113 4227 183 4293 duo
206 4230 309 4315 regni
328 4230 556 4315 competitores
563 4257 578 4303 ,·
600 4230 654 4294 ltu
671 4231 915 4296 instaurantur
931 4229 1016 4294 della
1031 4230 1156 4300 ciuilia,
1177 4229 1366 4313 mutuisque
1381 4250 1452 4293 aaa·

113 4343 214 4409 dames
236 4346 318 4408 dum
341 4346 457 4411 laxior
480 4352 574 4412 terra
598 4346 785 4431 quaeretur,
812 4344 1054 4409 habitatoribus
1076 4343 1226 4420 viduata,
1240 4346 1294 4429 fit
1322 4348 1452 4407 eontra·

114 4459 205 4525 ctzor
218 4466 252 4525 et
265 4462 362 4526 nzuil
372 4463 479 4538 aliud,
495 4483 596 4548 quam
611 4464 739 4549 exigua
756 4461 856 4525 z'llrus
865 4460 1007 4546 pratulo
1017 4461 1210 4545 praemium
1225 4459 1360 4523 or‘ctorr's
1374 4458 1452 4534 erit,

114 4581 152 4640 et
167 4583 236 4662 pro
257 4597 295 4640 eo
316 4578 560 4643 decertantium
582 4578 793 4665 congiarium
816 4576 871 4661 (1).
899 4574 1008 4658 Quam
1039 4576 1241 4659 Imperator,
1272 4576 1353 4658 quia
1382 4594 1451 4637 ser·

115 4712 200 4756 vare
224 4714 292 4757 non
316 4695 436 4777 potuit,
461 4704 519 4757 aut
541 4696 651 4759 noluit
666 4715 703 4758 se
719 4693 960 4765 miserrimum;
977 4703 1153 4775 tyrannus,
1177 4694 1258 4773 quia
1281 4692 1451 4754 desertam

115 4810 161 4872 ab
185 4809 249 4872 illo
272 4809 497 4893 recuperavit,
521 4830 559 4873 se
583 4808 892 4874 fortunatissimum
916 4809 1097 4891 reputavit.
1121 4808 1162 4871 In
1192 4827 1270 4870 eum
1301 4817 1452 4870 montem

115 4924 312 5009 Imperator
335 4936 368 4988 et
396 4924 559 5008 Princeps
590 4928 634 4989 ab
664 4926 958 5009 expugnatoribus
988 4925 1089 4987 acciti
1113 4924 1393 4996 conscenderunt,
1418 4936 1451 4988 et

204 5172 248 5241 (1)
267 5173 372 5232 Ptin,
392 5173 483 5233 libya,
502 5188 557 5239 cap.
578 5179 619 5231 70.
