4124 6182
549 613 608 672 124
882 610 1155 661 EXPEDITIONIS
1179 610 1439 661 AETHIOPICAE
1462 610 1545 660 ETC.

545 757 578 817 in
604 755 738 819 Indiam
761 758 938 820 redituras.
963 755 1111 821 Omnem
1134 766 1216 821 tunc
1244 755 1461 821 formidinem
1488 755 1683 838 praefectus
1713 757 1819 827 exuit,
1843 766 1875 817 et

544 873 578 933 in
603 891 718 942 naves,
743 872 847 935 animi
871 892 1010 937 securus
1032 884 1067 936 et
1090 872 1235 937 fiduciae
1258 875 1389 956 plenus,
1406 893 1483 937 cum
1504 893 1586 937 sene
1601 872 1708 935 Furto
1725 872 1785 955 (sic
1801 890 1877 934 cau·

544 1006 656 1050 sarum
680 990 894 1069 cognitorem
917 992 1054 1070 vocant)
1078 992 1287 1062 conscendit,
1320 1011 1340 1053 a
1363 991 1474 1054 tribus
1496 991 1595 1052 annis
1621 989 1819 1052 mandatum
1842 1007 1876 1048 se

544 1123 565 1164 a
588 1122 651 1166 suo
674 1103 777 1187 Rege
800 1104 880 1167 illos
902 1106 1055 1188 hospitio
1078 1107 1275 1188 excipiendi
1299 1106 1426 1170 habere
1449 1105 1631 1177 affirmans,
1662 1104 1770 1167 Furto
1801 1122 1877 1164 con·

544 1230 701 1289 testante,
727 1239 765 1283 se
789 1232 867 1283 ante
891 1240 1041 1285 mensem
1065 1224 1110 1286 ab
1142 1224 1234 1285 illius
1264 1225 1385 1286 castris
1416 1223 1614 1286 discessisse
1637 1233 1671 1284 et
1695 1239 1814 1282 recens
1836 1220 1877 1280 ab

547 1334 757 1415 Imperatore
781 1338 815 1399 id
839 1357 972 1401 summa
1001 1340 1184 1402 verborum
1216 1339 1436 1402 contentione
1467 1337 1561 1421 Regi
1592 1336 1876 1399 commendatum.

232 1451 405 1535 Deductores
437 1453 517 1537 misal
636 1456 665 1512 8.
698 1451 771 1514 Nec
806 1463 920 1534 patres
953 1455 1164 1537 aethiopicos
1199 1456 1329 1517 incuria
1359 1455 1450 1537 cepit
1484 1455 1690 1517 deductores
1720 1452 1876 1535 praemit·

196 1525 357 1658 {pamm
385 1526 518 1575 ”tm
547 1568 649 1637 tendi,
674 1567 742 1659 sed¹
762 1569 962 1632 tabellarius
992 1571 1083 1651 apud
1113 1569 1296 1653 Tigraeum
1328 1588 1520 1653 protegem,
1552 1571 1606 1632 cui
1639 1569 1814 1651 negotium
1837 1569 1878 1628 ab

546 1681 755 1763 Imperatore
778 1684 1009 1757 commissum,
1032 1706 1093 1767 per
1115 1689 1201 1749 duos
1232 1706 1366 1749 menses
1397 1685 1518 1755 haesit,
1542 1694 1577 1748 et
1608 1685 1736 1748 nobilis
1766 1683 1878 1746 maho-

547 1807 701 1860 metanus
735 1800 880 1881 insignis
914 1801 1055 1865 ditionis
1090 1802 1179 1865 intra
1209 1801 1432 1884 Aethiopiam
1468 1799 1674 1883 praefectus,
1710 1800 1878 1863 dancalini

546 1910 660 1995 Regis
682 1916 791 1977 sorori
815 1918 1006 1998 copulatus,
1030 1920 1085 1980 cui
1108 1938 1233 2000 prorex
1257 1937 1425 1981 summam
1449 1918 1499 1980 rei
1520 1916 1753 2012 delegauerat,
1769 1913 1879 1997 Regis

547 2027 771 2094 offensionem
795 2033 934 2104 veritus,
957 2036 1050 2114 quod
1081 2053 1265 2118 germanae
1296 2034 1521 2118 ignobiliores
1551 2032 1683 2114 aliquot
1714 2029 1879 2094 foeminas

546 2146 739 2230 irreligiosa
763 2148 903 2211 licentia
925 2153 1184 2233 superduxerat,
1210 2170 1324 2213 moras
1346 2152 1575 2231 interponens,
1596 2148 1801 2210 excitandus
1818 2145 1879 2209 fuit

546 2262 645 2324 Pauli
668 2263 864 2346 Nogueriae
888 2265 1026 2328 lusitani
1049 2264 1285 2336 fremonensis‚
1309 2286 1330 2328 a
1352 2265 1523 2328 Braccara
1548 2263 1712 2346 Augusta
1737 2261 1879 2333 oriundi,

546 2381 727 2451 consortio,
751 2380 809 2460 qui
841 2380 931 2442 votis
960 2391 1092 2463 patrum
1124 2383 1234 2445 serius
1264 2382 1298 2444 in
1330 2380 1444 2464 Regis
1473 2390 1587 2444 castra
1617 2388 1695 2441 sunt
1726 2378 1824 2449 illati,
1847 2386 1880 2439 et

547 2495 590 2555 ab
614 2514 655 2557 eo
679 2514 741 2577 per
763 2496 836 2558 dies
860 2496 990 2577 aliquot
1013 2497 1108 2560 velut
1131 2499 1166 2559 in
1190 2498 1345 2560 custodia
1360 2498 1502 2569 detenti,
1517 2504 1588 2558 tam
1605 2497 1651 2557 ob
1668 2493 1879 2556 stomachum

547 2611 580 2672 in
605 2609 751 2682 affinem,
775 2631 878 2692 quam
901 2613 995 2692 quod
1018 2613 1105 2676 nolit
1128 2632 1264 2676 suorum
1290 2622 1450 2696 portuum
1474 2623 1508 2675 et
1531 2610 1679 2675 fontium
1699 2612 1734 2673 in
1751 2612 1809 2672 via
1824 2628 1879 2671 no·

547 2726 658 2788 titiam
683 2724 865 2790 Abassinis
889 2729 1035 2811 vulgari,
1060 2749 1101 2791 ne
1128 2749 1290 2812 umquam
1321 2731 1365 2793 ab
1397 2731 1492 2812 ipsis,
1516 2748 1557 2791 eo
1581 2728 1803 2811 incogitante,
1826 2745 1879 2787 oc·

547 2852 721 2924 cupentur.
745 2840 815 2906 Sed
842 2864 905 2907 nos
935 2864 975 2907 ea
1006 2845 1267 2927 qualiacumque
1297 2846 1434 2908 illorum
1461 2845 1632 2908 adventus
1656 2842 1774 2905 nuntia
1797 2842 1880 2904 inter

548 2959 748 3041 Baylurium
772 2969 805 3022 et
830 2962 904 3041 ipsa
927 2959 1040 3044 Regis
1063 2972 1175 3024 castra
1198 2961 1441 3024 exhilararunt.
