4066 6184
623 616 739 667 arnan
761 617 800 678 ιι,
824 616 949 668 carus
972 618 1042 669 x11.
1423 624 1482 689 237

155 765 331 828 nativitate
353 774 424 829 tam
447 764 603 847 proclive
626 764 703 829 Deo
727 764 793 829 fuit
815 766 923 848 ipsius
946 775 1089 830 matrem
1112 764 1260 850 Spiritus
1275 767 1393 834 Sancti
1417 771 1487 834 vir·

155 889 223 943 tute
245 880 321 944 sine
344 879 438 944 virili
460 899 658 964 congressu,
680 896 784 963 quam
808 883 874 946 soli
896 893 1023 947 terram
1050 884 1121 947 suis
1147 883 1253 949 radiis
1279 887 1324 949 ad
1354 886 1428 950 lilia
1451 896 1485 951 et

154 997 306 1060 diversos
332 995 434 1060 flores
460 1016 501 1059 ac
528 996 642 1078 plures
668 997 874 1062 vermiculos
900 999 1137 1080 producendos
1163 1000 1354 1084 gravidare,
1382 1023 1484 1086 quam

154 1110 285 1194 Moysis
304 1115 436 1195 ‘virgae
466 1111 702 1177 efficacitatem
738 1114 865 1187 indere,
901 1124 937 1177 ut
970 1116 1005 1178 in
1036 1125 1228 1199 serpentem
1264 1121 1421 1183 transiret
1442 1119 1485 1202 (1)

155 1229 343 1300 aaronicae,
363 1238 402 1293 ut
416 1227 517 1292 flores
532 1237 566 1293 et
581 1230 774 1313 amigdalas
789 1230 910 1294 eadem
926 1241 1027 1295 nocte
1042 1231 1257 1313 promitteret
1273 1232 1334 1317 (2);
1358 1244 1484 1316 petrae,

155 1354 190 1407 ut
212 1345 256 1407 ad
279 1346 401 1428 'virgae
423 1355 551 1409 tactum
575 1346 674 1428 aquis
697 1347 875 1410 scaturiret
891 1345 947 1430 (3),
970 1357 1005 1411 et
1027 1357 1105 1412 tuos
1127 1351 1274 1413 maiores
1296 1370 1357 1432 per
1379 1361 1485 1414 totam

154 1480 313 1534 eremum,
345 1461 486 1524 humore
516 1462 690 1543 pellucido
721 1463 924 1537 redundans,
954 1474 1225 1547 consequeretur.
1261 1464 1485 1530 Nativitatem

154 1586 330 1642 aeternam
348 1577 459 1641 eidem
478 1578 655 1662 'denegare
676 1588 747 1642 tam
771 1578 913 1662 impium
937 1590 999 1652 est,
1023 1601 1125 1664 quam
1146 1583 1285 1646 stultum
1302 1581 1485 1646 foeminam

154 1696 187 1756 in
211 1715 251 1758 ea
274 1712 450 1776 quaerere.
475 1692 513 1757 Si
536 1696 732 1759 e'nim'caro
754 1713 835 1760 suos
858 1697 961 1760 habet
983 1708 1112 1780 partus,
1128 1718 1189 1762 cur
1203 1719 1271 1762 non
1287 1710 1321 1763 et
1336 1701 1486 1783 spiritus,

154 1820 187 1874 et
209 1831 363 1875 summus
385 1811 546 1893 spiritus?
568 1813 628 1894 q'ui
650 1830 713 1894 per
742 1812 884 1877 Isaiam:
912 1812 1097 1898 Numquid
1123 1834 1190 1900 ago,
1222 1817 1279 1887 ait,
1311 1815 1374 1899 qui
1403 1815 1488 1879 airas

149 1934 272 2013 parere
288 1925 399 2014 sacru,
422 1927 494 2013 ipse
514 1948 583 1992 nou
602 1927 770 2014 pariam?
792 1927 876 1994 dr'crt
896 1928 1077 1994 Dominus.
1100 1928 1148 1993 Si
1173 1951 1240 2017 rga,
1265 1931 1327 2016 qui
1344 1953 1485 2019 genera·

153 2044 276 2109 runem
300 2044 444 2108 coeteris
461 2044 581 2117 tutuo,
604 2044 732 2108 sterilis
753 2042 837 2108 ero?
849 2044 904 2131 (4).
920 2045 1059 2119 Verum,
1083 2065 1160 2109 curn
1184 2048 1323 2130 spiritus
1342 2050 1416 2130 ipse
1431 2050 1485 2122 sit,

154 2171 263 2243 partu,
288 2180 356 2224 non
380 2170 528 2234 carnem,
552 2161 613 2224 sed
635 2160 791 2243 spiritum
815 2161 937 2225 emisit.
962 2162 1063 2225 Dixit
1086 2165 1176 2225 enim
1200 2181 1301 2226 verus
1324 2163 1486 2229 Messias:

157 2277 398 2360 Quadratum
421 2281 473 2341 est
492 2296 538 2341 ex
559 2296 669 2353 carna,
700 2297 778 2341 caro
808 2282 866 2350 est,
897 2283 932 2343 et
951 2279 1041 2363 quod
1060 2283 1179 2342 uatum
1206 2284 1256 2343 est
1283 2279 1324 2343 cie
1351 2280 1489 2365 spiritu,

153 2393 297 2478 spt'rr'tus
320 2398 372 2458 est
386 2395 439 2477 (5¹,
463 2393 605 2456 verbum
629 2394 761 2476 nempe,
785 2414 873 2477 quae
895 2394 1084 2478 spiritualis
1106 2405 1160 2459 est
1182 2397 1306 2459 mentis
1336 2399 1489 2479 operatio

153 2509 367 2583 sivedictio,
391 2511 483 2594 qnod
506 2519 649 2594 utroque
673 2511 812 2575 Psalmo
834 2522 930 2576 vates
945 2514 1105 2585 insinuat,
1126 2532 1203 2576 cum
1223 2513 1424 2576 insecundo
1439 2509 1489 2574 ai·

154 2622 285 2689 firmat:
309 2624 482 2690 Dominus
504 2626 599 2691 dixit
620 2624 667 2690 ad
685 2647 737 2690 me
753 2628 808 2711 (ὁ),
831 2637 866 2691 et
888 2629 923 2690 in
947 2627 1134 2691 centesimo
1157 2647 1265 2691 nono:
1289 2626 1399 2691 Drur't
1419 2626 1489 2689 Do-

155 2739 269 2805 minus
291 2741 443 2805 Domino
464 2762 535 2806 meo
557 2741 613 2825 (7).
636 2740 707 2806 Ubi
731 2740 850 2805 Rabbi
873 2742 1036 2807 Ionathas
1063 2742 1229 2827 Targum:
1258 2742 1367 2807 Dixit
1394 2742 1492 2805 Deus

154 2856 248 2921 uerbo
271 2878 355 2921 sara:
388 2857 476 2922 Sede
509 2858 557 2922 ad
586 2858 761 2923 dexteram
795 2878 902 2922 meam
922 2860 976 2941 (8).
1004 2858 1092 2923 Esse
1120 2869 1233 2923 autem
1261 2858 1423 2922 Messiam
1455 2857 1490 2921 in

154 2982 295 3038 aeterna
314 2976 536 3058 generatione
551 2974 684 3057 paterni
700 2974 896 3039 intellectus
911 2974 1051 3046 foetum,
1068 2995 1109 3038 ea
1124 2976 1230 3039 verba
1246 2976 1490 3047 demonstrant,

154 3090 281 3173 quibus
305 3092 379 3172 ipse
402 3092 438 3154 in
461 3091 587 3154 divinis
609 3091 708 3154 libris
730 3091 932 3155 declaratur.
956 3090 1010 3154 De
1033 3110 1070 3154 se
1093 3078 1183 3153 enirn
1207 3091 1273 3157 Dei
1295 3089 1398 3164 filius,
1427 3092 1491 3155 sub

156 3206 297 3270 nomine
320 3208 508 3290 sapientiae
532 3216 675 3271 testatur
698 3208 733 3271 in
749 3207 966 3271 Proverbiis:
990 3206 1042 3270 Ab
1065 3211 1200 3271 aeterno
1222 3207 1383 3271 ordr‘rzata
1404 3228 1491 3278 sum,

155 3326 189 3386 et
221 3343 266 3387 ex
303 3322 456 3408 antiquis
470 3322 537 3407 (9);
572 3335 606 3388 et
640 3327 780 3388 iterum:
816 3322 977 3388 Nondum
1012 3329 1113 3389 arant
1144 3324 1256 3409 abyssi
1281 3329 1315 3388 rt
1338 3344 1396 3410 ago
1422 3323 1492 3388 tam

156 3444 312 3525 concepta
334 3459 451 3511 eram,·
473 3448 509 3504 et
531 3441 671 3504 iterum:
700 3439 793 3504 Ante
821 3461 934 3504 amnes
962 3439 1059 3504 collas
1089 3459 1146 3527 ego
1170 3440 1391 3525 parturiebar
1416 3439 1492 3524 (ιο).

156 3553 330 3619 Ordinare
364 3557 454 3619 enim
477 3566 511 3620 et
538 3577 592 3621 res
623 3558 812 3639 concipere,
844 3555 1032 3620 ministeria
1062 3567 1141 3620 sunt
1170 3556 1374 3628 intellectus
1405 3557 1494 3618 sicut

156 3683 191 3736 et
221 3674 472 3756 cogitationum
503 3691 565 3756 per
594 3674 701 3737 verba
732 3674 923 3755 parturitio.
954 3670 1064 3753 Quam
1097 3675 1208 3757 magis
1238 3673 1385 3756 produnt
1413 3668 1493 3735 'illa

156 3790 275 3853 verba.
300 3787 374 3875 Ego
396 3788 567 3874 sapientia
590 3809 635 3853 ex
657 3809 714 3853 ore
734 3787 913 3853 Altrsn‘mi
922 3789 1065 3873 prodivi
1078 3787 1311 3875 primogenita
1325 3792 1404 3852 ante
1426 3807 1493 3850 om·

156 3924 235 3968 nem
257 3909 451 3968 creaturam
467 3903 543 3990 (ιι).
568 3904 647 3968 Νοιι
675 3916 721 3968 ex
750 3905 885 3977 lumbis,
914 3915 951 3968 ut
973 3904 1148 3968 hominurn
1177 3902 1249 3977 filii,
1272 3905 1332 3968 sed
1362 3924 1407 3968 ex
1435 3923 1495 3967 ore

157 4016 336 4083 Altissimi
359 4020 417 4102 qui
440 4029 475 4083 et
498 4019 590 4083 idem
614 4021 679 4083 ait:
710 4019 891 4084 Eructavit
918 4039 1104 4083 corruerim
1126 4018 1259 4082 verbrtm
1283 4018 1401 4081 bouum
1416 4017 1493 4101 (ιι).

156 4134 206 4200 Ut
229 4154 318 4219 ergo
339 4136 397 4199 hic
419 4136 524 4199 vulva
547 4146 599 4201 est
622 4137 759 4200 divinus
781 4137 985 4209 intellectus,
1009 4136 1053 4199 de
1076 4153 1144 4216 quo
1170 4145 1281 4198 vates:
1312 4134 1372 4198 Ex
1400 4138 1496 4198 utero

156 4256 237 4316 ante
254 4250 444 4338 luciferum
459 4250 535 4337 (13),
552 4252 652 4317 sicet
671 4253 776 4326 Deus,
793 4273 860 4316 non
877 4263 1007 4316 tantum
1023 4262 1129 4334 pater,
1146 4252 1256 4315 sedet
1274 4259 1392 4323 mater,
1407 4269 1495 4331 quae

155 4366 295 4451 peperit
318 4376 352 4431 et
375 4368 454 4431 ideo
476 4365 622 4453 utroque
644 4369 722 4432 loco
744 4369 888 4432 habetur
911 4366 1087 4438 Ialadtica,
1104 4368 1216 4440 idest,
1235 4365 1357 4452 peperi
1367 4369 1408 4428 te.
1425 4364 1496 4451 Ego

156 4481 256 4548 hodic
273 4483 396 4569 peperi
415 4490 456 4549 te.
480 4484 551 4572 Ego
574 4505 619 4549 ax
642 4490 737 4549 utero
759 4489 840 4549 ante
862 4482 1048 4570 luciferum
1066 4483 1188 4569 peperi
1207 4482 1327 4565 te(14).

194 4650 196 4655 .
249 4605 281 4663 8.
306 4598 359 4663 Ne
382 4620 430 4674 se,
453 4620 591 4681 quaeso,
615 4601 814 4664 Patriarcha
836 4600 1048 4680 distorqueat
1068 4597 1175 4684 (addit
1197 4595 1373 4678 Salomon)
1395 4599 1431 4659 in
1454 4616 1496 4658 eo
1526 4601 1841 4740 'oqunqacteoqeompqqlgp

251 4845 291 4904 (1)
310 4842 404 4900 Erat..
425 4849 449 4901 7,
467 4858 493 4893 ι.
515 4854 554 4896 12.
575 4870 610 4881 -
629 4844 666 4904 (ι)
679 4825 769 4900 Ilium,
786 4849 825 4900 17,
839 4857 863 4893 n.
878 4841 902 4893 8.
917 4869 948 4879 -
963 4840 1002 4906 (3)
1015 4841 1106 4898 Num„
1121 4852 1162 4897 20,
1175 4855 1200 4891 ιι.
1216 4850 1256 4891 ιι.
1271 4867 1304 4875 -
1318 4841 1354 4901 (4)
1368 4838 1439 4893 lsai..
1453 4834 1495 4892 66,

159 4950 185 4986 n.
205 4946 231 4995 9.
268 4962 278 4969 ·
323 4933 363 4997 (5)
389 4932 492 4987 Ioann..
518 4944 543 4994 3,
562 4949 588 4986 ιι.
608 4930 632 4984 6.
662 4960 695 4969 -
723 4930 763 4999 (6)
782 4934 880 4982 Psalm.
900 4944 926 4991 2,
944 4947 970 4983 ιι.
991 4939 1015 4991 7.
1043 4958 1075 4967 -
1103 4928 1143 4996 (7)
1162 4930 1261 4982 Psaim.
1283 4941 1341 4991 109,
1365 4938 1433 4979 n.1.
1464 4955 1493 4965 -

157 5022 202 5089 (8)
221 5024 260 5074 R.
288 5019 477 5071 Ionathus
504 5023 676 5086 Tergum
708 5024 839 5079 Galatia„
859 5020 905 5074 llb.
926 5019 950 5078 8,
969 5035 1026 5086 esp.
1046 5034 1088 5083 24.
1108 5046 1140 5057 -
1160 5017 1199 5081 (9)
1219 5020 1306 5076 Prav„
1321 5018 1345 5076 8,
1358 5033 1383 5069 ιι.
1398 5027 1440 5077 23.
1464 5045 1495 5052 -

159 5110 218 5181 (ιο)
231 5112 322 5170 Pria„
337 5110 361 5170 8,
375 5126 402 5163 ιι.
417 5122 459 5174 24.
472 5139 507 5149 -
520 5111 578 5179 (ιι)
592 5113 697 5168 Eccles„
712 5123 753 5174 24,
767 5127 791 5161 n.
807 5119 830 5172 5.
844 5137 878 5147 —
891 5108 1062 5177 (12)Praim.
1075 5122 1119 5172 44,
1132 5123 1157 5157 n.
1173 5120 1195 5160 1.
1207 5136 1241 5146 -
1255 5110 1277 5170 (ι
1284 5106 1312 5173 3)
1325 5107 1423 5157 Psalm.
1439 5117 1496 5167 109,

160 5216 187 5254 ιι.
208 5211 233 5263 3.
253 5228 288 5239 -
307 5203 364 5264 (ιι)
383 5203 481 5255 Psalm.
502 5214 527 5260 2,
545 5219 571 5252 ιι.
593 5207 617 5259 7.
