4058 6178
525 532 583 589 142
853 525 1125 575 EXPEDITIONIS
1148 524 1411 575 AETHIOPICAE
1434 526 1515 576 ETC.

522 673 726 737 modulatus.
749 672 819 736 Hic
841 683 977 755 patrum
1004 674 1177 737 consessui
1191 684 1193 689 '
1209 673 1409 737 Patriarcha
1438 671 1593 738 interfuit
1620 685 1654 737 et
1679 675 1713 737 in
1744 676 1842 739 code

521 788 803 855 illiusecclesiae
826 800 861 852 et
884 790 1117 853 conversionis
1138 807 1322 873 progressu
1345 791 1498 872 graviter
1516 790 1694 873 agitatum,
1710 802 1744 853 et
1769 802 1842 853 ante

210 916 312 962 Actum
329 910 364 960 de
385 910 493 994 ordini·
520 906 635 969 omnia
658 907 879 969 constitutum
904 916 939 968 ut
962 907 1100 969 ordines
1122 924 1225 987 quam
1248 904 1396 987 primum
1419 905 1617 977 celebraret,
1641 917 1676 968 et
1703 906 1748 968 ob
1771 922 1842 987 pro·

174 986 228 1035 ω·
245 982 436 1033 ⁰⁰¹¹“¹‘¹¹‘¹¹'·
520 1021 635 1084 nabin
657 1022 797 1085 dubium
821 1022 865 1084 ue
888 1022 931 1084 ns
955 1022 1120 1085 inutiliter
1143 1020 1280 1085 conatu
1303 1041 1324 1084 a
1349 1022 1565 1104 praesidibus
1591 1020 1842 1092 Alexandrinis,

520 1156 579 1200 eos
595 1138 658 1200 sub
673 1137 870 1201 conditione
886 1137 1097 1219 impenderet
1113 1136 1168 1221 (1).
1184 1135 1285 1219 Quod
1301 1138 1397 1200 illico
1413 1148 1524 1201 actum
1540 1147 1592 1201 est
1609 1138 1775 1219 proximis
1789 1138 1841 1200 de·

519 1254 668 1316 cambris
690 1254 912 1336 temporibus,
937 1255 971 1315 in
994 1254 1118 1336 quibus
1140 1254 1278 1335 plurimi
1302 1255 1346 1316 ad
1373 1255 1522 1317 minores
1547 1254 1696 1325 ordines,
1727 1253 1841 1335 viginti

520 1369 564 1430 ad
586 1369 865 1451 presbyteratum
888 1379 967 1433 sunt
990 1369 1149 1451 promoti.
1173 1367 1230 1432 Ex
1253 1371 1378 1452 quibus
1401 1369 1531 1452 aliquot
1562 1371 1764 1452 coniugatos
1788 1371 1842 1431 ad·

519 1484 609 1547 mitti
633 1485 819 1547 necessitas
841 1486 969 1568 coegit:
994 1484 1090 1548 *cum
1114 1487 1205 1549 enim
1229 1504 1348 1549 omnes
1377 1485 1491 1569 (quam
1518 1485 1735 1566 paucissimis
1749 1503 1842 1548 exce·
1865 1490 1880 1539 l·
1895 1487 1946 1549 ltr-

519 1599 600 1684 ptis)
634 1619 759 1683 graeca
793 1601 998 1665 matrimonii
1033 1602 1173 1665 licentia
1206 1610 1392 1675 uterentur,
1432 1599 1572 1665 infinitis
1602 1602 1842 1683 propemodum

519 1715 674 1778 ecclesiis
696 1725 786 1778 esset
809 1716 1090 1788 subveniendum,
1115 1717 1159 1780 ad
1182 1736 1268 1799 quas
1288 1717 1515 1781 moderandas
1530 1717 1682 1780 coelibes
1708 1718 1840 1779 ministri

520 1832 582 1893 vix
606 1831 722 1894 multis
744 1833 843 1894 annis
866 1832 987 1894 instrui
1003 1842 1172 1914 poterant,
1197 1833 1413 1897 commodum
1430 1852 1470 1895 ac
1496 1851 1603 1915 prope
1623 1833 1842 1895 necessarium

520 1949 631 2009 visum
644 1957 696 2010 est
718 1947 868 2029 antiquis
883 1949 1075 2020 connivere,
1092 1966 1146 2019 ne,
1162 1948 1191 2010 si
1207 1967 1326 2011 omnes
1341 1948 1443 2011 simul
1459 1949 1710 2019 damnarentur,
1726 1949 1843 2030 vulgus

520 2064 660 2136 diceret,
685 2064 815 2126 nullam
837 2064 904 2127 sibi
926 2075 1060 2147 partem
1083 2083 1158 2127 esse
1181 2083 1259 2127 cum
1282 2062 1463 2136 Romanis,
1476 2065 1563 2127 sicut
1583 2083 1646 2127 nec
1662 2065 1746 2146 ipsis
1760 2075 1843 2127 esset

521 2198 598 2242 cum
622 2178 828 2253 Abassinis;
852 2181 1052 2262 praesertim
1078 2199 1155 2243 cum
1179 2199 1248 2242 non
1271 2191 1362 2243 esset
1385 2181 1524 2243 omnino
1548 2181 1774 2244 indubitatum
1789 2199 1844 2242 eos

521 2293 698 2357 ordinibus
721 2314 846 2367 carere,
870 2306 907 2358 ut
930 2316 971 2358 eo
994 2296 1096 2363 titulo
1120 2296 1164 2359 ab
1186 2296 1305 2359 altaris
1330 2297 1528 2367 ministerio,
1545 2299 1642 2359 cuius
1657 2297 1843 2380 gaudebant

521 2411 745 2490 possessione,
776 2409 973 2473 viderentur
1003 2410 1175 2493 exigendi.
1208 2409 1376 2476 Omnibus
1397 2423 1514 2475 tamen
1536 2422 1616 2476 tunc
1639 2413 1783 2494 primum
1804 2411 1844 2474 ad

522 2526 658 2588 ordines
680 2525 816 2588 allectis
839 2535 873 2587 et
897 2526 950 2598 iis,
973 2526 1032 2607 qui
1056 2527 1090 2588 in
1122 2538 1297 2609 posterum
1320 2538 1433 2593 essent
1460 2527 1643 2611 allegendi,
1675 2528 1843 2591 denuntia·

512 2652 604 2713 tum,
620 2641 783 2724 deinceps
798 2640 884 2703 nulli
900 2652 1045 2705 uxorato
1058 2642 1251 2706 divinorum
1264 2644 1423 2706 altarium
1435 2644 1565 2707 aditum
1576 2645 1843 2725 permittendum.

212 2766 437 2831 maginem
452 2781 496 2817 ne-
613 2776 640 2837 7.
665 2754 835 2821 Omnibus
857 2758 981 2839 quibus
1008 2759 1120 2841 potuit
1152 2760 1286 2823 actibus
1316 2760 1485 2823 connixus
1514 2771 1566 2823 est
1596 2758 1792 2841 Imperator,
1811 2770 1844 2820 ut

175 2841 294 2891 cercitur
324 2839 494 2897 Patriarcbn,
720 2876 726 2889 .
756 2876 762 2888 .
1003 2878 1008 2887 ,
1228 2876 1243 2891 ,,
1351 2878 1357 2890 ‚

175 2926 223 2963 m·
245 2915 322 2963 Μ,
522 2894 559 2937 se
583 2875 627 2937 ad
650 2875 892 2956 excrp1endum
915 2875 1151 2938 Patriarcham
1176 2896 1197 2939 a
1220 2876 1377 2939 bemems
1400 2877 1564 2940 adversus
1586 2876 1733 2939 Iudaeos
1759 2876 1845 2938 bello

522 2992 719 3073 expediret;
743 2991 920 3074 ipsumque
944 2991 1131 3066 admonuit,
1156 3010 1199 3054 ne
1222 3012 1329 3074 usque
1352 2992 1397 3056 ad
1412 3011 1511 3055 suum
1527 2994 1560 3055 iu
1577 2994 1707 3055 curiam
1723 3010 1844 3075 regres-

521 3127 598 3171 sum
613 3105 788 3191 Gorgorra
802 3107 994 3171 discederet
1010 3127 1114 3190 seque
1129 3108 1298 3171 adventus
1320 3109 1373 3172 sui
1397 3110 1551 3171 nuntium
1568 3122 1759 3190 opportune
1774 3111 1844 3172 mis·

522 3243 646 3288 surum.
671 3220 780 3286 Citius
802 3221 879 3287 Ras
909 3220 990 3286 Selai
1020 3221 1177 3287 Christds
1206 3225 1449 3305 praecucurrit,
1481 3224 1593 3287 nullas
1623 3228 1716 3288 enim
1746 3226 1846 3288 moles

523 3342 676 3404 obiectas
698 3340 806 3421 ipsius
829 3340 931 3402 ardor
953 3336 1095 3411 ferebat,
1120 3340 1180 3402 sed
1199 3340 1391 3403 retardatus
1407 3340 1451 3403 ab
1467 3339 1688 3421 Imperatore,
1704 3343 1847 3425 graviter

524 3455 656 3520 ferente
687 3474 761 3518 eam
793 3456 1007 3537 voluptatem
1039 3456 1083 3518 ab
1110 3475 1152 3517 eo
1182 3453 1379 3537 praeflorari
1410 3467 1444 3519 et
1475 3456 1540 3519 sibi
1571 3456 1721 3537 quodam
1753 3458 1845 3518 modo

524 3571 659 3643 auferri,
683 3591 789 3654 prope
812 3570 1021 3634 Dancazium
1044 3572 1208 3634 consedit.
1239 3569 1363 3633 Rebus
1393 3570 1498 3654 igitur
1528 3591 1596 3634 non
1628 3573 1767 3635 omnino
1795 3569 1844 3633 fir·

524 3689 635 3760 matis,
659 3687 720 3750 sed
742 3697 926 3769 utcumque
961 3687 1170 3767 compositis,
1198 3686 1335 3749 ineunte
1367 3684 1539 3750 februario
1569 3689 1650 3751 anni
1681 3687 1844 3751 millesimi

524 3804 683 3887 vigesimi
706 3803 807 3874 sexti,
831 3801 1040 3865 Dancazium
1063 3822 1100 3865 se
1123 3804 1262 3884 recepit,
1287 3802 1376 3865 unde
1399 3802 1555 3883 dynastis
1579 3804 1748 3875 omnibus,
1771 3804 1847 3865 viris

525 3921 685 3983 litteratis
716 3929 749 3981 et
784 3919 1025 3982 caenobiorum
1048 3916 1235 4000 praefectis
1265 3920 1299 3980 in
1331 3938 1433 3980 unum
1465 3919 1632 3992 collectis,
1663 3930 1845 3983 senatorem

525 4037 714 4099 maximum
737 4036 876 4108 dimisit,
899 4037 958 4117 qui
981 4035 1214 4097 Patriarcham
1237 4054 1300 4098 suo
1322 4033 1460 4097 nomine
1482 4034 1666 4098 accersiret
1690 4045 1725 4098 et
1750 4035 1846 4098 dedu·

526 4160 625 4212 ceret.
650 4148 766 4210 Prima
791 4150 967 4211 mansione
989 4160 1226 4229 pernoctatum
1251 4163 1301 4214 est
1325 4151 1369 4213 ad
1392 4151 1524 4214 radices
1547 4153 1683 4223 montis,
1708 4154 1741 4214 in
1757 4152 1847 4213 cuius

526 4266 722 4329 summitate
745 4265 788 4327 ad
812 4265 959 4327 mediam
995 4265 1172 4347 planitiem
1195 4267 1297 4329 situm
1321 4276 1374 4329 est
1396 4265 1614 4339 Dancazium‚
1639 4278 1770 4348 septem
1794 4265 1844 4327 vel

526 4392 605 4444 octo
639 4377 822 4443 Societatis
849 4378 927 4443 Iesu
956 4380 1111 4462 patribus
1141 4381 1358 4444 honorariam
1388 4381 1484 4444 illam
1514 4401 1675 4463 pompam
1710 4382 1847 4444 cohone-

527 4498 705 4561 stantibus.

216 4624 426 4675 aulicorum
455 4638 500 4672 or·
617 4617 647 4674 8.
672 4609 835 4693 Sequenti
858 4612 923 4681 die,
944 4631 1032 4691 quae
1047 4613 1193 4694 septima
1208 4622 1280 4675 erat
1296 4612 1389 4676 illius
1405 4614 1541 4684 mensis,
1557 4614 1725 4694 superatis
1739 4630 1849 4675 ascen·

178 4704 271 4748 Μ’·
528 4749 586 4792 sus
609 4726 876 4799 difficultatibus,
901 4728 1022 4789 mirum
1047 4728 1081 4789 in
1104 4728 1243 4791 modum
1278 4728 1467 4791 acclivibus
1489 4738 1524 4790 et
1546 4726 1754 4810 praelongis,
1773 4744 1849 4787 ven·

528 4853 601 4908 tum
624 4856 675 4907 est
700 4845 742 4906 ad
766 4844 954 4924 planitiem,
979 4843 1038 4905 ubi
1061 4844 1105 4905 ad
1124 4844 1237 4925 sesqui
1254 4842 1400 4906 milliare
1416 4862 1437 4905 a
1452 4844 1557 4926 regiis
1584 4845 1706 4906 castris
1720 4853 1850 4925 praesto

617 5096 655 5158 (ι)
674 5093 734 5143 Lib.
756 5104 778 5149 1,
797 5108 853 5156 cap.
874 5099 897 5149 7,
916 5108 941 5141 n.
961 5091 985 5141 8.
