4066 6174
602 2035 788 2112 CAPUT
821 2035 987 2109 XXVII.

127 2332 426 2408 clandestinae
452 2331 548 2407 fidei
584 2330 765 2406 hostium
801 2329 1038 2404 molitiones
1075 2328 1128 2403 ad
1156 2328 1272 2401 illam
1308 2327 1461 2402 duobus

217 2466 457 2562 praeconiis
483 2466 757 2541 subruendam
784 2474 826 2542 et
853 2462 1123 2538 Patriarchae
1150 2461 1369 2557 oppositio.

222 2834 250 2876 r.
276 2811 421 2876 Callidis
444 2820 479 2874 et
501 2811 654 2893 nequitia
677 2811 816 2874 callosis
836 2807 1018 2871 Romanae
1041 2804 1191 2870 fabricae
1207 2803 1459 2877 suffossoribus‚
1519 2809 1656 2892 utinum
1691 2808 1807 2859 nomine

127 2927 377 3010 Imperatorem
389 2946 478 2990 nunc
494 2928 609 2989 animo
625 2927 839 2989 debilitatum
851 2924 1024 3007 praeteriti
1037 2921 1215 2985 infortunii
1227 2922 1461 2985 recordatione
1487 2881 1735 3014 fflffigtffi
1745 2894 1808 2944 1³0¹·

127 3054 160 3107 et
185 3043 458 3126 impendentium
490 3040 672 3106 formidine
702 3042 921 3112 intuentibus,
945 3050 980 3103 et
1006 3037 1108 3102 fidem
1139 3058 1186 3101 ex
1213 3036 1318 3109 Bucd,
1346 3036 1462 3099 Fekur

126 3157 215 3242 Egzi
250 3168 286 3222 et
309 3156 404 3222 Caba
430 3157 584 3222 Christds
614 3159 719 3221 caede
749 3168 783 3220 et
806 3157 882 3220 Ras
912 3154 993 3220 Sela
1016 3152 1157 3227 Cristds,
1180 3154 1346 3217 senatoris
1374 3150 1463 3214 Tind

128 3275 346 3355 aliorumque
373 3276 618 3356 praestantium
645 3273 890 3337 catholicorum
921 3272 1063 3345 deiectu,
1092 3269 1329 3334 defensoribus
1351 3269 1463 3331 deser·

127 3399 212 3464 tam,
229 3393 342 3453 visum
360 3388 425 3452 fuit
440 3409 501 3452 sua
517 3389 791 3453 machinamenta
805 3384 1006 3452 instanttius
1022 3406 1141 3470 urgere
1155 3395 1189 3449 et
1206 3386 1341 3457 molem,
1361 3403 1462 3466 quam

128 3525 235 3588 saepe
267 3506 518 3577 convulserant,
549 3504 656 3568 semel
687 3503 907 3567 labefactare,
938 3501 1082 3566 Veteres
1105 3501 1183 3563 illas
1214 3499 1390 3564 cantiones
1420 3501 1463 3563 de

129 3624 324 3685 occisorum
347 3621 381 3682 in
405 3621 459 3683 his
481 3620 585 3683 bellis
608 3621 769 3683 civilibus
799 3618 1028 3689 multitudine,
1058 3617 1101 3679 de
1131 3618 1377 3679 rusticanorum
1402 3617 1465 3679 im·

127 3737 264 3819 peritia,
289 3755 427 3799 suorum
457 3735 583 3799 rituum
610 3737 793 3799 tenacitate
816 3744 850 3798 et
874 3744 1074 3796 cunctorum
1098 3734 1131 3794 in
1156 3752 1215 3795 eos
1238 3733 1466 3813 propensione

129 3852 351 3935 repetebant;
375 3870 437 3915 nec
461 3852 528 3914 iam
545 3853 587 3914 de
610 3849 797 3922 frondibus,
822 3850 882 3913 sed
898 3850 940 3912 de
956 3859 1089 3923 trunco;
1107 3867 1170 3910 nec
1186 3848 1228 3910 de
1244 3847 1328 3910 solis
1344 3848 1466 3910 ritibus
1549 3900 1551 3904 Α

129 3968 191 4031 sed
219 3967 264 4030 de
287 3976 361 4029 tota
383 3963 464 4029 fidei
486 3985 619 4029 summa
643 3967 800 4049 agebant,
817 3965 973 4047 deposito
996 3963 1135 4046 pudoris
1149 3964 1238 4036 velo,
1263 3963 1467 4045 Imperatori

128 4083 384 4153 obnuntiantes,
409 4102 446 4144 se
470 4084 535 4145 nisi
558 4082 780 4163 popularibus
801 4079 880 4144 fidei
911 4083 1085 4163 optionem
1110 4081 1215 4149 daret,
1243 4081 1287 4142 ab
1310 4079 1468 4142 omnibus

128 4198 371 4269 deserendum,
396 4216 508 4262 mores
530 4200 653 4261 saltem
677 4197 834 4280 antiquos
849 4198 1079 4278 permitteret:
1102 4193 1217 4258 forsan
1234 4192 1371 4256 illorum
1386 4195 1468 4255 bolo

129 4322 382 4385 rusticanorum
406 4335 466 4379 ora
488 4316 699 4378 obstructum
724 4316 774 4385 iri,
799 4332 876 4375 cum
898 4322 1013 4375 tamen
1029 4312 1166 4374 unicum
1190 4310 1328 4372 illorum
1352 4318 1468 4371 notum

128 4444 234 4507 esset,
259 4442 297 4495 ut
320 4431 432 4513 prisca
456 4429 597 4513 perfidia
621 4448 751 4493 morum
775 4429 912 4493 nomine
927 4439 1102 4512 tamquam
1126 4427 1248 4488 hamus
1271 4444 1351 4487 esca
1373 4425 1469 4486 invo-

129 4551 227 4615 lutus
248 4550 479 4612 devoraretur.
901 4520 903 4525 ⁸

225 4686 254 4729 2.
280 4662 358 4727 Hac
382 4665 425 4726 de
447 4682 483 4726 re
507 4682 584 4725 cum
607 4661 806 4725 Patriarcha
828 4681 1022 4725 sermonem
1038 4659 1183 4724 contulit
1198 4657 1399 4739 Imperator,
1416 4652 1469 4718 cui
1532 4661 1684 4711 rrlainter
1697 4659 1819 4708 Patriu-

129 4783 193 4845 llle
217 4779 405 4862 respondit,
428 4779 644 4861 exploratum
667 4779 734 4860 ipsi
757 4780 826 4841 iam
850 4799 926 4843 esse
949 4795 1052 4858 posse
1076 4797 1121 4839 ex
1152 4774 1368 4857 liturgiarum
1392 4780 1470 4835 ante
1497 4733 1819 4863 ἓξζζῖἐᾞὶᾚ

130 4898 311 4962 biennium
323 4896 547 4967 contentione,
560 4896 631 4957 suis
646 4914 714 4957 non
731 4895 774 4957 de
788 4895 944 4958 vestibus
960 4913 1045 4964 esse,
1059 4893 1121 4954 sed
1134 4892 1211 4971 ipso
1226 4888 1305 4952 fidei
1317 4905 1471 4969 corpore,
1498 4876 1582 4927 conio
1601 4872 1792 4935 transigenda.

131 5024 323 5086 certamem
338 5020 464 5084 tamen,
480 5030 522 5074 ne
537 5009 709 5074 videretur
724 5010 833 5091 ipsius
845 5011 972 5093 optatis
983 5006 1230 5081 contravenire,
1247 5025 1285 5068 se
1299 5004 1471 5088 quodiam
