4066 6184
636 522 755 573 mesu
777 524 816 584 11,
839 522 966 574 cneus
990 523 1059 573 nn.
1445 530 1507 594 239

172 677 403 752 computatur.
419 668 585 734 Visuntur
605 669 744 754 quidem
770 672 807 734 in
821 689 864 734 eo
880 670 961 734 iliae
976 671 1225 754 inscriptiones,
1241 691 1328 753 ques
1342 672 1507 737 Salomon

170 787 347 867 percurrit,
371 787 433 851 sed
456 785 579 868 pedem
595 787 640 850 ad
654 806 713 851 eas
727 783 913 881 infeliciter
928 787 1082 871 impegit,
1099 787 1242 852 eredens
1258 786 1338 853 illos
1357 791 1510 872 psalmos

171 901 218 965 ab
239 901 319 966 eliis
342 901 480 966 vatibus
503 903 614 968 editos
637 912 671 967 et
693 901 822 967 Davidi
845 902 1032 969 dedicatos.
1056 902 1141 967 Illos
1164 904 1255 967 enim
1279 906 1352 988 ipse
1375 924 1509 988 compe·

172 1015 236 1100 git,
259 1016 321 1081 s'ed
344 1017 388 1081 iis
409 1019 606 1085 cantoribus
630 1019 856 1083 modulandos
877 1017 1028 1091 tradidit,
1059 1037 1202 1102 quorum
1233 1022 1371 1084 nomina
1400 1022 1509 1085 titulis

172 1132 367 1218 affiguntur,
391 1145 428 1205 ut
451 1134 611 1208 Idithum,
635 1134 768 1218 Asaph,
792 1133 873 1200 filiis
895 1134 983 1200 Core
1005 1146 1040 1200 et
1055 1136 1254 1219 prophetico
1271 1139 1404 1220 spiritu,
1417 1138 1507 1201 Iere-

172 1253 274 1323 111166,
301 1249 487 1324 Ecechieli,
518 1251 700 1315 Zachariae
729 1260 765 1316 et
794 1251 953 1336 Aggaeo.
983 1248 1127 1334 Quibus,
1151 1252 1228 1316 Deo
1253 1263 1507 1337 praemonente,

172 1367 351 1431 cantiones
373 1366 453 1432 illas
474 1367 687 1450 anticipavit,
701 1376 753 1441 ut,
766 1387 843 1431 cum
860 1378 980 1450 postea
994 1370 1029 1431 in
1045 1370 1278 1450 captivitatem
1294 1371 1507 1442 ducerentur,

173 1483 229 1546 vei
242 1483 286 1546 ad
298 1483 464 1566 templum
477 1484 733 1548 instaurandum
745 1485 969 1558 mitterentur,
981 1494 1119 1567 paratas
1132 1482 1299 1548 haberent
1311 1486 1451 1548 naenias
1462 1486 1507 1548 ad

172 1600 418 1683 plangendum,
435 1599 492 1664 vel
505 1600 666 1664 laetiores
682 1600 839 1664 modulos
854 1601 900 1664 ad
914 1600 1179 1683 tripudiandum.
1194 1598 1280 1664 Cum
1296 1618 1378 1664 vero
1391 1600 1508 1664 David

171 1716 259 1797 ipse,
283 1734 350 1779 non
374 1717 486 1781 minus
508 1717 604 1780 vocis
627 1718 806 1791 suavitate,
828 1734 932 1800 quam
958 1717 1110 1780 citharae
1140 1716 1327 1799 pulsandae
1357 1717 1509 1781 dexteri-

171 1841 244 1896 tato
273 1841 474 1914 praestaret,
507 1832 575 1897 sibi
608 1851 744 1915 quoque
777 1832 936 1897 Psalms
969 1832 1049 1896 illos
1082 1833 1270 1897 cantandos
1303 1834 1507 1915 assumebat,

170 1949 297 2030 quibus
325 1947 445 2011 addite
475 1948 677 2031 inscriptior'
699 1948 778 2033 Ipsi
796 1946 923 2012 Dandi.
946 1946 1162 2031 Quemquam
1193 1948 1283 2011 idem
1310 1948 1429 2012 titulus
1455 1950 1510 2011 in-

171 2072 265 2136 nuet,
289 2063 448 2127 Psslmos
470 2062 560 2137 illos,
584 2083 652 2127 non
676 2065 720 2128 ab
742 2064 830 2147 ipso,
852 2064 915 2128 sed
938 2085 959 2127 a
981 2064 1067 2136 Deo,
1097 2072 1136 2128 ut
1161 2048 1300 2126 auctore
1323 2062 1508 2146 praecipuo

170 2188 357 2244 contextos
378 2189 413 2244 et
436 2179 548 2245 eidem
572 2180 765 2263 inspiratos,
788 2181 884 2245 cuius
905 2182 1014 2263 ipsius
1038 2180 1159 2266 lingua
1181 2188 1313 2243 tantum
1332 2188 1404 2244 erat
1417 2180 1508 2243 culo-

170 2316 248 2359 mus
270 2295 398 2361 scribae
418 2295 572 2361 velanter
592 2295 766 2361 scn‘bentis
780 2296 825 2381 (1)
831 2319 839 2373 ;
863 2306 897 2361 et
920 2297 956 2360 in
973 2297 1070 2361 libris
1086 2296 1243 2381 Regum:
1264 2294 1423 2381 Spirti‘ru
1436 2295 1508 2359 Do-

170 2411 268 2477 maisi
283 2411 419 2477 domm
439 2416 492 2476 est
507 2419 574 2497 per
595 2434 648 2477 me
667 2418 703 2478 ct
723 2433 831 2478 semo
852 2413 927 2479 eriis
944 2418 1009 2498 per
1022 2412 1178 2499 lz'nguam
1194 2431 1302 2476 mean
1316 2412 1371 2494 (ε).
1393 2409 1433 2475 Si
1450 2432 1508 2475 au·

169 2538 242 2592 tem
273 2528 390 2593 David
419 2529 596 2593 l‘saimum
626 2529 724 2597 iilum
756 2549 823 2594 non
846 2529 1027 2593 contexuit
1049 2547 1113 2592 nec
1135 2529 1208 2611 ipse
1239 2529 1282 2591 de
1304 2526 1434 2591 Messia
1454 2539 1509 2591 est

171 2644 431 2729 intelligendus,
455 2646 499 2709 ad
524 2664 627 2727 quem
660 2644 753 2710 iilius
783 2647 889 2710 verbe
919 2643 1120 2709 referenda?
1152 2643 1199 2708 Et
1224 2643 1286 2706 illa
1312 2643 1507 2725 inprimis:

171 2759 283 2823 Drar't
302 2759 476 2824 Donum
497 2760 647 2826 Donum
669 2758 771 2825 mro?

267 2896 317 2939 ro,
329 2875 390 2940 Ad
400 2875 650 2949 Abrahamum,
663 2878 774 2960 inquit
785 2876 960 2941 Salomon.
974 2874 1013 2940 Si
1025 2875 1282 2940 Melchisedech
1292 2874 1352 2959 (ait
1361 2875 1509 2939 Patriar·
1571 2886 1744 2935 normanus
1775 2883 1854 2934 nel-

170 2992 249 3067 chai
267 2991 362 3056 iliius
384 2991 516 3056 Psalmi
538 3001 741 3067 auctorest,
774 3013 842 3077 quo
872 2995 944 3058 iure
967 2993 1190 3056 Abrahamus
1211 2993 1306 3056 iilius
1327 2991 1508 3055 dominus?
1535 2956 1689 3079 ἓξὲξ
1716 2954 1855 3077 3,)ξῦῃὲ

170 3106 281 3170 *Nam
305 3107 560 3173 Melchisedech
587 3110 621 3172 in
648 3107 776 3174 Genesi
798 3110 925 3173 dicitur
951 3108 1036 3172 Rex
1058 3107 1175 3176 suem
1198 3118 1233 3172 et
1254 3109 1415 3172 sacerdos
1441 3107 1507 3170 Dei
1536 3097 1592 3149 ‘¹¹0¹
1610 3106 1782 3163 ⁰⁰¹¹me

170 3223 332 3287 altissimi
342 3222 399 3308 (3).
426 3222 561 3307 Quibus
583 3225 716 3290 duobus
738 3225 849 3290 titulis
869 3244 1039 3290 summam
1061 3225 1213 3289 habebat
1235 3226 1281 3288 ab
1303 3224 1506 3296 Abrahami,

170 3340 323 3404 homlnis
336 3340 466 3405 exotici
481 3361 523 3404 ac
539 3343 722 3425 peregrini,
737 3343 903 3406 servitute
926 3343 1185 3413 immunitatem,
1211 3342 1373 3424 quocirca
1396 3341 1509 3405 minus

171 3457 197 3518 ii
221 3466 414 3520 vestrorum
437 3478 459 3520 a
482 3456 625 3521 veritate
647 3458 889 3532 discesserunt,
911 3459 971 3540 qui
986 3458 1114 3521 ‘dixere
1127 3457 1219 3540 apud
1242 3454 1439 3521 Galatinum
1452 3456 1507 3540 (4),

172 3571 348 3637 Pseimum
372 3572 471 3637 illurn
493 3594 515 3637 a
537 3572 674 3641 Davide
696 3575 835 3655 quidem
859 3575 999 3646 editum,
1020 3574 1083 3637 sed
1103 3576 1138 3636 in
1153 3573 1290 3636 laudem
1307 3570 1508 3646 Abraham,

170 3698 207 3753 et
227 3689 275 3751 ab
298 3707 340 3752 eo
361 3687 549 3761 dominum,
573 3690 608 3751 in
631 3689 882 3754 exhibitionem
907 3698 1069 3771 paternae
1091 3689 1314 3760 reverentiae,
1331 3698 1508 3761 vocatunn

169 3803 262 3868 sicut
282 3812 320 3868 et
341 3801 430 3867 Sara
442 3804 620 3868 dominum
636 3804 794 3869 eumdem
810 3804 1019 3887 appellavit:
1036 3804 1085 3868 Et
1097 3804 1255 3868 dominis
1269 3823 1364 3868 mass
1377 3803 1510 3868 eandm

170 3918 287 4003 miii
311 3917 490 4002 Quidquid
513 3930 627 3984 tamon
648 3921 697 3984 sit
718 3922 763 3984 de
786 3941 838 3993 eo,
858 3922 1033 4002 quomodo
1047 3922 1226 4004 sequentia
1240 3922 1363 3983 verba:
1387 3919 1473 3983 Sede
1486 3940 1509 3983 a

170 4035 305 4099 dextras
328 4034 420 4107 166ιὶ1,
442 4036 611 4118 quadrant
634 4035 669 4099 in
686 4035 946 4101 Abrahamum?
967 4036 1058 4100 Nam
1079 4038 1200 4100 sedere
1213 4036 1427 4100 auctoritatis
1445 4046 1508 4105 est.

170 4151 217 4214 ad
238 4153 428 4223 dexteram,
450 4168 604 4216 summae
626 4153 855 4235 aequalitatis.
880 4152 1101 4217 Abrahamus
1122 4160 1237 4216 autem
1262 4154 1297 4215 in
1316 4152 1509 4216 clarissima

170 4267 234 4330 illa
256 4267 400 4339 visione,
423 4287 491 4349 que
513 4267 624 4331 Deum
649 4278 702 4332 est
717 4270 862 4332 intuitus
885 4271 920 4331 in
937 4270 1014 4351 ipso
1030 4267 1165 4332 fervore
1188 4267 1266 4339 diei,
1281 4286 1421 4349 semper
1434 4269 1509 4330 eius

168 4402 208 4446 se
228 4401 368 4446 servum
392 4384 553 4447 nominat.
580 4383 639 4448 Ne
661 4388 820 4449 transeas
841 4405 976 4448 serrum
998 4389 1104 4447 bruna
1130 4384 1341 4448 Declrircrtt's
1370 4383 1417 4447 ad
1440 4404 1508 4446 rcr-

168 4518 251 4563 vum
272 4502 431 4563 nstrum.
455 4499 731 4565 [mentiremur
755 4505 836 4564 tuus
854 4500 1009 4586 gratiora
1022 4504 1076 4584 (ὁ).
1101 4499 1146 4564 Et
1169 4500 1277 4563 multo
1299 4511 1387 4582 post,
1412 4498 1509 4563 Deus

169 4614 271 4678 illum
300 4614 424 4678 eodem
456 4617 592 4679 nornine
625 4617 802 4680 nobilitat:
834 4615 1072 4701 Multt‘plr'cobo
1100 4636 1212 4680 semen
1243 4620 1343 4679 menz
1369 4619 1511 4700 propter

169 4728 347 4795 nedae
370 4750 504 4796 muns
525 4729 704 4816 mmo).
736 4731 809 4795 Nec
839 4750 1000 4814 umquam
1030 4750 1147 4795 eoram
1179 4732 1256 4795 Deo
1279 4733 1421 4802 sedisse,
1445 4732 1508 4794 sed

262 4920 300 4980 (1)
319 4918 418 4972 Psalm.
437 4931 481 4981 44,
500 4933 525 4971 n.
545 4930 570 4971 r.
599 4944 630 4957 -
659 4921 696 4981 (2)
722 4932 735 4966 2
762 4919 837 4985 Reg,
862 4929 904 4979 23,
928 4935 952 4972 n.
978 4931 1003 4971 2.
1033 4945 1066 4956 -
1094 4918 1136 4985 (3)
1161 4922 1261 4976 Gener..
1291 4929 1330 4980 14,
1350 4934 1374 4970 n.
1406 4918 1446 4970 18.
1477 4945 1507 4955 -

169 5009 214 5073 (4)
234 5009 335 5065 Galat..
356 5006 373 5059 1.
392 5006 417 5066 8,
436 5022 494 5073 cup,
514 5019 555 5071 st.
582 5032 615 5046 ·-
637 5006 679 5075 (5)
699 5011 801 5066 Gerus„
824 5006 863 5065 18,
883 5022 908 5061 n,
931 5020 971 5057 rr.
995 5035 1030 5046 -
1053 5005 1091 5072 (6)
1112 5011 1213 5066 Gener„
1242 5007 1281 5065 18,
1299 5024 1325 5060 u.
1346 5016 1405 5070 361
1426 5016 1449 5070 5,
1478 5034 1508 5043 -

171 5095 214 5163 (7)
236 5098 336 5155 Gener„
358 5106 399 5158 19,
418 5111 443 5149 n,
467 5107 507 5161 19.
