<?xml version="1.0" encoding="UTF-8"?>
<!DOCTYPE html PUBLIC "-//W3C//DTD XHTML 1.0 Transitional//EN"
    "http://www.w3.org/TR/xhtml1/DTD/xhtml1-transitional.dtd">
<html xmlns="http://www.w3.org/1999/xhtml" xml:lang="en" lang="en">
 <head>
  <title>
</title>
<meta http-equiv="Content-Type" content="text/html;charset=utf-8" />
  <meta name='ocr-system' content='tesseract 3.04.00' />
  <meta name='ocr-capabilities' content='ocr_page ocr_carea ocr_par ocr_line ocrx_word'/>
</head>
<body>
  <div class='ocr_page' id='page_1' title='image "./rerumaethiopica00beccgoog_0329.png"; bbox 0 0 4066 6184; ppageno 0'>
   <div class='ocr_carea' id='block_1_1' title="bbox 545 602 1536 725">
    <p class='ocr_par' dir='ltr' id='par_1_1' title="bbox 545 602 1536 725">
     <span class='ocr_line' id='line_1_1' title="bbox 545 602 1536 725; baseline -0.001 -52"><span class='ocrx_word' id='word_1_1' title='bbox 545 602 608 673; x_wconf 82' lang='lat'>260</span> <span class='ocrx_word' id='word_1_2' title='bbox 630 702 636 725; x_wconf 37' lang='grc' dir='ltr'>ι</span> <span class='ocrx_word' id='word_1_3' title='bbox 875 614 1147 673; x_wconf 76' lang='lat' dir='ltr'>axpnonroms</span> <span class='ocrx_word' id='word_1_4' title='bbox 1169 611 1430 672; x_wconf 75' lang='lat' dir='ltr'>narmoercnn</span> <span class='ocrx_word' id='word_1_5' title='bbox 1454 612 1536 672; x_wconf 72' lang='lat' dir='ltr'>arc.</span> 
     </span>
    </p>
   </div>
   <div class='ocr_carea' id='block_1_2' title="bbox 542 769 1874 1665">
    <p class='ocr_par' dir='ltr' id='par_1_2' title="bbox 542 769 1874 1665">
     <span class='ocr_line' id='line_1_2' title="bbox 542 769 1873 855; baseline 0 -21"><span class='ocrx_word' id='word_1_6' title='bbox 542 770 624 843; x_wconf 81' lang='lat' dir='ltr'>stds,</span> <span class='ocrx_word' id='word_1_7' title='bbox 649 771 684 833; x_wconf 93' lang='lat' dir='ltr'>id</span> <span class='ocrx_word' id='word_1_8' title='bbox 707 780 769 844; x_wconf 88' lang='lat' dir='ltr'>est,</span> <span class='ocrx_word' id='word_1_9' title='bbox 793 772 913 855; x_wconf 87' lang='lat' dir='ltr'>lingua</span> <span class='ocrx_word' id='word_1_10' title='bbox 935 769 1079 845; x_wconf 82' lang='lat' dir='ltr'>Christi3</span> <span class='ocrx_word' id='word_1_11' title='bbox 1101 772 1161 834; x_wconf 87' lang='lat' dir='ltr'>sed</span> <span class='ocrx_word' id='word_1_12' title='bbox 1177 773 1292 835; x_wconf 88' lang='lat' dir='ltr'>verius</span> <span class='ocrx_word' id='word_1_13' title='bbox 1308 769 1458 835; x_wconf 85' lang='lat' dir='ltr'>Satanae</span> <span class='ocrx_word' id='word_1_14' title='bbox 1474 772 1619 835; x_wconf 87' lang='lat' dir='ltr'>dicenda</span> <span class='ocrx_word' id='word_1_15' title='bbox 1634 771 1680 835; x_wconf 94' lang='lat' dir='ltr'>ob</span> <span class='ocrx_word' id='word_1_16' title='bbox 1695 772 1873 841; x_wconf 84' lang='lat' dir='ltr'>satanicas,</span> 
     </span>
     <span class='ocr_line' id='line_1_3' title="bbox 542 885 1874 971; baseline -0.002 -21"><span class='ocrx_word' id='word_1_17' title='bbox 542 908 627 971; x_wconf 87' lang='lat' dir='ltr'>quas</span> <span class='ocrx_word' id='word_1_18' title='bbox 649 890 738 951; x_wconf 90' lang='lat' dir='ltr'>inter</span> <span class='ocrx_word' id='word_1_19' title='bbox 761 887 1007 970; x_wconf 86' lang='lat' dir='ltr'>Imperatorem</span> <span class='ocrx_word' id='word_1_20' title='bbox 1031 899 1064 951; x_wconf 89' lang='lat' dir='ltr'>et</span> <span class='ocrx_word' id='word_1_21' title='bbox 1087 897 1267 971; x_wconf 88' lang='lat' dir='ltr'>patronum</span> <span class='ocrx_word' id='word_1_22' title='bbox 1291 909 1387 952; x_wconf 88' lang='lat' dir='ltr'>suum</span> <span class='ocrx_word' id='word_1_23' title='bbox 1409 888 1486 951; x_wconf 88' lang='lat' dir='ltr'>Ras</span> <span class='ocrx_word' id='word_1_24' title='bbox 1502 885 1584 951; x_wconf 75' lang='lat' dir='ltr'>sela</span> <span class='ocrx_word' id='word_1_25' title='bbox 1598 886 1754 950; x_wconf 71' lang='lat' dir='ltr'>Christos</span> <span class='ocrx_word' id='word_1_26' title='bbox 1769 885 1874 970; x_wconf 88' lang='lat' dir='ltr'>(cuius</span> 
     </span>
     <span class='ocr_line' id='line_1_4' title="bbox 542 1004 1874 1088; baseline -0.001 -22"><span class='ocrx_word' id='word_1_27' title='bbox 542 1007 757 1087; x_wconf 85' lang='lat' dir='ltr'>negotiorum</span> <span class='ocrx_word' id='word_1_28' title='bbox 782 1014 877 1068; x_wconf 87' lang='lat' dir='ltr'>actor</span> <span class='ocrx_word' id='word_1_29' title='bbox 899 1014 970 1068; x_wconf 87' lang='lat' dir='ltr'>erat</span> <span class='ocrx_word' id='word_1_30' title='bbox 994 1006 1029 1067; x_wconf 95' lang='lat' dir='ltr'>in</span> <span class='ocrx_word' id='word_1_31' title='bbox 1053 1004 1158 1087; x_wconf 91' lang='lat' dir='ltr'>curia)</span> <span class='ocrx_word' id='word_1_32' title='bbox 1175 1005 1286 1068; x_wconf 79' lang='lat' dir='ltr'>texuit</span> <span class='ocrx_word' id='word_1_33' title='bbox 1302 1006 1564 1088; x_wconf 87' lang='lat' dir='ltr'>implicationes,</span> <span class='ocrx_word' id='word_1_34' title='bbox 1579 1005 1715 1086; x_wconf 88' lang='lat' dir='ltr'>utrique</span> <span class='ocrx_word' id='word_1_35' title='bbox 1736 1022 1874 1066; x_wconf 89' lang='lat' dir='ltr'>narrans</span> 
     </span>
     <span class='ocr_line' id='line_1_5' title="bbox 543 1118 1872 1203; baseline -0.001 -22"><span class='ocrx_word' id='word_1_36' title='bbox 543 1122 631 1201; x_wconf 81' lang='lat' dir='ltr'>(cum</span> <span class='ocrx_word' id='word_1_37' title='bbox 655 1118 758 1182; x_wconf 87' lang='lat' dir='ltr'>facile</span> <span class='ocrx_word' id='word_1_38' title='bbox 782 1121 869 1183; x_wconf 89' lang='lat' dir='ltr'>inter</span> <span class='ocrx_word' id='word_1_39' title='bbox 892 1120 1215 1201; x_wconf 81' lang='lat' dir='ltr'>querelasverbum</span> <span class='ocrx_word' id='word_1_40' title='bbox 1239 1121 1378 1203; x_wconf 87' lang='lat' dir='ltr'>aliquod</span> <span class='ocrx_word' id='word_1_41' title='bbox 1401 1119 1552 1200; x_wconf 72' lang='lat' dir='ltr'>excidat)</span> <span class='ocrx_word' id='word_1_42' title='bbox 1574 1121 1666 1201; x_wconf 89' lang='lat' dir='ltr'>quod</span> <span class='ocrx_word' id='word_1_43' title='bbox 1689 1120 1737 1180; x_wconf 91' lang='lat' dir='ltr'>ob</span> <span class='ocrx_word' id='word_1_44' title='bbox 1759 1137 1872 1181; x_wconf 88' lang='lat' dir='ltr'>eorum</span> 
     </span>
     <span class='ocr_line' id='line_1_6' title="bbox 543 1235 1873 1309; baseline -0.001 -12"><span class='ocrx_word' id='word_1_45' title='bbox 543 1237 650 1298; x_wconf 87' lang='lat' dir='ltr'>altero</span> <span class='ocrx_word' id='word_1_46' title='bbox 663 1237 834 1309; x_wconf 85' lang='lat' dir='ltr'>audiisset,</span> <span class='ocrx_word' id='word_1_47' title='bbox 848 1256 915 1298; x_wconf 90' lang='lat' dir='ltr'>non</span> <span class='ocrx_word' id='word_1_48' title='bbox 931 1238 1003 1299; x_wconf 88' lang='lat' dir='ltr'>sine</span> <span class='ocrx_word' id='word_1_49' title='bbox 1020 1238 1225 1301; x_wconf 88' lang='lat' dir='ltr'>immanibus</span> <span class='ocrx_word' id='word_1_50' title='bbox 1239 1238 1491 1300; x_wconf 86' lang='lat' dir='ltr'>mendaciorum</span> <span class='ocrx_word' id='word_1_51' title='bbox 1509 1237 1710 1299; x_wconf 90' lang='lat' dir='ltr'>centonibus</span> <span class='ocrx_word' id='word_1_52' title='bbox 1726 1245 1762 1297; x_wconf 90' lang='lat' dir='ltr'>et</span> <span class='ocrx_word' id='word_1_53' title='bbox 1781 1235 1873 1296; x_wconf 93' lang='lat' dir='ltr'>addi·</span> 
     </span>
     <span class='ocr_line' id='line_1_7' title="bbox 542 1351 1873 1436; baseline -0.001 -21"><span class='ocrx_word' id='word_1_54' title='bbox 542 1354 712 1416; x_wconf 79' lang='lat' dir='ltr'>tamentis</span> <span class='ocrx_word' id='word_1_55' title='bbox 729 1352 1002 1416; x_wconf 90' lang='lat' dir='ltr'>Assentatoriam</span> <span class='ocrx_word' id='word_1_56' title='bbox 1019 1351 1140 1435; x_wconf 88' lang='lat' dir='ltr'>perfidi</span> <span class='ocrx_word' id='word_1_57' title='bbox 1156 1354 1305 1416; x_wconf 90' lang='lat' dir='ltr'>hominis</span> <span class='ocrx_word' id='word_1_58' title='bbox 1318 1354 1515 1436; x_wconf 88' lang='lat' dir='ltr'>nequitiam,</span> <span class='ocrx_word' id='word_1_59' title='bbox 1527 1353 1773 1436; x_wconf 85' lang='lat' dir='ltr'>sagacissimae</span> <span class='ocrx_word' id='word_1_60' title='bbox 1785 1353 1873 1414; x_wconf 88' lang='lat' dir='ltr'>naris</span> 
     </span>
     <span class='ocr_line' id='line_1_8' title="bbox 542 1466 1872 1551; baseline 0 -22"><span class='ocrx_word' id='word_1_61' title='bbox 542 1478 575 1530; x_wconf 93' lang='lat' dir='ltr'>et</span> <span class='ocrx_word' id='word_1_62' title='bbox 591 1469 806 1549; x_wconf 87' lang='lat' dir='ltr'>incorruptae</span> <span class='ocrx_word' id='word_1_63' title='bbox 829 1466 909 1531; x_wconf 85' lang='lat' dir='ltr'>fidei</span> <span class='ocrx_word' id='word_1_64' title='bbox 932 1482 1070 1532; x_wconf 88' lang='lat' dir='ltr'>senator</span> <span class='ocrx_word' id='word_1_65' title='bbox 1093 1467 1189 1541; x_wconf 76' lang='lat' dir='ltr'>Tine,</span> <span class='ocrx_word' id='word_1_66' title='bbox 1214 1479 1421 1533; x_wconf 89' lang='lat' dir='ltr'>secretorum</span> <span class='ocrx_word' id='word_1_67' title='bbox 1445 1467 1668 1551; x_wconf 91' lang='lat' dir='ltr'>Imperatoris</span> <span class='ocrx_word' id='word_1_68' title='bbox 1693 1469 1872 1550; x_wconf 87' lang='lat' dir='ltr'>particeps,</span> 
     </span>
     <span class='ocr_line' id='line_1_9' title="bbox 542 1583 1873 1665; baseline 0 -20"><span class='ocrx_word' id='word_1_69' title='bbox 542 1583 775 1665; x_wconf 84' lang='lat' dir='ltr'>deprehendit,</span> <span class='ocrx_word' id='word_1_70' title='bbox 799 1593 834 1646; x_wconf 90' lang='lat' dir='ltr'>et</span> <span class='ocrx_word' id='word_1_71' title='bbox 858 1584 934 1647; x_wconf 90' lang='lat' dir='ltr'>Ras</span> <span class='ocrx_word' id='word_1_72' title='bbox 957 1586 1109 1648; x_wconf 91' lang='lat' dir='ltr'>amicitia</span> <span class='ocrx_word' id='word_1_73' title='bbox 1131 1585 1198 1648; x_wconf 93' lang='lat' dir='ltr'>sibi</span> <span class='ocrx_word' id='word_1_74' title='bbox 1221 1586 1536 1648; x_wconf 89' lang='lat' dir='ltr'>coniunctissimum</span> <span class='ocrx_word' id='word_1_75' title='bbox 1559 1584 1747 1652; x_wconf 89' lang='lat' dir='ltr'>admonuit,</span> <span class='ocrx_word' id='word_1_76' title='bbox 1771 1594 1807 1645; x_wconf 93' lang='lat' dir='ltr'>ut</span> <span class='ocrx_word' id='word_1_77' title='bbox 1826 1585 1873 1645; x_wconf 94' lang='lat' dir='ltr'>in·</span> 
     </span>
    </p>
   </div>
   <div class='ocr_carea' id='block_1_3' title="bbox 542 1694 1978 1781">
    <p class='ocr_par' dir='ltr' id='par_1_3' title="bbox 542 1694 1978 1781">
     <span class='ocr_line' id='line_1_10' title="bbox 542 1694 1978 1781; baseline 0.005 -21"><span class='ocrx_word' id='word_1_78' title='bbox 542 1694 706 1762; x_wconf 74' lang='lat' dir='ltr'>sidio*sos</span> <span class='ocrx_word' id='word_1_79' title='bbox 728 1699 827 1762; x_wconf 90' lang='lat' dir='ltr'>huius</span> <span class='ocrx_word' id='word_1_80' title='bbox 849 1701 988 1781; x_wconf 86' lang='lat' dir='ltr'>viperae</span> <span class='ocrx_word' id='word_1_81' title='bbox 1013 1719 1145 1764; x_wconf 92' lang='lat' dir='ltr'>morsus</span> <span class='ocrx_word' id='word_1_82' title='bbox 1167 1709 1314 1765; x_wconf 85' lang='lat' dir='ltr'>caveret.</span> <span class='ocrx_word' id='word_1_83' title='bbox 1338 1699 1405 1781; x_wconf 81' lang='lat' dir='ltr'>Qui</span> <span class='ocrx_word' id='word_1_84' title='bbox 1428 1720 1506 1764; x_wconf 90' lang='lat' dir='ltr'>cum</span> <span class='ocrx_word' id='word_1_85' title='bbox 1525 1701 1677 1763; x_wconf 88' lang='lat' dir='ltr'>tabidam</span> <span class='ocrx_word' id='word_1_86' title='bbox 1705 1700 1798 1762; x_wconf 91' lang='lat' dir='ltr'>illius</span> <span class='ocrx_word' id='word_1_87' title='bbox 1813 1700 1873 1761; x_wconf 89' lang='lat' dir='ltr'>lin-</span> <span class='ocrx_word' id='word_1_88' title='bbox 1897 1708 1978 1767; x_wconf 63' lang='lat' dir='ltr'>tnta</span> 
     </span>
    </p>
   </div>
   <div class='ocr_carea' id='block_1_4' title="bbox 195 1814 1874 5008">
    <p class='ocr_par' dir='ltr' id='par_1_4' title="bbox 448 1814 1874 2711">
     <span class='ocr_line' id='line_1_11' title="bbox 541 1814 1873 1903; baseline 0 -27"><span class='ocrx_word' id='word_1_89' title='bbox 541 1833 644 1897; x_wconf 89' lang='lat' dir='ltr'>guam</span> <span class='ocrx_word' id='word_1_90' title='bbox 668 1814 830 1877; x_wconf 89' lang='lat' dir='ltr'>radicitus</span> <span class='ocrx_word' id='word_1_91' title='bbox 853 1816 1026 1897; x_wconf 88' lang='lat' dir='ltr'>extirpare</span> <span class='ocrx_word' id='word_1_92' title='bbox 1042 1818 1213 1880; x_wconf 80' lang='lat' dir='ltr'>debuisset</span> <span class='ocrx_word' id='word_1_93' title='bbox 1229 1816 1362 1903; x_wconf 68' lang='lat' dir='ltr'>(lingua</span> <span class='ocrx_word' id='word_1_94' title='bbox 1377 1817 1469 1880; x_wconf 92' lang='lat' dir='ltr'>enim</span> <span class='ocrx_word' id='word_1_95' title='bbox 1484 1815 1587 1880; x_wconf 72' lang='lat' dir='ltr'>tertio</span> <span class='ocrx_word' id='word_1_96' title='bbox 1602 1814 1727 1879; x_wconf 78' lang='lat' dir='ltr'>mullos</span> <span class='ocrx_word' id='word_1_97' title='bbox 1741 1834 1873 1877; x_wconf 86' lang='lat' dir='ltr'>commo·</span> 
     </span>
     <span class='ocr_line' id='line_1_12' title="bbox 448 1929 1873 2025; baseline 0.001 -34"><span class='ocrx_word' id='word_1_98' title='bbox 448 2014 455 2025; x_wconf 30' lang='grc' dir='ltr'>Ι</span> <span class='ocrx_word' id='word_1_99' title='bbox 540 1929 592 1992; x_wconf 73' lang='lat' dir='ltr'>orl</span> <span class='ocrx_word' id='word_1_100' title='bbox 593 1977 642 1991; x_wconf 88' lang='grc'><strong>.....</strong></span> <span class='ocrx_word' id='word_1_101' title='bbox 667 1933 701 1992; x_wconf 79' lang='lat' dir='ltr'>ot</span> <span class='ocrx_word' id='word_1_102' title='bbox 714 1930 826 1992; x_wconf 74' lang='lat' dir='ltr'>domm</span> <span class='ocrx_word' id='word_1_103' title='bbox 840 1935 1078 2017; x_wconf 77' lang='lat' dir='ltr'>magnatorum</span> <span class='ocrx_word' id='word_1_104' title='bbox 1094 1931 1226 2017; x_wconf 79' lang='lat' dir='ltr'>effodit)</span> <span class='ocrx_word' id='word_1_105' title='bbox 1239 1932 1292 2015; x_wconf 82' lang='grc' dir='ltr'>(ι),</span> <span class='ocrx_word' id='word_1_106' title='bbox 1310 1934 1344 1995; x_wconf 92' lang='lat' dir='ltr'>in</span> <span class='ocrx_word' id='word_1_107' title='bbox 1361 1932 1436 1996; x_wconf 89' lang='lat' dir='ltr'>sola</span> <span class='ocrx_word' id='word_1_108' title='bbox 1451 1932 1633 1995; x_wconf 87' lang='lat' dir='ltr'>verborum</span> <span class='ocrx_word' id='word_1_109' title='bbox 1650 1932 1873 2014; x_wconf 78' lang='lat' dir='ltr'>castigatione</span> 
     </span>
     <span class='ocr_line' id='line_1_13' title="bbox 541 2043 1874 2131; baseline 0 -23"><span class='ocrx_word' id='word_1_110' title='bbox 541 2047 681 2127; x_wconf 88' lang='lat' dir='ltr'>quievit.</span> <span class='ocrx_word' id='word_1_111' title='bbox 705 2043 781 2127; x_wconf 79' lang='lat' dir='ltr'>Qua</span> <span class='ocrx_word' id='word_1_112' title='bbox 804 2047 863 2109; x_wconf 90' lang='lat' dir='ltr'>ille</span> <span class='ocrx_word' id='word_1_113' title='bbox 887 2048 1022 2121; x_wconf 88' lang='lat' dir='ltr'>abusus,</span> <span class='ocrx_word' id='word_1_114' title='bbox 1046 2068 1123 2112; x_wconf 91' lang='lat' dir='ltr'>cum</span> <span class='ocrx_word' id='word_1_115' title='bbox 1146 2068 1282 2131; x_wconf 88' lang='lat' dir='ltr'>semper</span> <span class='ocrx_word' id='word_1_116' title='bbox 1304 2049 1428 2113; x_wconf 87' lang='lat' dir='ltr'>molles</span> <span class='ocrx_word' id='word_1_117' title='bbox 1443 2049 1486 2111; x_wconf 88' lang='lat' dir='ltr'>ad</span> <span class='ocrx_word' id='word_1_118' title='bbox 1503 2047 1749 2130; x_wconf 89' lang='lat' dir='ltr'>Imperatorem</span> <span class='ocrx_word' id='word_1_119' title='bbox 1765 2047 1874 2110; x_wconf 90' lang='lat' dir='ltr'>aditus</span> 
     </span>
     <span class='ocr_line' id='line_1_14' title="bbox 541 2162 1873 2244; baseline 0 -20"><span class='ocrx_word' id='word_1_120' title='bbox 541 2162 640 2224; x_wconf 88' lang='lat' dir='ltr'>malis</span> <span class='ocrx_word' id='word_1_121' title='bbox 663 2163 795 2225; x_wconf 91' lang='lat' dir='ltr'>artibus</span> <span class='ocrx_word' id='word_1_122' title='bbox 818 2164 990 2244; x_wconf 88' lang='lat' dir='ltr'>quaesitos</span> <span class='ocrx_word' id='word_1_123' title='bbox 1011 2162 1164 2237; x_wconf 89' lang='lat' dir='ltr'>haberet,</span> <span class='ocrx_word' id='word_1_124' title='bbox 1188 2166 1273 2227; x_wconf 87' lang='lat' dir='ltr'>iram</span> <span class='ocrx_word' id='word_1_125' title='bbox 1297 2166 1331 2227; x_wconf 94' lang='lat' dir='ltr'>in</span> <span class='ocrx_word' id='word_1_126' title='bbox 1355 2165 1560 2227; x_wconf 87' lang='lat' dir='ltr'>benevolum</span> <span class='ocrx_word' id='word_1_127' title='bbox 1577 2165 1781 2226; x_wconf 90' lang='lat' dir='ltr'>monitorem</span> <span class='ocrx_word' id='word_1_128' title='bbox 1802 2181 1873 2224; x_wconf 85' lang='lat' dir='ltr'>ver·</span> 
     </span>
     <span class='ocr_line' id='line_1_15' title="bbox 541 2276 1871 2363; baseline -0.001 -23"><span class='ocrx_word' id='word_1_129' title='bbox 541 2287 625 2351; x_wconf 92' lang='lat' dir='ltr'>tens,</span> <span class='ocrx_word' id='word_1_130' title='bbox 650 2276 764 2341; x_wconf 90' lang='lat' dir='ltr'>effecit</span> <span class='ocrx_word' id='word_1_131' title='bbox 787 2288 824 2341; x_wconf 87' lang='lat' dir='ltr'>ut</span> <span class='ocrx_word' id='word_1_132' title='bbox 847 2278 945 2353; x_wconf 74' lang='lat' dir='ltr'>Tine,</span> <span class='ocrx_word' id='word_1_133' title='bbox 969 2299 1103 2343; x_wconf 89' lang='lat' dir='ltr'>summo</span> <span class='ocrx_word' id='word_1_134' title='bbox 1126 2283 1225 2345; x_wconf 88' lang='lat' dir='ltr'>aulae</span> <span class='ocrx_word' id='word_1_135' title='bbox 1249 2282 1385 2354; x_wconf 82' lang='lat' dir='ltr'>damae,</span> <span class='ocrx_word' id='word_1_136' title='bbox 1408 2281 1629 2363; x_wconf 89' lang='lat' dir='ltr'>Imperatoris</span> <span class='ocrx_word' id='word_1_137' title='bbox 1655 2281 1767 2363; x_wconf 85' lang='lat' dir='ltr'>gratia</span> <span class='ocrx_word' id='word_1_138' title='bbox 1783 2280 1871 2342; x_wconf 86' lang='lat' dir='ltr'>exci-</span> 
     </span>
     <span class='ocr_line' id='line_1_16' title="bbox 541 2395 1873 2475; baseline 0.001 -20"><span class='ocrx_word' id='word_1_139' title='bbox 541 2395 636 2457; x_wconf 87' lang='lat' dir='ltr'>deret</span> <span class='ocrx_word' id='word_1_140' title='bbox 659 2403 694 2457; x_wconf 91' lang='lat' dir='ltr'>et</span> <span class='ocrx_word' id='word_1_141' title='bbox 717 2395 762 2458; x_wconf 93' lang='lat' dir='ltr'>ab</span> <span class='ocrx_word' id='word_1_142' title='bbox 784 2395 879 2458; x_wconf 90' lang='lat' dir='ltr'>illius</span> <span class='ocrx_word' id='word_1_143' title='bbox 902 2397 1157 2460; x_wconf 88' lang='lat' dir='ltr'>commentariis</span> <span class='ocrx_word' id='word_1_144' title='bbox 1191 2398 1441 2460; x_wconf 82' lang='lat' dir='ltr'>excluderetur.</span> <span class='ocrx_word' id='word_1_145' title='bbox 1465 2396 1562 2459; x_wconf 92' lang='lat' dir='ltr'>Nihil</span> <span class='ocrx_word' id='word_1_146' title='bbox 1585 2397 1676 2458; x_wconf 90' lang='lat' dir='ltr'>enim</span> <span class='ocrx_word' id='word_1_147' title='bbox 1699 2396 1790 2457; x_wconf 90' lang='lat' dir='ltr'>bono</span> <span class='ocrx_word' id='word_1_148' title='bbox 1816 2414 1873 2475; x_wconf 90' lang='lat' dir='ltr'>pu-</span> 
     </span>
     <span class='ocr_line' id='line_1_17' title="bbox 540 2510 1872 2594; baseline -0.001 -21"><span class='ocrx_word' id='word_1_149' title='bbox 540 2510 633 2573; x_wconf 92' lang='lat' dir='ltr'>blico</span> <span class='ocrx_word' id='word_1_150' title='bbox 655 2512 889 2593; x_wconf 90' lang='lat' dir='ltr'>perniciosius,</span> <span class='ocrx_word' id='word_1_151' title='bbox 913 2532 1015 2594; x_wconf 88' lang='lat' dir='ltr'>quam</span> <span class='ocrx_word' id='word_1_152' title='bbox 1038 2514 1067 2576; x_wconf 92' lang='lat' dir='ltr'>si</span> <span class='ocrx_word' id='word_1_153' title='bbox 1092 2513 1345 2576; x_wconf 78' lang='lat' dir='ltr'>mendaciorum</span> <span class='ocrx_word' id='word_1_154' title='bbox 1365 2524 1496 2577; x_wconf 88' lang='lat' dir='ltr'>satores</span> <span class='ocrx_word' id='word_1_155' title='bbox 1511 2514 1598 2575; x_wconf 92' lang='lat' dir='ltr'>intra</span> <span class='ocrx_word' id='word_1_156' title='bbox 1614 2512 1804 2594; x_wconf 88' lang='lat' dir='ltr'>penetralia</span> <span class='ocrx_word' id='word_1_157' title='bbox 1818 2511 1872 2573; x_wconf 91' lang='lat' dir='ltr'>ad·</span> 
     </span>
     <span class='ocr_line' id='line_1_18' title="bbox 541 2628 1873 2711; baseline 0 -23"><span class='ocrx_word' id='word_1_158' title='bbox 541 2628 718 2690; x_wconf 87' lang='lat' dir='ltr'>mittantur</span> <span class='ocrx_word' id='word_1_159' title='bbox 740 2636 775 2690; x_wconf 88' lang='lat' dir='ltr'>et</span> <span class='ocrx_word' id='word_1_160' title='bbox 798 2628 952 2701; x_wconf 77' lang='lat' dir='ltr'>veritatis</span> <span class='ocrx_word' id='word_1_161' title='bbox 987 2628 1197 2711; x_wconf 87' lang='lat' dir='ltr'>libripendes</span> <span class='ocrx_word' id='word_1_162' title='bbox 1224 2630 1399 2692; x_wconf 87' lang='lat' dir='ltr'>liminibus</span> <span class='ocrx_word' id='word_1_163' title='bbox 1421 2638 1600 2692; x_wconf 85' lang='lat' dir='ltr'>arceantur</span> <span class='ocrx_word' id='word_1_164' title='bbox 1622 2637 1657 2691; x_wconf 87' lang='lat' dir='ltr'>et</span> <span class='ocrx_word' id='word_1_165' title='bbox 1679 2646 1788 2709; x_wconf 89' lang='lat' dir='ltr'>prope</span> <span class='ocrx_word' id='word_1_166' title='bbox 1809 2628 1873 2690; x_wconf 86' lang='lat' dir='ltr'>sint</span> 
     </span>
    </p>

    <p class='ocr_par' dir='ltr' id='par_1_5' title="bbox 195 2743 1871 4914">
     <span class='ocr_line' id='line_1_19' title="bbox 540 2743 1446 2827; baseline 0.004 -22"><span class='ocrx_word' id='word_1_167' title='bbox 540 2744 598 2824; x_wconf 92' lang='lat' dir='ltr'>qui</span> <span class='ocrx_word' id='word_1_168' title='bbox 623 2744 853 2806; x_wconf 89' lang='lat' dir='ltr'>dissensiones</span> <span class='ocrx_word' id='word_1_169' title='bbox 876 2743 982 2818; x_wconf 88' lang='lat' dir='ltr'>alant,</span> <span class='ocrx_word' id='word_1_170' title='bbox 1004 2744 1127 2827; x_wconf 90' lang='lat' dir='ltr'>procul</span> <span class='ocrx_word' id='word_1_171' title='bbox 1150 2745 1207 2826; x_wconf 90' lang='lat' dir='ltr'>qui</span> <span class='ocrx_word' id='word_1_172' title='bbox 1232 2746 1446 2827; x_wconf 79' lang='lat' dir='ltr'>extinguant</span> 
     </span>
     <span class='ocr_line' id='line_1_20' title="bbox 230 2857 1871 2954; baseline 0.001 -34"><span class='ocrx_word' id='word_1_173' title='bbox 230 2872 370 2920; x_wconf 61' lang='lat' dir='ltr'>umnec</span> <span class='ocrx_word' id='word_1_174' title='bbox 384 2868 515 2954; x_wconf 60' lang='lat' dir='ltr'>chonon</span> <span class='ocrx_word' id='word_1_175' title='bbox 633 2877 661 2939; x_wconf 85' lang='lat'>7.</span> <span class='ocrx_word' id='word_1_176' title='bbox 686 2857 900 2941; x_wconf 87' lang='lat' dir='ltr'>Supplicium</span> <span class='ocrx_word' id='word_1_177' title='bbox 924 2869 1038 2924; x_wconf 88' lang='lat' dir='ltr'>tamen</span> <span class='ocrx_word' id='word_1_178' title='bbox 1054 2862 1180 2943; x_wconf 86' lang='lat' dir='ltr'>impiae</span> <span class='ocrx_word' id='word_1_179' title='bbox 1196 2862 1334 2945; x_wconf 84' lang='lat' dir='ltr'>linguae</span> <span class='ocrx_word' id='word_1_180' title='bbox 1351 2862 1597 2933; x_wconf 88' lang='lat' dir='ltr'>commeritum,</span> <span class='ocrx_word' id='word_1_181' title='bbox 1612 2860 1705 2941; x_wconf 93' lang='lat' dir='ltr'>quod</span> <span class='ocrx_word' id='word_1_182' title='bbox 1720 2859 1871 2922; x_wconf 86' lang='lat' dir='ltr'>homines</span> 
     </span>
     <span class='ocr_line' id='line_1_21' title="bbox 195 2942 1871 3058; baseline 0 -21"><span class='ocrx_word' id='word_1_183' title='bbox 195 2942 295 2991; x_wconf 61' lang='lat'><strong>“⁸⁶²⁸</strong></span> <span class='ocrx_word' id='word_1_184' title='bbox 322 2951 512 2993; x_wconf 62' lang='lat'>⁰¹⁶¹¹¹¹⁸⁸¹¹²¹⁸⁸</span> <span class='ocrx_word' id='word_1_185' title='bbox 542 2975 808 3048; x_wconf 83' lang='lat' dir='ltr'>dissimularunt,</span> <span class='ocrx_word' id='word_1_186' title='bbox 833 2976 929 3040; x_wconf 87' lang='lat' dir='ltr'>Deus</span> <span class='ocrx_word' id='word_1_187' title='bbox 952 2976 1105 3040; x_wconf 84' lang='lat' dir='ltr'>advexit.</span> <span class='ocrx_word' id='word_1_188' title='bbox 1130 2977 1196 3040; x_wconf 87' lang='lat' dir='ltr'>Illa</span> <span class='ocrx_word' id='word_1_189' title='bbox 1219 2979 1309 3040; x_wconf 91' lang='lat' dir='ltr'>enim</span> <span class='ocrx_word' id='word_1_190' title='bbox 1335 2978 1495 3041; x_wconf 89' lang='lat' dir='ltr'>licentiae</span> <span class='ocrx_word' id='word_1_191' title='bbox 1518 2987 1653 3040; x_wconf 89' lang='lat' dir='ltr'>assueta</span> <span class='ocrx_word' id='word_1_192' title='bbox 1675 2977 1710 3038; x_wconf 90' lang='lat' dir='ltr'>in</span> <span class='ocrx_word' id='word_1_193' title='bbox 1742 2986 1871 3058; x_wconf 87' lang='lat' dir='ltr'>apertas</span> 
     </span>
     <span class='ocr_line' id='line_1_22' title="bbox 541 3090 1871 3189; baseline 0.001 -37"><span class='ocrx_word' id='word_1_194' title='bbox 541 3101 659 3153; x_wconf 90' lang='lat' dir='ltr'>contra</span> <span class='ocrx_word' id='word_1_195' title='bbox 682 3090 792 3189; x_wconf 71' lang='lat' dir='ltr'>Deum</span> <span class='ocrx_word' id='word_1_196' title='bbox 818 3093 1050 3174; x_wconf 90' lang='lat' dir='ltr'>blasphemias</span> <span class='ocrx_word' id='word_1_197' title='bbox 1073 3102 1108 3155; x_wconf 92' lang='lat' dir='ltr'>et</span> <span class='ocrx_word' id='word_1_198' title='bbox 1130 3094 1165 3156; x_wconf 90' lang='lat' dir='ltr'>in</span> <span class='ocrx_word' id='word_1_199' title='bbox 1191 3094 1375 3175; x_wconf 87' lang='lat' dir='ltr'>opprobria</span> <span class='ocrx_word' id='word_1_200' title='bbox 1398 3105 1515 3157; x_wconf 91' lang='lat' dir='ltr'>contra</span> <span class='ocrx_word' id='word_1_201' title='bbox 1535 3093 1610 3156; x_wconf 85' lang='lat' dir='ltr'>Ras</span> <span class='ocrx_word' id='word_1_202' title='bbox 1625 3090 1708 3156; x_wconf 74' lang='lat' dir='ltr'>Sela</span> <span class='ocrx_word' id='word_1_203' title='bbox 1723 3090 1871 3155; x_wconf 80' lang='lat' dir='ltr'>Christds</span> 
     </span>
     <span class='ocr_line' id='line_1_23' title="bbox 542 3206 1870 3292; baseline 0.002 -25"><span class='ocrx_word' id='word_1_204' title='bbox 542 3207 576 3268; x_wconf 90' lang='lat' dir='ltr'>in</span> <span class='ocrx_word' id='word_1_205' title='bbox 600 3226 706 3289; x_wconf 89' lang='lat' dir='ltr'>regno</span> <span class='ocrx_word' id='word_1_206' title='bbox 728 3206 912 3271; x_wconf 88' lang='lat' dir='ltr'>Amarensi</span> <span class='ocrx_word' id='word_1_207' title='bbox 937 3228 997 3290; x_wconf 87' lang='lat' dir='ltr'>per</span> <span class='ocrx_word' id='word_1_208' title='bbox 1019 3209 1177 3290; x_wconf 90' lang='lat' dir='ltr'>hyemem</span> <span class='ocrx_word' id='word_1_209' title='bbox 1202 3210 1323 3291; x_wconf 90' lang='lat' dir='ltr'>erupit.</span> <span class='ocrx_word' id='word_1_210' title='bbox 1341 3209 1395 3272; x_wconf 85' lang='lat' dir='ltr'>De</span> <span class='ocrx_word' id='word_1_211' title='bbox 1413 3210 1536 3292; x_wconf 90' lang='lat' dir='ltr'>quibus</span> <span class='ocrx_word' id='word_1_212' title='bbox 1559 3229 1674 3273; x_wconf 91' lang='lat' dir='ltr'>coram</span> <span class='ocrx_word' id='word_1_213' title='bbox 1698 3208 1870 3289; x_wconf 89' lang='lat' dir='ltr'>integerri-</span> 
     </span>
     <span class='ocr_line' id='line_1_24' title="bbox 542 3323 1870 3408; baseline 0.002 -25"><span class='ocrx_word' id='word_1_214' title='bbox 542 3323 607 3384; x_wconf 91' lang='lat' dir='ltr'>mis</span> <span class='ocrx_word' id='word_1_215' title='bbox 629 3323 799 3385; x_wconf 89' lang='lat' dir='ltr'>iudicibus</span> <span class='ocrx_word' id='word_1_216' title='bbox 821 3335 1010 3397; x_wconf 82' lang='lat' dir='ltr'>accusatus,</span> <span class='ocrx_word' id='word_1_217' title='bbox 1034 3327 1225 3407; x_wconf 87' lang='lat' dir='ltr'>probatum,</span> <span class='ocrx_word' id='word_1_218' title='bbox 1250 3346 1316 3388; x_wconf 93' lang='lat' dir='ltr'>non</span> <span class='ocrx_word' id='word_1_219' title='bbox 1341 3327 1489 3408; x_wconf 89' lang='lat' dir='ltr'>antiquis</span> <span class='ocrx_word' id='word_1_220' title='bbox 1513 3335 1644 3388; x_wconf 90' lang='lat' dir='ltr'>tantum</span> <span class='ocrx_word' id='word_1_221' title='bbox 1668 3324 1870 3407; x_wconf 89' lang='lat' dir='ltr'>Aethiopiae</span> 
     </span>
     <span class='ocr_line' id='line_1_25' title="bbox 542 3437 1870 3525; baseline 0.004 -27"><span class='ocrx_word' id='word_1_222' title='bbox 542 3437 748 3509; x_wconf 87' lang='lat' dir='ltr'>haeresibus,</span> <span class='ocrx_word' id='word_1_223' title='bbox 773 3440 835 3502; x_wconf 91' lang='lat' dir='ltr'>sed</span> <span class='ocrx_word' id='word_1_224' title='bbox 858 3440 1001 3503; x_wconf 91' lang='lat' dir='ltr'>iudaicis</span> <span class='ocrx_word' id='word_1_225' title='bbox 1025 3438 1127 3504; x_wconf 86' lang='lat' dir='ltr'>etiam</span> <span class='ocrx_word' id='word_1_226' title='bbox 1152 3443 1252 3525; x_wconf 89' lang='lat' dir='ltr'>nugis</span> <span class='ocrx_word' id='word_1_227' title='bbox 1275 3444 1411 3515; x_wconf 85' lang='lat' dir='ltr'>irretiri,</span> <span class='ocrx_word' id='word_1_228' title='bbox 1428 3462 1491 3505; x_wconf 87' lang='lat' dir='ltr'>nec</span> <span class='ocrx_word' id='word_1_229' title='bbox 1505 3450 1637 3504; x_wconf 91' lang='lat' dir='ltr'>tantum</span> <span class='ocrx_word' id='word_1_230' title='bbox 1655 3461 1675 3503; x_wconf 92' lang='lat' dir='ltr'>a</span> <span class='ocrx_word' id='word_1_231' title='bbox 1691 3438 1870 3504; x_wconf 89' lang='lat' dir='ltr'>Salomone</span> 
     </span>
     <span class='ocr_line' id='line_1_26' title="bbox 542 3555 1868 3640; baseline 0.002 -25"><span class='ocrx_word' id='word_1_232' title='bbox 542 3555 721 3626; x_wconf 89' lang='lat' dir='ltr'>austriac0,</span> <span class='ocrx_word' id='word_1_233' title='bbox 738 3556 799 3618; x_wconf 93' lang='lat' dir='ltr'>sed</span> <span class='ocrx_word' id='word_1_234' title='bbox 823 3556 867 3618; x_wconf 92' lang='lat' dir='ltr'>ab</span> <span class='ocrx_word' id='word_1_235' title='bbox 890 3557 995 3638; x_wconf 91' lang='lat' dir='ltr'>impio</span> <span class='ocrx_word' id='word_1_236' title='bbox 1019 3558 1198 3631; x_wconf 90' lang='lat' dir='ltr'>monacho,</span> <span class='ocrx_word' id='word_1_237' title='bbox 1222 3578 1284 3620; x_wconf 92' lang='lat' dir='ltr'>suo</span> <span class='ocrx_word' id='word_1_238' title='bbox 1306 3559 1478 3640; x_wconf 89' lang='lat' dir='ltr'>quondam</span> <span class='ocrx_word' id='word_1_239' title='bbox 1495 3559 1670 3640; x_wconf 85' lang='lat' dir='ltr'>magistro,</span> <span class='ocrx_word' id='word_1_240' title='bbox 1691 3556 1868 3620; x_wconf 89' lang='lat' dir='ltr'>instillatis.</span> 
     </span>
     <span class='ocr_line' id='line_1_27' title="bbox 542 3667 1869 3756; baseline 0.004 -27"><span class='ocrx_word' id='word_1_241' title='bbox 542 3667 634 3731; x_wconf 89' lang='lat' dir='ltr'>lnter</span> <span class='ocrx_word' id='word_1_242' title='bbox 656 3688 744 3750; x_wconf 88' lang='lat' dir='ltr'>quae</span> <span class='ocrx_word' id='word_1_243' title='bbox 767 3671 853 3734; x_wconf 90' lang='lat' dir='ltr'>illud</span> <span class='ocrx_word' id='word_1_244' title='bbox 876 3683 959 3743; x_wconf 91' lang='lat' dir='ltr'>erat,</span> <span class='ocrx_word' id='word_1_245' title='bbox 983 3681 1019 3735; x_wconf 92' lang='lat' dir='ltr'>ut</span> <span class='ocrx_word' id='word_1_246' title='bbox 1042 3670 1285 3737; x_wconf 84' lang='lat' dir='ltr'>Sanctissimae</span> <span class='ocrx_word' id='word_1_247' title='bbox 1308 3673 1485 3738; x_wconf 88' lang='lat' dir='ltr'>Trinitatis</span> <span class='ocrx_word' id='word_1_248' title='bbox 1499 3692 1663 3756; x_wconf 90' lang='lat' dir='ltr'>personas</span> <span class='ocrx_word' id='word_1_249' title='bbox 1679 3673 1869 3756; x_wconf 78' lang='lat' dir='ltr'>abnegaret,</span> 
     </span>
     <span class='ocr_line' id='line_1_28' title="bbox 542 3784 1868 3875; baseline 0.002 -29"><span class='ocrx_word' id='word_1_250' title='bbox 542 3784 584 3847; x_wconf 90' lang='lat' dir='ltr'>de</span> <span class='ocrx_word' id='word_1_251' title='bbox 607 3787 730 3866; x_wconf 90' lang='lat' dir='ltr'>quibus</span> <span class='ocrx_word' id='word_1_252' title='bbox 754 3788 801 3849; x_wconf 91' lang='lat' dir='ltr'>ita</span> <span class='ocrx_word' id='word_1_253' title='bbox 824 3808 887 3850; x_wconf 93' lang='lat' dir='ltr'>nos</span> <span class='ocrx_word' id='word_1_254' title='bbox 910 3790 1043 3851; x_wconf 88' lang='lat' dir='ltr'>curiose</span> <span class='ocrx_word' id='word_1_255' title='bbox 1063 3788 1246 3870; x_wconf 88' lang='lat' dir='ltr'>aliquando</span> <span class='ocrx_word' id='word_1_256' title='bbox 1263 3790 1489 3875; x_wconf 90' lang='lat' dir='ltr'>interrogavit</span> <span class='ocrx_word' id='word_1_257' title='bbox 1505 3791 1604 3872; x_wconf 89' lang='lat' dir='ltr'>quasi</span> <span class='ocrx_word' id='word_1_258' title='bbox 1620 3789 1757 3852; x_wconf 91' lang='lat' dir='ltr'>illarum</span> <span class='ocrx_word' id='word_1_259' title='bbox 1773 3785 1868 3851; x_wconf 87' lang='lat' dir='ltr'>fidem</span> 
     </span>
     <span class='ocr_line' id='line_1_29' title="bbox 542 3901 1868 3983; baseline 0.002 -21"><span class='ocrx_word' id='word_1_260' title='bbox 542 3901 762 3983; x_wconf 90' lang='lat' dir='ltr'>disputationi</span> <span class='ocrx_word' id='word_1_261' title='bbox 787 3913 820 3966; x_wconf 90' lang='lat' dir='ltr'>et</span> <span class='ocrx_word' id='word_1_262' title='bbox 843 3904 952 3968; x_wconf 91' lang='lat' dir='ltr'>oculis</span> <span class='ocrx_word' id='word_1_263' title='bbox 975 3904 1142 3968; x_wconf 84' lang='lat' dir='ltr'>subiicere</span> <span class='ocrx_word' id='word_1_264' title='bbox 1166 3907 1397 3980; x_wconf 88' lang='lat' dir='ltr'>contenderet,</span> <span class='ocrx_word' id='word_1_265' title='bbox 1421 3915 1459 3968; x_wconf 92' lang='lat' dir='ltr'>ut</span> <span class='ocrx_word' id='word_1_266' title='bbox 1489 3907 1666 3969; x_wconf 88' lang='lat' dir='ltr'>nobiscum</span> <span class='ocrx_word' id='word_1_267' title='bbox 1698 3915 1778 3967; x_wconf 90' lang='lat' dir='ltr'>tunc</span> <span class='ocrx_word' id='word_1_268' title='bbox 1807 3912 1868 3966; x_wconf 90' lang='lat' dir='ltr'>sta·</span> 
     </span>
     <span class='ocr_line' id='line_1_30' title="bbox 541 4018 1868 4104; baseline 0 -25"><span class='ocrx_word' id='word_1_269' title='bbox 541 4020 704 4081; x_wconf 87' lang='lat' dir='ltr'>tuerimus</span> <span class='ocrx_word' id='word_1_270' title='bbox 727 4020 897 4083; x_wconf 89' lang='lat' dir='ltr'>neminem</span> <span class='ocrx_word' id='word_1_271' title='bbox 921 4021 956 4082; x_wconf 92' lang='lat' dir='ltr'>in</span> <span class='ocrx_word' id='word_1_272' title='bbox 979 4022 1080 4083; x_wconf 90' lang='lat' dir='ltr'>rebus</span> <span class='ocrx_word' id='word_1_273' title='bbox 1110 4018 1189 4083; x_wconf 87' lang='lat' dir='ltr'>fidei</span> <span class='ocrx_word' id='word_1_274' title='bbox 1220 4041 1296 4084; x_wconf 92' lang='lat' dir='ltr'>esse</span> <span class='ocrx_word' id='word_1_275' title='bbox 1328 4023 1429 4084; x_wconf 90' lang='lat' dir='ltr'>nimis</span> <span class='ocrx_word' id='word_1_276' title='bbox 1459 4025 1641 4094; x_wconf 91' lang='lat' dir='ltr'>curiosum,</span> <span class='ocrx_word' id='word_1_277' title='bbox 1671 4021 1755 4104; x_wconf 88' lang='lat' dir='ltr'>quin</span> <span class='ocrx_word' id='word_1_278' title='bbox 1784 4019 1868 4082; x_wconf 88' lang='lat' dir='ltr'>male</span> 
     </span>
     <span class='ocr_line' id='line_1_31' title="bbox 541 4135 1867 4219; baseline 0.001 -23"><span class='ocrx_word' id='word_1_279' title='bbox 541 4135 644 4197; x_wconf 91' lang='lat' dir='ltr'>sitin</span> <span class='ocrx_word' id='word_1_280' title='bbox 675 4137 829 4198; x_wconf 90' lang='lat' dir='ltr'>eamdem</span> <span class='ocrx_word' id='word_1_281' title='bbox 861 4138 1039 4198; x_wconf 90' lang='lat' dir='ltr'>animatus.</span> <span class='ocrx_word' id='word_1_282' title='bbox 1064 4135 1199 4199; x_wconf 89' lang='lat' dir='ltr'>Iudices</span> <span class='ocrx_word' id='word_1_283' title='bbox 1229 4137 1411 4219; x_wconf 91' lang='lat' dir='ltr'>capitalem</span> <span class='ocrx_word' id='word_1_284' title='bbox 1434 4139 1470 4200; x_wconf 91' lang='lat' dir='ltr'>in</span> <span class='ocrx_word' id='word_1_285' title='bbox 1493 4157 1570 4201; x_wconf 89' lang='lat' dir='ltr'>eum</span> <span class='ocrx_word' id='word_1_286' title='bbox 1598 4137 1801 4200; x_wconf 89' lang='lat' dir='ltr'>sententiam</span> <span class='ocrx_word' id='word_1_287' title='bbox 1822 4144 1867 4197; x_wconf 91' lang='lat' dir='ltr'>tu·</span> 
     </span>
     <span class='ocr_line' id='line_1_32' title="bbox 542 4249 1868 4335; baseline 0.001 -23"><span class='ocrx_word' id='word_1_288' title='bbox 542 4249 663 4323; x_wconf 89' lang='lat' dir='ltr'>lerunt,</span> <span class='ocrx_word' id='word_1_289' title='bbox 687 4252 782 4314; x_wconf 91' lang='lat' dir='ltr'>cuius</span> <span class='ocrx_word' id='word_1_290' title='bbox 813 4253 1047 4314; x_wconf 88' lang='lat' dir='ltr'>executionem</span> <span class='ocrx_word' id='word_1_291' title='bbox 1076 4251 1135 4314; x_wconf 90' lang='lat' dir='ltr'>ille</span> <span class='ocrx_word' id='word_1_292' title='bbox 1162 4255 1316 4315; x_wconf 82' lang='lat' dir='ltr'>extraxit</span> <span class='ocrx_word' id='word_1_293' title='bbox 1342 4255 1586 4335; x_wconf 89' lang='lat' dir='ltr'>provocatione</span> <span class='ocrx_word' id='word_1_294' title='bbox 1614 4255 1648 4315; x_wconf 95' lang='lat' dir='ltr'>in</span> <span class='ocrx_word' id='word_1_295' title='bbox 1672 4263 1785 4317; x_wconf 90' lang='lat' dir='ltr'>castra</span> <span class='ocrx_word' id='word_1_296' title='bbox 1807 4250 1868 4313; x_wconf 92' lang='lat' dir='ltr'>Im-</span> 
     </span>
     <span class='ocr_line' id='line_1_33' title="bbox 541 4366 1868 4449; baseline 0.002 -22"><span class='ocrx_word' id='word_1_297' title='bbox 541 4366 719 4446; x_wconf 89' lang='lat' dir='ltr'>peratoris,</span> <span class='ocrx_word' id='word_1_298' title='bbox 742 4369 800 4431; x_wconf 91' lang='lat' dir='ltr'>ubi</span> <span class='ocrx_word' id='word_1_299' title='bbox 823 4367 953 4431; x_wconf 92' lang='lat' dir='ltr'>sciebat</span> <span class='ocrx_word' id='word_1_300' title='bbox 976 4367 1092 4449; x_wconf 90' lang='lat' dir='ltr'>plures</span> <span class='ocrx_word' id='word_1_301' title='bbox 1118 4369 1183 4430; x_wconf 89' lang='lat' dir='ltr'>sibi</span> <span class='ocrx_word' id='word_1_302' title='bbox 1212 4366 1287 4431; x_wconf 88' lang='lat' dir='ltr'>fore</span> <span class='ocrx_word' id='word_1_303' title='bbox 1302 4369 1498 4433; x_wconf 87' lang='lat' dir='ltr'>advocatos.</span> <span class='ocrx_word' id='word_1_304' title='bbox 1527 4366 1596 4432; x_wconf 88' lang='lat' dir='ltr'>Sed</span> <span class='ocrx_word' id='word_1_305' title='bbox 1623 4387 1742 4433; x_wconf 90' lang='lat' dir='ltr'>morae</span> <span class='ocrx_word' id='word_1_306' title='bbox 1770 4369 1868 4449; x_wconf 88' lang='lat' dir='ltr'>impa-</span> 
     </span>
     <span class='ocr_line' id='line_1_34' title="bbox 541 4480 1868 4567; baseline -0.002 -23"><span class='ocrx_word' id='word_1_307' title='bbox 541 4483 630 4544; x_wconf 91' lang='lat' dir='ltr'>tiens</span> <span class='ocrx_word' id='word_1_308' title='bbox 646 4483 784 4545; x_wconf 90' lang='lat' dir='ltr'>vincula</span> <span class='ocrx_word' id='word_1_309' title='bbox 806 4480 969 4566; x_wconf 89' lang='lat' dir='ltr'>perfregit</span> <span class='ocrx_word' id='word_1_310' title='bbox 1000 4492 1033 4545; x_wconf 90' lang='lat' dir='ltr'>et</span> <span class='ocrx_word' id='word_1_311' title='bbox 1065 4481 1183 4567; x_wconf 85' lang='lat' dir='ltr'>fugam</span> <span class='ocrx_word' id='word_1_312' title='bbox 1206 4486 1241 4546; x_wconf 91' lang='lat' dir='ltr'>in</span> <span class='ocrx_word' id='word_1_313' title='bbox 1265 4494 1377 4547; x_wconf 88' lang='lat' dir='ltr'>castra</span> <span class='ocrx_word' id='word_1_314' title='bbox 1400 4485 1593 4565; x_wconf 89' lang='lat' dir='ltr'>capessivit.</span> <span class='ocrx_word' id='word_1_315' title='bbox 1617 4483 1655 4546; x_wconf 93' lang='lat' dir='ltr'>A</span> <span class='ocrx_word' id='word_1_316' title='bbox 1677 4484 1868 4548; x_wconf 86' lang='lat' dir='ltr'>custodibus</span> 
     </span>
     <span class='ocr_line' id='line_1_35' title="bbox 541 4599 1869 4681; baseline -0.001 -21"><span class='ocrx_word' id='word_1_317' title='bbox 541 4607 655 4661; x_wconf 88' lang='lat' dir='ltr'>tamen</span> <span class='ocrx_word' id='word_1_318' title='bbox 695 4599 959 4681; x_wconf 88' lang='lat' dir='ltr'>comprehensus</span> <span class='ocrx_word' id='word_1_319' title='bbox 993 4608 1028 4661; x_wconf 89' lang='lat' dir='ltr'>et</span> <span class='ocrx_word' id='word_1_320' title='bbox 1062 4600 1096 4661; x_wconf 91' lang='lat' dir='ltr'>in</span> <span class='ocrx_word' id='word_1_321' title='bbox 1131 4618 1304 4663; x_wconf 90' lang='lat' dir='ltr'>carcerem</span> <span class='ocrx_word' id='word_1_322' title='bbox 1339 4609 1518 4663; x_wconf 89' lang='lat' dir='ltr'>retractus:</span> <span class='ocrx_word' id='word_1_323' title='bbox 1553 4601 1599 4662; x_wconf 93' lang='lat' dir='ltr'>ob</span> <span class='ocrx_word' id='word_1_324' title='bbox 1638 4620 1766 4663; x_wconf 90' lang='lat' dir='ltr'>novum</span> <span class='ocrx_word' id='word_1_325' title='bbox 1804 4600 1869 4660; x_wconf 86' lang='lat' dir='ltr'>vio·</span> 
     </span>
     <span class='ocr_line' id='line_1_36' title="bbox 542 4713 1869 4798; baseline -0.001 -24"><span class='ocrx_word' id='word_1_326' title='bbox 542 4714 631 4777; x_wconf 89' lang='lat' dir='ltr'>latae</span> <span class='ocrx_word' id='word_1_327' title='bbox 658 4713 833 4777; x_wconf 90' lang='lat' dir='ltr'>custodiae</span> <span class='ocrx_word' id='word_1_328' title='bbox 857 4715 986 4776; x_wconf 89' lang='lat' dir='ltr'>crimen</span> <span class='ocrx_word' id='word_1_329' title='bbox 1009 4715 1105 4777; x_wconf 86' lang='lat' dir='ltr'>caedi</span> <span class='ocrx_word' id='word_1_330' title='bbox 1129 4724 1181 4778; x_wconf 91' lang='lat' dir='ltr'>est</span> <span class='ocrx_word' id='word_1_331' title='bbox 1204 4715 1417 4778; x_wconf 88' lang='lat' dir='ltr'>adiudicatus</span> <span class='ocrx_word' id='word_1_332' title='bbox 1443 4723 1477 4778; x_wconf 88' lang='lat' dir='ltr'>et</span> <span class='ocrx_word' id='word_1_333' title='bbox 1503 4713 1677 4778; x_wconf 90' lang='lat' dir='ltr'>hastarum</span> <span class='ocrx_word' id='word_1_334' title='bbox 1705 4713 1869 4798; x_wconf 90' lang='lat' dir='ltr'>petitioni-</span> 
     </span>
     <span class='ocr_line' id='line_1_37' title="bbox 542 4830 1869 4914; baseline 0.002 -23"><span class='ocrx_word' id='word_1_335' title='bbox 542 4830 616 4902; x_wconf 91' lang='lat' dir='ltr'>bus,</span> <span class='ocrx_word' id='word_1_336' title='bbox 641 4849 766 4912; x_wconf 87' lang='lat' dir='ltr'>magno</span> <span class='ocrx_word' id='word_1_337' title='bbox 793 4831 1020 4911; x_wconf 88' lang='lat' dir='ltr'>spectantium</span> <span class='ocrx_word' id='word_1_338' title='bbox 1043 4832 1180 4913; x_wconf 83' lang='lat' dir='ltr'>gaudie,</span> <span class='ocrx_word' id='word_1_339' title='bbox 1204 4833 1249 4894; x_wconf 92' lang='lat' dir='ltr'>ob</span> <span class='ocrx_word' id='word_1_340' title='bbox 1273 4840 1402 4894; x_wconf 92' lang='lat' dir='ltr'>tantam</span> <span class='ocrx_word' id='word_1_341' title='bbox 1430 4841 1562 4914; x_wconf 88' lang='lat' dir='ltr'>pestem</span> <span class='ocrx_word' id='word_1_342' title='bbox 1585 4832 1687 4894; x_wconf 91' lang='lat' dir='ltr'>terris</span> <span class='ocrx_word' id='word_1_343' title='bbox 1711 4848 1869 4900; x_wconf 88' lang='lat' dir='ltr'>aversam,</span> 
     </span>
    </p>

    <p class='ocr_par' dir='ltr' id='par_1_6' title="bbox 542 4943 730 5008">
     <span class='ocr_line' id='line_1_38' title="bbox 542 4943 730 5008; baseline 0.005 -2"><span class='ocrx_word' id='word_1_344' title='bbox 542 4943 730 5008; x_wconf 89' lang='lat' dir='ltr'>confossus.</span> 
     </span>
    </p>
   </div>
   <div class='ocr_carea' id='block_1_5' title="bbox 629 5194 964 5262">
    <p class='ocr_par' dir='ltr' id='par_1_7' title="bbox 629 5194 964 5262">
     <span class='ocr_line' id='line_1_39' title="bbox 629 5194 964 5262; baseline -0.009 -17"><span class='ocrx_word' id='word_1_345' title='bbox 629 5194 670 5262; x_wconf 77' lang='grc' dir='ltr'>(Ι)</span> <span class='ocrx_word' id='word_1_346' title='bbox 689 5195 795 5251; x_wconf 72' lang='grc' dir='ltr'>ΕαΙις.,</span> <span class='ocrx_word' id='word_1_347' title='bbox 816 5196 857 5251; x_wconf 85' lang='lat'>28,</span> <span class='ocrx_word' id='word_1_348' title='bbox 877 5211 902 5246; x_wconf 85' lang='lat' dir='ltr'>n.</span> <span class='ocrx_word' id='word_1_349' title='bbox 925 5194 964 5247; x_wconf 73' lang='lat'>16.</span> 
     </span>
    </p>
   </div>
   <div class='ocr_carea' id='block_1_6' title="bbox 0 0 2038 6182">
    <p class='ocr_par' dir='ltr' id='par_1_8' title="bbox 0 0 2038 6182">
     <span class='ocr_line' id='line_1_40' title="bbox 0 0 2038 6182; baseline 0 0"><span class='ocrx_word' id='word_1_350' title='bbox 0 0 2038 6182; x_wconf 95' lang='lat' dir='ltr'> </span> 
     </span>
    </p>
   </div>
  </div>
 </body>
</html>
