4124 6182
671 560 785 608 LIBER
809 561 833 617 1,
858 558 982 608 CAPUT
1005 558 1073 607 XV.
1474 560 1535 618 129

205 710 237 769 in
260 727 338 790 qua,
364 708 519 770 decursis
541 708 745 770 milliaribus
768 707 858 769 ultra
881 716 1016 768 centum
1039 715 1074 768 et
1102 705 1361 788 quinquaginta,
1378 723 1441 767 nec
1464 705 1537 785 pal-

205 841 294 884 mum
319 822 482 894 vidimus,
506 823 561 884 cui
584 841 700 888 semen
724 823 878 885 mandari
894 822 1012 903 possit,
1045 840 1107 884 nec
1138 821 1205 883 alia
1236 821 1364 883 vivitur
1393 838 1538 891 annona,

204 958 305 1018 quam
330 957 444 1011 carne,
468 938 557 1001 lacte
580 949 614 1001 et
637 939 823 1019 importato
846 959 891 1001 ex
914 937 1105 1019 Aethiopia
1131 938 1276 999 modicis
1306 934 1448 999 follibus
1471 933 1539 999 fru-

205 1065 330 1117 mento.

294 1173 324 1231 8.
351 1168 420 1232 Hic
443 1190 506 1234 nos
528 1171 680 1253 graviter
702 1171 816 1253 coepit
840 1171 933 1233 illius
958 1171 1148 1254 indigentia
1170 1168 1357 1253 flagellare,
1382 1170 1539 1249 quamvis
1602 1173 1687 1220 the
1705 1168 1751 1219 ¹1¹⁶
1763 1170 1887 1232 graviter

204 1284 332 1349 Furtus
362 1297 464 1349 antea
497 1284 694 1368 frequenter
720 1286 941 1368 polliceretur
971 1286 1057 1349 nihil
1091 1286 1330 1349 alimentorum
1366 1287 1400 1346 in
1436 1284 1539 1367 regiis
1565 1242 1730 1292 lmm'

203 1403 326 1464 castris
350 1400 557 1465 defuturum.
581 1399 620 1465 Si
643 1405 678 1465 in
702 1404 789 1465 milii
812 1400 932 1465 follem
951 1404 1013 1465 vix
1029 1403 1135 1464 modii
1150 1402 1328 1465 semissem
1346 1402 1538 1483 capientem

204 1517 473 1590 incurrissemus,
497 1519 597 1580 albae
622 1537 686 1581 nos
708 1516 866 1581 fortunae
889 1517 980 1581 filios
1005 1519 1238 1581 credebamus.
1270 1517 1361 1581 Illud
1391 1537 1473 1579 vero
1496 1539 1539 1581 ne

203 1633 328 1713 raptim
353 1634 598 1705 absumeretur,
622 1635 760 1716 genium
785 1631 1037 1706 fraudabamus,
1056 1635 1151 1697 elixo
1166 1634 1224 1696 vel
1247 1634 1291 1695 ad
1315 1635 1430 1715 ignem
1446 1642 1539 1696 tosto

203 1749 404 1828 parcissime
427 1750 635 1821 victitantes,
659 1761 694 1813 et
718 1750 913 1830 aliquando,
936 1750 1011 1813 sola
1033 1748 1143 1813 farina
1166 1752 1283 1832 pastis
1308 1750 1424 1812 deerat
1447 1749 1539 1831 quod

202 1874 294 1928 esset
318 1866 681 1929 commanducandum.
705 1863 888 1929 Carissimo
911 1868 1010 1929 nobis
1040 1868 1156 1930 omnia
1185 1868 1229 1929 ab
1259 1866 1382 1929 incolis
1412 1867 1538 1928 vende·

202 1982 338 2053 bantur,
351 1980 440 2043 hanc
464 1983 631 2063 optimam
655 1983 791 2063 adeptis
814 1983 1039 2055 occasionem,
1063 1993 1099 2045 ut
1123 2003 1160 2045 se
1176 1983 1309 2064 pannis,
1325 2001 1411 2063 quos
1427 1981 1538 2044 celare

203 2116 270 2158 non
295 2106 504 2178 poteramus,
528 2098 718 2179 explerent.
741 2096 787 2161 Et
811 2117 889 2160 cum
912 2098 1043 2161 credito
1066 2098 1166 2161 isthic
1189 2098 1279 2180 apud
1303 2099 1441 2180 ignotos
1461 2116 1538 2159 ocu·

203 2212 293 2274 latas
317 2231 437 2275 manus
460 2212 627 2276 habentes
651 2232 718 2275 non
741 2214 888 2285 vivatur,
912 2214 980 2275 cibi
1003 2214 1201 2276 demensum
1226 2214 1361 2285 arctius,
1385 2233 1487 2294 quam
1505 2214 1538 2275 in

203 2328 351 2389 navibus
374 2324 446 2389 fieri
469 2329 569 2401 solet,
593 2348 679 2410 opus
702 2326 765 2392 fuit
789 2330 975 2392 decurtare.

294 2464 324 2524 9.
349 2442 466 2507 Pridie
488 2464 684 2526 supremum
717 2446 909 2528 digressum
933 2443 1028 2529 Regi
1050 2447 1180 2527 placuit
1204 2457 1241 2509 ut
1265 2445 1473 2518 Patriarcha,
1494 2447 1540 2508 ob
1602 2445 1884 2495 Paniarehmsuum

201 2559 297 2623 tituli
319 2559 441 2642 Magni
464 2560 578 2623 Patris
601 2561 855 2634 excellentiam,
871 2581 934 2624 suo
949 2581 1036 2643 equo
1051 2562 1193 2624 basilice
1209 2563 1353 2624 instrato
1374 2562 1418 2623 ab
1434 2562 1540 2642 ipsius
1566 2530 1669 2650 ἓξὲξ
1687 2515 1811 2567 {mmm
1826 2518 1885 2566 Rex

199 2676 353 2739 tentorio
380 2677 424 2739 ad
448 2686 600 2739 nostrum
623 2677 816 2740 veheretur.
849 2675 960 2759 Quem
991 2672 1155 2740 ho'norem
1185 2679 1272 2740 adeo
1303 2679 1539 2761 exaggerabat
1573 2756 1576 2763 Ι

200 2801 238 2855 ut
261 2802 408 2873 negaret
431 2812 591 2873 umquam
615 2793 713 2855 illum
736 2790 878 2856 fratrem
905 2813 1004 2856 suum
1035 2793 1259 2865 inscendisse;
1291 2793 1455 2875 illumque
1479 2793 1539 2854 ob·

199 2908 331 2970 stinate
355 2909 567 2970 restitantem
591 2927 632 2970 ea
655 2909 837 2972 verborum
860 2909 1020 2971 machina
1042 2909 1224 2971 deterruit:
1253 2907 1345 2971 velle
1360 2927 1397 2971 se
1417 2918 1454 2971 ut
1471 2907 1541 2970 Im-

199 3032 343 3105 perator
363 3022 575 3105 aethiopicus
601 3036 804 3106 agnosceret
829 3035 957 3106 quanto
981 3024 1053 3106 ipse
1069 3025 1104 3086 in
1119 3025 1231 3106 pretio
1248 3034 1364 3106 patres
1380 3032 1415 3086 et
1431 3024 1539 3106 ipsius

199 3140 389 3222 magistros
411 3139 561 3203 haberet.
585 3139 718 3203 Invitus
740 3142 855 3223 itaque
878 3139 1060 3203 Dancalini
1084 3140 1280 3204 Alexandri
1299 3139 1540 3222 bucephalum,

200 3255 271 3318 late
296 3254 538 3319 resonantibus
561 3256 808 3329 tintinnabulis,
833 3258 988 3319 inaurato
1018 3255 1147 3327 fraeno,
1178 3255 1338 3337 phaleris,
1369 3255 1541 3337 ephippiis

199 3382 235 3435 et
266 3371 456 3434 monilibus
478 3370 768 3455 praefulgentem,
795 3373 1002 3454 stipantibus
1031 3372 1110 3435 hinc
1142 3371 1221 3434 inde
1250 3373 1364 3443 sociis,
1395 3371 1540 3444 insedit;

197 3497 468 3569 torrentemque,
491 3489 585 3568 quod
607 3489 717 3551 solum
745 3499 817 3551 erat
844 3489 1003 3559 stadium,
1032 3487 1229 3570 triumphali
1256 3487 1378 3569 plausu
1405 3506 1541 3569 percur-

197 3604 290 3665 renti
314 3603 456 3684 quidam
479 3622 525 3665 ex
540 3604 624 3685 ipsis
640 3604 676 3666 in
691 3602 960 3666 Mardochaeum
976 3604 1186 3686 equitantem
1204 3623 1332 3675 versus,
1350 3612 1540 3685 opportune

197 3720 397 3801 suggessit:
432 3717 494 3781 Sic
517 3717 736 3783 tranantur
766 3739 1000 3804 quemcumque
1025 3719 1172 3783 voluerit
1196 3720 1275 3783 Rex
1301 3719 1478 3795 honorare,
1507 3721 1541 3780 in

198 3835 391 3898 ludibrium
422 3847 569 3909 vertens,
601 3838 771 3899 scenicam
801 3836 898 3898 illam
928 3837 1086 3919 gloriam,
1118 3855 1219 3918 quam
1250 3835 1334 3899 Rex
1370 3845 1403 3898 et
1435 3836 1542 3916 ipsius

197 3953 403 4033 optimates,
427 3951 517 4013 inter
542 3952 649 4014 silvas
672 3952 820 4023 enutriti,
845 3952 994 4032 opimam
1018 3951 1279 4013 arbitrabantur.

280 5242 309 5285 C.
325 5241 436 5282 Bromi.
451 5240 509 5281 Rer.
523 5240 590 5281 aeth.
604 5240 697 5292 script·
711 5254 757 5283 occ.
773 5241 839 5282 r'ned.
855 5263 879 5271 -
897 5239 961 5281 v111.
