4166 6182
731 631 993 683 INTRODUCTIO
1391 634 1527 715 IIXXIX
1576 656 1579 661 >

191 779 350 873 pertatis
378 778 494 853 fuisse
522 779 799 854 amantissimus
827 799 867 853 ut
895 780 1042 854 attritae
1070 797 1193 855 vestes
1219 782 1266 867 ei,
1306 783 1393 855 dum
1432 807 1528 856 som·

194 936 281 983 num
321 927 504 1007 carperet,
544 928 668 986 essent
705 938 789 986 cum
829 912 935 987 novis
973 916 1272 988 commutandae.
1308 914 1526 988 Iniuriarum

194 1043 492 1138 patientissimus
511 1046 745 1119 adversarios
763 1047 889 1143 quoad
905 1047 1024 1142 potuit
1040 1046 1231 1121 beneficiis
1245 1049 1475 1141 cumulavit(
1502 1054 1525 1146 ).

193 1176 383 1249 Eximium
414 1178 652 1253 Patriarchae
680 1180 840 1253 Mendez
877 1180 1053 1253 virtutum
1092 1180 1272 1269 omnium,
1314 1206 1410 1277 quae
1447 1182 1527 1255 reli·

192 1308 343 1404 giosum
372 1309 492 1383 virum
522 1310 668 1397 decent,
702 1312 931 1398 exercitium,
971 1339 1046 1408 quo
1083 1312 1188 1387 Goae
1224 1339 1292 1409 per
1327 1313 1461 1409 viginti
1491 1328 1527 1387 et

193 1442 357 1537 amplius
390 1468 510 1516 annos
547 1444 765 1519 domesticis
807 1445 1043 1542 externisque
1080 1471 1120 1520 se
1156 1446 1445 1532 commendavit,
1481 1472 1526 1521 eo

194 1574 316 1671 magis
345 1575 593 1650 admiratione
621 1577 778 1674 dignum
804 1594 971 1675 apparet,
993 1581 1095 1675 quod
1114 1596 1202 1654 tunc
1223 1580 1402 1675 temporis
1416 1580 1524 1676 (proh

192 1708 298 1782 dolor
314 1711 339 1807 l)
368 1708 404 1781 in
436 1709 640 1804 provinciis
669 1712 857 1786 indiarum
878 1713 916 1786 S.
939 1714 965 1785 Ι.
988 1712 1122 1786 Goana
1140 1729 1178 1787 et
1196 1712 1429 1799 Coccinensi,
1446 1729 1524 1787 tum

191 1843 402 1917 domestica
428 1843 642 1938 disciplina,
672 1859 748 1918 tum
779 1845 942 1920 studium
973 1847 1180 1921 animarum
1202 1849 1312 1921 valde
1340 1848 1525 1923 desidera-

191 1978 338 2062 bantur,
359 1976 430 2051 etsi
450 1978 600 2051 sodales
618 1976 714 2051 sicut
742 1977 780 2051 in
800 1979 884 2053 aliis
903 1980 1109 2056 Ordinibus
1129 1980 1315 2078 religiosis
1343 1981 1525 2056 accidisse

189 2123 348 2196 constat,
370 2111 419 2183 ad
438 2109 623 2207 graviora,
642 2135 738 2207 quae
758 2128 994 2187 externorum
1016 2114 1263 2188 offensionem
1284 2114 1523 2201 incurrerent,

191 2269 266 2316 non
291 2244 515 2318 devenerint
532 2246 596 2340 (2).

268 2463 316 2541 (1)
338 2464 385 2522 Cf.
408 2465 536 2538 Franco,
569 2469 699 2543 Imagem
730 2469 769 2527 da
800 2470 912 2527 uirtude
932 2489 973 2526 em
998 2489 1013 2526 0
1035 2469 1180 2527 novz‘ciado
1210 2469 1245 2526 de
1274 2469 1417 2539 Corinbra,
1439 2478 1481 2528 to.
1504 2485 1525 2540 1,

191 2563 241 2620 lib.
264 2562 304 2632 II,
327 2582 395 2639 cap.
417 2579 465 2636 41,
487 2567 540 2640 qui
561 2567 667 2625 omnia
687 2585 767 2642 quae
788 2576 891 2625 narrat
912 2585 945 2625 se
959 2586 996 2625 ex
1018 2566 1090 2625 Vita
1104 2566 1299 2625 Patriarchae
1320 2567 1526 2642 desumpsisse

190 2661 322 2719 affirmat
343 2680 362 2719 a
383 2671 469 2737 patre
490 2664 613 2723 Andrea
635 2663 751 2723 Gomez
773 2665 956 2740 conscripto,
985 2665 1110 2722 homme
1139 2665 1198 2722 lide
1227 2665 1418 2740 dignissim0,
1446 2682 1525 2739 quae

190 2758 221 2815 111
242 2760 396 2818 tabulario
417 2762 541 2837 collegii
556 2762 721 2822 Eborensis
736 2765 944 2839 manuscripta
964 2765 1147 2821 servabatur.
1169 2763 1290 2821 Addam
1315 2763 1524 2821 testimonium

190 2858 285 2932 patris
306 2857 478 2916 Sebastiani
501 2859 591 2917 Berni
613 2862 665 2936 qui
688 2862 719 2918 in
741 2862 836 2920 citata
855 2861 986 2937 epistola
1008 2860 1150 2918 familiari
1172 2859 1249 2918 haec
1270 2860 1309 2917 de
1338 2859 1524 2931 Patriarcha‚

189 2972 281 3029 quem
303 2973 389 3013 anuo
410 2958 558 3032 superiori
591 2958 743 3029 inviserat,
766 2977 886 3016 summa
906 2977 975 3016 eum
998 2944 1194 3033 simplicitate
1215 2957 1321 3015 scribit
1341 2958 1381 3014 ad
1406 2966 1523 3032 patrem

123 3127 127 3135 ι
189 3053 349 3130 Aloysium
372 3053 508 3126 Carnoli,
524 3054 670 3114 Venetias
694 3074 731 3113 ex
753 3056 889 3114 Calraria
910 3074 993 3114 anno
1018 3053 1092 3127 1657
1115 3056 1166 3113 die
1191 3071 1202 3111 1
1228 3054 1317 3112 iunii:
1344 3078 1358 3107 «
1373 3054 1469 3113 Vivea
1492 3057 1524 3113 111

190 3150 258 3210 Goa
279 3169 401 3227 sempre
422 3152 477 3210 lra‘
499 3155 605 3223 nostri,
628 3171 748 3230 sempre
768 3151 824 3213 usb
847 3155 866 3211 il
882 3164 989 3214 nostro
1003 3155 1118 3211 habito.
1133 3152 1269 3224 Quando
1284 3153 1314 3211 io
1330 3151 1398 3211 00111
1413 3153 1523 3228 giunsi,

188 3250 228 3306 mi
251 3250 333 3308 volle
354 3250 425 3308 udir
446 3252 563 3326 pariare
585 3270 603 3309 a
625 3253 718 3328 lungo
732 3253 813 3310 delle
834 3270 906 3311 cose
928 3251 1049 3310 d'Italia
1070 3270 1087 3310 e
1110 3252 1129 3309 il
1152 3251 1218 3308 lece
1232 3267 1352 3326 sempre
1367 3268 1427 3308 eon
1444 3252 1521 3308 mol·

188 3347 308 3405 tlssimo
329 3357 419 3422 gusto
439 3367 456 3405 e
478 3367 539 3408 eon
561 3350 632 3408 lode
645 3368 766 3425 sempre
780 3351 831 3408 dei
854 3351 940 3426 padri
963 3351 1092 3408 itallani.
1115 3349 1170 3406 Del
1193 3367 1223 3424 p.
1245 3347 1364 3407 lacinto
1385 3349 1424 3406 de
1456 3347 1524 3406 Ma·

188 3445 288 3519 gistris
302 3444 368 3523 (sic)
382 3447 464 3522 [lege
479 3445 677 3520 Franceschi]
688 3449 798 3507 diceva
818 3450 913 3507 molta
936 3449 1009 3507 lodi.
1032 3447 1092 3506 Era
1112 3463 1243 3523 persona
1258 3446 1289 3503 di
1305 3447 1401 3507 molto
1415 3464 1522 3522 sapere

188 3561 205 3600 e
225 3543 257 3600 di
280 3544 378 3602 molta
399 3540 485 3603 virtd.
502 3544 615 3604 Plenus
630 3546 749 3605 dierum
765 3556 901 3605 mortuus
916 3556 971 3618 est,
987 3547 1083 3604 molto
1099 3545 1236 3614 vecchio,
1251 3545 1338 3619 quasi
1354 3542 1523 3619 311111011-

187 3640 253 3715 pito
268 3659 285 3698 e
301 3640 358 3699 che
373 3642 490 3701 serviva
505 3662 523 3700 a
538 3644 618 3702 tutti.
634 3642 768 3715 Quando
783 3645 825 3702 mi
839 3644 930 3720 partii
945 3646 985 3703 da
1001 3643 1070 3704 Goa
1084 3662 1138 3719 per
1152 3653 1260 3719 questa
1275 3642 1422 3713 Casreria,
1437 3653 1523 3701 stava

187 3739 247 3814 egli
271 3739 405 3798 Insermo
426 3741 475 3799 coi
497 3743 581 3817 piedi
603 3742 698 3817 gonfii
720 3743 753 3800 iu
774 3762 835 3801 una
856 3744 927 3802 villa
949 3744 1052 3801 vicino
1073 3761 1091 3800 a
1113 3740 1191 3801 Goa.
1213 3740 1258 3800 La
1279 3742 1323 3799 1111
1342 3742 1523 3800 achiederli

187 3837 216 3894 la
229 3837 446 3895 benedittione
459 3856 477 3896 e
491 3857 541 3897 me
557 3840 586 3897 la
600 3840 692 3898 diede
714 3860 774 3899 con
796 3842 893 3899 molto
914 3850 1012 3915 gusto,
1036 3841 1228 3899 dicendomi:
1252 3839 1324 3898 Non
1339 3841 1367 3897 ci
1380 3840 1523 3898 vediamo

187 3936 248 3993 mai
270 3930 324 4010 pitl
346 3934 379 3992 111
400 3946 508 4010 questa
529 3937 653 3996 vita...
669 3961 696 3996 ».
719 3934 792 4008 ASI,
816 3937 928 4003 Goana,
950 3937 1042 4007 Hirr,
1061 3934 1240 4011 1627-1659,
1255 3939 1324 3995 doc.
1340 3935 1482 3994 LXVIII.

267 4032 313 4110 (2)
335 4031 423 4092 Haec
445 4035 578 4109 plurium
600 4036 778 4095 testImonio
800 4036 976 4105 firmantur;
999 4054 1098 4111 pauca
1119 4035 1282 4111 proferam.
1305 4034 1336 4091 P.
1367 4035 1522 4093 Antonius

186 4130 312 4189 Rubino
333 4133 374 4189 ad
396 4150 424 4207 p.
448 4131 633 4191 Generalem
655 4132 843 4203 Vitelleschi‚
867 4134 979 4192 Macao
1003 4133 1037 4191 18
1052 4133 1234 4209 septembris
1252 4129 1336 4203 1640,
1352 4133 1517 4190 scribebat:

191 4225 281 4286 «Gis
302 4226 340 4285 V.
363 4227 396 4287 Ρ.
417 4246 452 4286 sa
473 4229 482 4285 i
504 4230 654 4289 disordini
676 4232 759 4289 della
780 4231 940 4307 provincia
954 4232 987 4288 di
1002 4229 1090 4299 Goa3
1113 4222 1186 4303 ogni
1201 4248 1275 4288 cosa
1295 4230 1321 4287 si
1342 4225 1404 4304 pub
1425 4238 1523 4287 temer

186 4326 244 4384 che
265 4325 420 4396 lacciano,
441 4323 550 4402 giache
571 4328 668 4389 lanno
689 4347 761 4388 cose
782 4330 879 4387 molto
900 4329 1064 4404 peggiori»
1093 4329 1213 4405 (Alcune
1227 4328 1337 4385 lettere
1359 4327 1522 4401 111101411-

186 4424 261 4481 tortio
282 4423 410 4493 Rubino,
442 4424 525 4482 edite
556 4426 607 4483 nel
631 4441 708 4501 1900
733 4427 783 4484 dal
805 4445 835 4501 p.
857 4425 959 4484 Pietro
979 4425 1095 4484 Tacchi
1116 4424 1268 4499 Venturi).
1291 4423 1329 4481 Et
1350 4443 1379 4500 p.
1399 4422 1523 4482 Franci·

186 4538 254 4578 scus
275 4519 382 4577 Storer
409 4522 516 4595 paucis
544 4533 613 4597 post
641 4523 730 4580 anuis
759 4524 790 4579 in
819 4523 870 4581 cit.
899 4523 986 4597 epist.
1009 4541 1046 4580 ex
1068 4521 1212 4580 Bandora
1235 4534 1270 4593 15
1293 4521 1393 4578 martii
1426 4520 1520 4593 1655:

189 4617 400 4676 «Admodum
422 4617 487 4676 Rev
519 4618 617 4690 Pater,
640 4621 765 4678 transivi
787 4639 844 4695 ego
867 4639 921 4696 per
943 4620 1026 4677 varia
1047 4620 1185 4694 collegIa‚
1208 4619 1369 4677 missiones
1394 4629 1425 4677 et
1451 4637 1521 4694 pro·

186 4716 305 4774 vincias
327 4726 512 4781 nostrorum,
534 4734 604 4775 cum
626 4718 759 4776 terrestri
782 4717 889 4775 itinere
911 4717 970 4774 huc
992 4735 1159 4792 pergerem,
1181 4725 1211 4774 et
1233 4717 1264 4773 in
1279 4717 1422 4774 omnibus
1436 4725 1522 4774 tanta

186 4813 396 4872 edificationis
417 4817 558 4890 exempla
578 4816 651 4885 vidi,
673 4825 788 4890 quanta
811 4816 947 4873 fortassis
969 4833 1008 4872 ne
1029 4833 1151 4890 sperare
1180 4815 1304 4889 quidem
1333 4823 1518 4889 poteram...

185 4910 246 4969 Sed
268 4930 341 4969 vere
363 4911 436 4969 dico
457 4912 489 4968 in
505 4913 563 4970 hac
578 4914 738 4989 provincia
751 4914 859 4989 reperi,
875 4923 909 4971 ut
923 4931 1091 4987 numquam
1107 4913 1291 4987 imaginatus
1307 4913 1416 4970 fuerim
1431 4930 1521 4987 posse

185 5010 217 5066 in
238 5010 428 5069 Societatem
451 5010 589 5086 irrepere,
611 5020 728 5070 tantam
750 5012 934 5087 dIsciplinae
954 5011 1114 5086 religiosae
1143 5011 1298 5069 laxitatem
1326 5020 1357 5067 et
1385 5011 1521 5069 inobser-

185 5109 334 5167 vantram.
357 5107 464 5182 Aeque
486 5110 518 5166 in
539 5109 598 5167 hac
619 5128 651 5167 re
672 5112 734 5169 duo
755 5111 846 5168 dico:
873 5110 971 5184 primo
993 5110 1078 5167 nullo
1098 5110 1193 5167 modo
1208 5128 1257 5167 me
1272 5129 1290 5167 a
1305 5109 1440 5184 patribus
1461 5108 1520 5166 Lu·

184 5205 292 5264 sitanis
315 5205 480 5276 offensum,
502 5208 557 5265 sed
579 5226 648 5264 vere
669 5209 803 5266 maximo
825 5226 939 5275 amore,
961 5208 1520 5265 11011010101111101011101111110101010
