4058 6178
718 2126 906 2204 CAPUT
932 2126 1004 2202 IV.

436 2421 709 2497 patriarchae
735 2421 990 2497 domicilium
1018 2421 1276 2497 constituitur

211 2566 256 2630 et
283 2577 325 2650 p.
354 2556 561 2631 Antonius
588 2556 888 2632 Ferdinandius
915 2556 1051 2631 eidem
1077 2555 1257 2632 vicarius
1290 2555 1498 2651 generalis

753 2690 963 2767 addicitur.

281 3060 309 3102 1.
334 3037 419 3101 Post
441 3038 579 3121 publica
601 3040 709 3101 istaec
734 3037 873 3120 pietatis
896 3039 1100 3101 documenta
1121 3047 1231 3101 totum
1254 3057 1293 3100 se
1315 3038 1359 3101 ad
1375 3036 1523 3101 Patriar·
1585 3051 1713 3102 mituli
1752 3051 1870 3102 turitun-

182 3156 287 3221 cham
318 3156 427 3238 quieti
455 3156 660 3219 tradendum
691 3165 726 3218 et
757 3154 938 3217 commoda
967 3153 1049 3217 sede
1080 3154 1317 3217 collocandum
1352 3156 1522 3218 convertit
1548 3122 1871 3246 fflmzatriarchae

182 3271 391 3354 Imperator,
404 3271 677 3353 speculatoribus
699 3271 744 3334 ad
766 3270 1014 3352 explorandum
1037 3270 1245 3351 praemissis.
1268 3267 1315 3331 Et
1334 3271 1521 3333 antelatum

181 3384 249 3451 fuit
274 3384 507 3459 latifundium,
531 3388 586 3449 cui
613 3406 738 3450 nomen
768 3385 940 3458 Enfrazio‚
972 3388 1007 3449 in
1030 3386 1161 3448 ultimis
1183 3384 1382 3448 Dambaeae
1404 3406 1522 3450 versus

182 3510 354 3571 orientem
378 3501 514 3579 finibus,
536 3505 595 3567 ubi
618 3505 705 3567 haec
728 3524 805 3566 cum
828 3521 934 3585 regno
958 3503 1211 3586 Bagamedrlno
1237 3504 1443 3566 conseritur:
1468 3523 1524 3566 sa-

182 3622 351 3686 lubritate
373 3632 564 3703 praestans,
589 3618 759 3683 frumento
783 3620 969 3690 abundans,
1001 3621 1149 3701 quinque
1179 3619 1423 3682 monachorum
1447 3638 1523 3681 cae-

181 3738 302 3803 nobiis
332 3738 465 3801 illustre
495 3747 530 3800 et
553 3737 697 3809 celebre,
722 3734 892 3817 frequenti
915 3753 976 3817 per
999 3735 1153 3819 singulas
1175 3735 1409 3798 hebdomadas
1439 3755 1522 3798 nun·

181 3857 318 3927 dinatu,
342 3853 516 3916 Dancazio
539 3853 583 3916 ad
606 3853 801 3935 aquilonem
825 3852 955 3923 relicto,
979 3852 1191 3934 quindecim;
1216 3848 1349 3914 Ganeta
1376 3850 1455 3915 Iesu
1479 3852 1522 3914 ad

180 3971 374 4054 zephyrum
398 3969 607 4043 octodecim
631 3966 806 4051 Gorgorra
828 3969 872 4031 ad
896 3966 1110 4031 occidentem
1139 3968 1265 4050 viginti
1288 3977 1419 4049 septem
1446 3969 1522 4030 mil·

182 4086 331 4151 liaribus
353 4086 543 4149 divulsum:
574 4086 610 4147 in
641 4104 724 4148 sena
747 4085 958 4148 *latitudinis
980 4085 1025 4147 ab
1052 4085 1213 4165 aquilone
1236 4084 1280 4146 ad
1311 4094 1463 4147 austrum
1487 4094 1522 4146 et

181 4206 217 4266 in
255 4220 394 4265 novena
428 4201 655 4285 longitudinis
681 4202 726 4264 ab
755 4203 886 4264 oriente
918 4202 951 4263 in
982 4201 1195 4264 occidentem
1226 4198 1398 4264 diffusum.
1429 4197 1522 4262 Illud

181 4320 229 4382 ab
252 4317 387 4381 oriente
409 4328 444 4381 et
467 4318 627 4398 aquilone
650 4318 797 4399 praealti
821 4327 954 4380 montes
977 4318 1135 4400 cingunt3
1157 4314 1191 4378 in
1219 4316 1432 4378 Dambaeam
1463 4335 1522 4377 an·

180 4444 308 4518 gustus
330 4434 366 4495 in
390 4433 482 4497 illius
505 4450 597 4496 mare
620 4442 654 4496 et
677 4430 867 4504 Goiamam‚
899 4433 1002 4518 longe
1033 4444 1111 4515 post
1142 4434 1228 4496 illud
1251 4434 1448 4514 sepositam,
1471 4433 1521 4495 la·

179 4550 339 4614 tissimus
361 4557 458 4631 patet
480 4558 692 4631 prospectus.
719 4548 760 4611 In
790 4568 831 4611 eo
862 4550 947 4611 mari
977 4548 1182 4612 Mechareca
1211 4549 1322 4611 insula
1352 4550 1523 4612 attollitur

180 4668 228 4730 ad
252 4663 465 4749 confugium,
493 4666 661 4729 bellorum
688 4673 842 4747 tempore
871 4666 976 4738 utilis,
1006 4676 1042 4728 et
1072 4667 1166 4728 clara
1194 4665 1436 4728 monachorum
1459 4666 1522 4727 sub

178 4782 312 4846 Teclae
335 4778 525 4844 Haimimot
546 4781 731 4863 disciplina
752 4800 790 4844 se
814 4782 1046 4844 exercentium
1070 4782 1246 4845 caenobio.

277 4917 306 4960 2.
331 4895 554 4959 Frumentum
578 4895 797 4959 Patriarchae
820 4898 1074 4960 convictoribus
1097 4906 1131 4960 et
1154 4898 1307 4960 externis
1336 4906 1521 4961 assectato-

179 5015 280 5078 ribus
301 5011 458 5096 (quorum
482 5028 562 5094 pars
584 5014 737 5075 maxima
761 5011 900 5075 lusitani
923 5012 1003 5075 hinc
1026 5014 1105 5077 inde
1127 5013 1279 5095 collecti)
1309 5032 1370 5076 sua
1393 5013 1521 5095 quique

179 5146 344 5213 agrorum
378 5128 538 5210 portione
570 5128 763 5201 distributa,
787 5124 919 5192 affatim
943 5126 1163 5193 latifundium
1192 5129 1279 5192 illud
1302 5129 1519 5212 suggerebat.
