4058 6178
534 581 594 640 166
864 589 1138 639 EXPEDITIONIS
1161 588 1422 640 AETHIOPICAE
1445 589 1524 639 ETC.

529 748 677 802 vestram
711 737 903 801 Ecclesiam
933 737 1079 820 primam
1113 745 1148 799 et
1178 736 1405 818 apostolicam
1432 737 1652 807 instaurabit,
1681 744 1718 798 et
1746 736 1862 817 qualis

531 852 628 915 istius
650 861 802 934 tempore
825 853 1001 925 vernabat,
1025 872 1071 915 ex
1094 852 1219 916 illustri
1243 852 1383 915 oraculo
1409 851 1612 914 Tertulliani
1632 850 1691 913 lib.
1715 850 1859 914 advers.

531 968 654 1032 haeret.
669 971 695 1050 (ι
704 970 722 1047 l.
743 967 814 1030 Ubi
829 987 907 1031 cum
923 969 1099 1032 statuisset
1114 954 1289 1050 apostolos
1304 968 1469 1031 ecclesias
1484 968 1574 1050 apud
1586 985 1859 1049 unamquamque

218 1092 397 1158 spostolicae
421 1105 505 1144 sunt
532 1084 705 1147 civitatem
721 1084 928 1157 condidisse,
945 1086 1138 1167 subiungit:
1162 1082 1196 1146 Α
1220 1083 1339 1168 quadres
1359 1084 1529 1148 traducem
1536 1084 1630 1168 fidei
1642 1088 1677 1147 et
1689 1084 1861 1147 doctnme

182 1164 505 1301 fffilffieffm
530 1200 660 1264 semina
682 1205 831 1264 caeterae
852 1201 976 1264 exe'rrde
996 1200 1149 1265 eeclesiae
1171 1204 1346 1264 mutuatae
1367 1204 1451 1264 nent
1474 1204 1509 1263 et
1533 1200 1683 1285 quotidie
1699 1203 1858 1262 maticen-

183 1307 255 1359 ¹¹00⁸
277 1307 355 1358 '¹¹0¹
379 1310 505 1358 ΝΟΜ
531 1321 591 1379 tur
610 1320 652 1379 ut
671 1316 822 1380 ecclessiae
844 1317 955 1401 *fiant
970 1323 1036 1401 per
1057 1315 1116 1379 hec
1138 1316 1261 1401 etipse
1289 1316 1489 1401 apostolieae
1510 1316 1729 1401 deputantur,
1755 1320 1789 1379 et
1807 1335 1858 1377 so·
1888 1323 1909 1371 f.
1936 1322 1979 1373 81.

182 1388 319 1429 mm
528 1433 615 1496 deles
648 1432 905 1517 apostolieumm
938 1431 1158 1496 ecelesiarum.
1191 1430 1356 1495 Adhene
1376 1451 1505 1517 quoque
1523 1430 1680 1518 formam
1702 1437 1858 1517 provoce-

527 1549 619 1612 batur
641 1549 683 1611 ab
705 1548 780 1611 illis
794 1546 947 1621 ecelesiis,
970 1567 1054 1632 qtcee
1076 1547 1155 1611 licet
1174 1547 1310 1610 mellum
1328 1567 1374 1609 ex
1399 1545 1569 1631 Apostoles
1594 1546 1650 1610 uel
1667 1545 1859 1630 apostolatti

528 1669 694 1728 auctorem
723 1684 823 1726 neum
848 1661 1044 1748 proferant,
1076 1668 1188 1726 tamen
1220 1662 1258 1725 in
1287 1663 1400 1726 eudem
1414 1662 1492 1745 fide
1520 1661 1758 1747 conmeantes,
1790 1682 1859 1724 non

529 1779 645 1842 mt'reus
669 1778 870 1864 apostolieae
902 1775 1111 1861 deputantur
1135 1784 1200 1862 pre
1230 1776 1524 1863 consanguinitate
1553 1774 1731 1840 doctre'nae.
1761 1776 1857 1860 Ergo

529 1897 610 1958 licet
632 1904 747 1958 vestra
768 1893 927 1957 Ecclesia
949 1914 1012 1957 nec
1034 1893 1228 1976 apostolum
1245 1913 1308 1956 nec
1324 1893 1431 1956 ullum
1447 1912 1492 1956 ex
1508 1894 1739 1974 apostolorum
1754 1893 1856 1955 disci·

528 2011 619 2094 pulis
634 2020 868 2093 proauctorem
893 2010 982 2081 edat,
1007 2009 1144 2072 vinculo
1164 2009 1263 2073 Fidei
1279 2009 1489 2078 Frumentis
1507 2008 1707 2079 Athanasio,
1725 2008 1857 2078 Marco,

529 2137 563 2190 et
585 2126 690 2189 Petro
712 2127 957 2209 conglutinata,
974 2145 1041 2188 non
1058 2126 1170 2189 minus
1185 2125 1375 2207 apostolica
1391 2124 1489 2189 initio
1505 2125 1739 2207 deputabatur,
1755 2143 1858 2206 quam

529 2242 771 2305 Alexandrina
793 2252 827 2304 et
850 2241 1012 2304 Romana
1034 2243 1080 2304 ob
1102 2242 1253 2304 eiusdem
1277 2242 1453 2305 doctrinae
1468 2243 1669 2325 sanguinem
1686 2242 1773 2304 inter
1788 2259 1859 2302 am·

528 2361 590 2420 bas
614 2367 872 2421 commeantem.
1016 2430 1019 2435 ,

205 2482 250 2531 Ad
264 2481 501 2541 assumentium,
621 2494 672 2554 ²9·
696 2472 795 2536 Nunc
818 2474 1002 2557 diligenter
1023 2476 1314 2556 perscrutandum,
1338 2494 1382 2537 an
1405 2473 1491 2537 fides
1521 2484 1634 2537 vestra
1661 2472 1860 2543 Frumentii‚

182 2551 503 2674 {3533}ssssme
530 2589 724 2657 Athanasii.
759 2588 869 2653 Marci
891 2600 926 2652 et
948 2590 1041 2653 Petri
1064 2588 1145 2652 fidei
1168 2600 1203 2653 et
1225 2591 1410 2661 doctrinae,
1434 2610 1522 2671 quae
1545 2609 1612 2652 una
1635 2588 1700 2652 fuit
1730 2590 1765 2650 in
1788 2609 1860 2651 om·

181 2693 299 2757 &¹⁰9¹ss
531 2708 640 2778 nibus,
663 2707 830 2777 concinat,
853 2724 897 2768 an
920 2708 965 2768 ab
987 2707 1081 2769 illius
1104 2708 1233 2787 regulis
1256 2708 1389 2768 aberret
1412 2716 1445 2769 et
1468 2708 1607 2788 planum
1623 2706 1728 2767 estin
1745 2705 1862 2767 multis

530 2822 683 2884 articulis
715 2838 884 2883 exerrare.
913 2819 971 2883 Illi
1000 2822 1091 2883 enim
1122 2831 1238 2902 patres
1271 2818 1436 2902 Spiritum
1464 2817 1628 2883 Sanctum
1651 2839 1672 2881 a
1695 2818 1797 2881 Patre
1825 2829 1860 2880 et

529 2937 630 3009 Filio,
657 2945 811 3000 recentes
838 2956 858 2998 a
887 2936 962 2999 solo
992 2935 1095 2999 Patre
1125 2933 1292 3018 profluere
1318 2936 1537 2999 contendunt.
1561 2934 1619 2997 Illi
1648 2934 1858 3016 singularem

528 3051 654 3116 Christi
677 3071 858 3134 personam
881 3053 1012 3115 duabus
1034 3053 1163 3114 naturis
1185 3051 1405 3121 efflorescere,
1430 3051 1466 3113 hi
1489 3052 1598 3114 altera
1623 3061 1777 3113 truncata
1799 3051 1860 3112 de·

530 3166 673 3230 formem
697 3178 904 3232 asseverant.
933 3166 979 3230 Et
1001 3168 1051 3230 sic
1075 3168 1110 3230 in
1133 3168 1212 3230 aliis
1241 3166 1323 3231 fidei
1353 3168 1535 3259 dogmatis
1567 3165 1720 3229 Aliunde
1743 3166 1859 3248 igitur,

528 3302 596 3345 non
619 3302 640 3344 a
662 3284 782 3365 primis
805 3282 874 3345 illis
895 3285 1059 3364 patribus,
1082 3283 1147 3346 hoc
1170 3281 1363 3365 profectum
1386 3292 1438 3346 est
1454 3282 1644 3345 dissidium.
1664 3280 1756 3343 Illud
1770 3299 1857 3364 ergo

527 3399 708 3481 agendum,
732 3400 824 3481 quod
848 3408 963 3462 monet
986 3399 1020 3462 in
1044 3399 1150 3461 simili
1173 3401 1412 3462 dissertatione
1436 3408 1566 3480 martyr
1588 3394 1781 3480 Cyprianus
1793 3398 1856 3478 (ηε

526 3514 574 3577 Si
591 3514 722 3577 canalis
744 3534 868 3598 aqeeem
889 3514 1021 3589 duem,
1051 3515 1115 3598 qui
1139 3514 1266 3599 copiose
1289 3515 1393 3600 prim
1422 3519 1457 3578 et
1486 3514 1631 3599 largiter
1654 3511 1858 3598 profluebat,

526 3629 632 3693 rube'to
655 3630 800 3713 defieret,
823 3648 933 3693 nenne
955 3631 1004 3693 ad
1015 3628 1153 3716 fontem
1168 3630 1339 3716 pergitur,
1363 3634 1405 3693 ut
1428 3629 1528 3693 illine
1553 3627 1754 3716 defectiones
1770 3628 1858 3715 retae

527 3750 706 3815 aesculum
728 3748 846 3807 utrum
868 3765 920 3818 ne,
943 3745 1165 3808 arescentibus
1186 3744 1290 3818 venes,
1315 3745 1353 3807 in
1375 3744 1485 3830 capite
1506 3741 1599 3808 unde
1612 3743 1793 3817 sa'ccavmt
1809 3764 1856 3805 an

525 3880 611 3935 vere,
634 3859 770 3945 integra
792 3856 869 3922 e'rtde
891 3864 925 3922 et
940 3859 1046 3944 plena
1063 3867 1279 3946 procurrens,
1298 3860 1337 3923 in
1353 3857 1458 3925 medei)
1473 3858 1597 3924 itinere
1610 3858 1787 3923 desuerit.
1809 3859 1858 3923 Ut

525 3974 561 4037 si
579 3974 661 4037 m‘tio
691 3974 882 4059 eetermpti
908 3980 972 4038 eut
999 3975 1108 4039 bibuli
1132 3975 1265 4039 camelis
1293 3976 1447 4061 effectum
1470 3981 1605 4059 estque
1628 3974 1743 4038 mzieus
1768 3996 1856 4059 eque

524 4091 685 4154 contritae
702 4096 959 4175 perseueranter
985 4112 1024 4155 ee
1052 4091 1179 4178 tiege'ter
1202 4092 1342 4175 flueret,
1366 4091 1491 4179 resecto
1520 4095 1554 4155 ei
1582 4092 1782 4175 confirmate
1803 4110 1855 4153 cn·

525 4205 609 4276 nuli,
632 4203 680 4269 ed
699 4226 799 4268 usum
821 4210 920 4290 etque
942 4205 988 4269 ad
1002 4211 1120 4291 potum
1142 4207 1289 4270 antimi
1310 4225 1400 4291 aqua
1422 4207 1557 4270 collecte
1578 4205 1691 4269 eadem
1707 4205 1856 4269 melate

524 4325 624 4405 etque
646 4321 846 4408 eittegritete
865 4328 1136 4406 repraesentetur
1150 4343 1216 4407 que
1238 4320 1391 4409 deserete
1400 4318 1662 4408 proficiscitur?
1677 4321 1854 4384 Hactenus

524 4434 724 4518 Cyprianus.
749 4438 980 4502 Indubitatum
1004 4449 1055 4502 est
1089 4439 1218 4521 primos
1240 4438 1321 4503 fidei
1356 4449 1490 4503 vestrae
1516 4440 1669 4521 liquores
1691 4458 1713 4501 a
1734 4438 1854 4520 primis

524 4553 762 4616 Alexandriae
777 4552 937 4626 lontibus,
955 4555 1057 4618 Petro
1073 4557 1306 4637 apostolorum
1322 4556 1476 4638 principe
1499 4564 1533 4618 et
1552 4555 1722 4637 discipulo
1745 4554 1853 4636 ipsius

524 4667 653 4738 Marco,
679 4668 804 4731 illimes
826 4682 859 4732 et
883 4669 1073 4752 pellucidos
1095 4672 1233 4742 exiisse,
1257 4689 1361 4753 puros
1380 4671 1483 4736 etiam
1499 4680 1534 4733 et
1549 4670 1794 4753 chrystallinus
1808 4668 1854 4730 ad

524 4783 752 4847 Athanasium
776 4786 984 4865 pervenisse,
1008 4786 1161 4848 illibatos
1176 4804 1312 4867 quoque
1335 4788 1380 4849 ab
1402 4804 1445 4848 eo
1468 4785 1513 4847 ad
1529 4784 1774 4856 Frumentium‚
1791 4783 1854 4847 Pe·

524 4910 622 4971 trum,
635 4898 862 4979 Theophilum
876 4910 910 4962 et
922 4897 1090 4981 Cyrillum
1106 4901 1300 4974 transiisse3
1317 4901 1472 4966 turbidos
1485 4919 1577 4973 vero,
1588 4900 1783 4963 lutulentos
1798 4900 1853 4962 vel

612 5151 647 5211 (r)
667 5148 731 5212 Cap.
751 5161 792 5197 ιο.
815 5176 844 5186 -
865 5148 904 5215 (2)
923 5149 1007 5214 Epist.
1029 5158 1062 5213 74
1080 5153 1117 5199 ad
1136 5152 1250 5214 Pompei.
1317 5186 1321 5193 .
