1040 1544
66 465 76 477 r,
82 468 95 481 ³.

213 463 367 479 REVERENDO
384 462 511 479 ADMODUM
528 463 554 478 IN
571 462 678 478 CHRISTO

351 512 427 528 PATRI
439 511 536 528 NOSTRO

161 574 377 601 FRANCISCO
405 573 726 601 PICCOLOMINAEO

336 646 476 662 SOCIETATIS
496 645 552 662 IESU

292 695 445 712 PRAEPOSITO
464 695 596 711 GENERALI.

348 801 403 819 molis
413 801 513 822 volumine,
529 807 566 824 quo
580 800 661 819 universi
676 800 778 819 Abassino*

338 834 422 852 omnium
430 834 554 852 Orientalium
562 833 697 852 haereticorum
706 840 779 852 errores

335 871 388 888 intur,
405 867 490 885 ianuario
508 867 553 885 anni
572 867 666 885 millesimi
683 870 778 885 sexcente<

335 901 454 925 {adragesimi
464 900 511 919 sexti
521 906 533 919 a
543 906 572 918 me
582 900 606 919 ad
619 900 703 924 praelum
714 900 732 918 in
742 900 778 918 Eu-

110 941 175 959 ropam
190 935 275 956 dimisso,
290 934 353 953 statim
368 934 423 952 huius
442 940 494 952 meae
511 933 637 958 expeditionis
652 933 777 957 Aethiopicae

109 975 186 992 operam
203 968 291 989 condixi;
310 971 328 986 et
342 967 373 986 vix
392 968 453 991 prima
470 967 496 985 illi
513 967 593 986 stamina
610 967 742 985 subtenderam
759 971 778 985 et

110 1002 166 1020 ducto
176 1003 195 1020 in
209 1006 335 1020 transversum
348 1001 401 1019 radio
415 1001 569 1022 cancellaveram,
580 1007 629 1022 cum,
642 1004 743 1025 appetente
752 1000 779 1019 fe>

109 1035 190 1056 bruario,
210 1035 263 1053 Goae
283 1039 385 1059 tempestas
404 1041 441 1053 non
456 1034 518 1053 minus
537 1038 590 1053 atrox
606 1038 625 1053 et
640 1034 742 1052 furibunda
758 1034 777 1052 in

109 1068 211 1092 collegium
226 1072 300 1087 nostrae
314 1068 420 1089 societatis,
435 1068 486 1092 quod
500 1068 612 1089 incolebam,
625 1072 644 1086 et
658 1068 676 1086 in
691 1071 776 1086 sanctum

110 1101 229 1120 Franciscum
245 1102 352 1123 Xaverium‚
368 1101 418 1120 illius
432 1102 557 1122 fundatorem,
572 1105 668 1125 tamquam
687 1101 776 1119 iniustum

109 1139 242 1159 occupatorem
252 1135 351 1156 redituum,
362 1141 385 1153 ex
395 1135 494 1153 destructis
504 1135 597 1153 idolorum
608 1134 663 1156 fanis,
671 1135 696 1153 ob
706 1134 778 1158 indige-

110 1175 175 1186 narum
190 1169 215 1186 ad
229 1168 298 1187 Christi
313 1168 369 1186 fidem
383 1168 533 1189 conversionem,
548 1167 654 1186 vacantium
669 1171 688 1186 et
702 1167 738 1191 ipsi
753 1168 778 1186 ab

110 1201 222 1220 immortalis
232 1201 333 1220 memoriae
343 1201 413 1219 Ioanne
421 1201 446 1219 IV
453 1200 561 1219 Lusitaniae
570 1207 615 1225 rege
624 1201 643 1219 in
653 1201 704 1219 illius
713 1201 777 1219 dotem

109 1234 247 1256 attributorum,
262 1241 318 1258 quam
333 1241 393 1258 nuper
411 1234 430 1253 in
448 1234 551 1258 Aethiopia
566 1235 590 1253 ab
608 1234 745 1252 immanissimo
759 1237 778 1252 et

109 1268 233 1287 callidissimo
243 1268 356 1292 imperatore
366 1268 448 1286 Basilide
462 1267 504 1292 (ipsi
519 1267 584 1286 dicunt
598 1268 703 1292 Faciladas)
712 1271 778 1286 contra
