4124 6182
686 671 803 719 crasa
827 673 851 729 1,
880 671 1005 720 CAPUT
1029 672 1082 721 111.
1509 678 1548 736 47

215 829 329 881 sturae
355 816 561 901 flagitarunt.
585 817 650 880 Ille
677 818 851 900 hospitum
876 820 1127 881 moltitudinem
1151 828 1184 881 et
1208 838 1303 882 suam
1328 819 1551 890 inscientiam,

211 935 306 1016 quod
323 944 414 996 esset
430 935 634 1017 alienigena,
652 936 721 996 imo
737 944 772 997 et
792 935 969 997 scientiam
994 934 1194 1006 obtendens
1211 936 1304 1015 quod
1329 935 1478 997 edulium
1503 936 1552 997 sic

214 1051 494 1131 attemperaverit
528 1058 564 1112 ut
588 1070 650 1113 nec
678 1050 744 1131 ipsi
770 1051 952 1133 indigenae
977 1052 1217 1131 persenserint,
1242 1051 1493 1113 accusationem
1518 1052 1551 1111 in

214 1166 327 1227 iocum
353 1176 388 1227 et
410 1166 664 1228 damnationem
689 1185 761 1228 ase
789 1168 823 1227 in
855 1166 1110 1228 condimentum
1138 1167 1317 1238 convertit,
1345 1186 1411 1228 non
1440 1177 1552 1229 tamen

214 1282 362 1343 obtinuit
384 1290 421 1343 ut
444 1282 555 1362 ipsum
579 1283 624 1343 ab
648 1284 793 1363 irnperio
816 1291 873 1345 aut
897 1283 941 1343 ab
969 1280 1140 1363 imperiali
1164 1301 1283 1344 mensa
1305 1282 1469 1345 exularet.

309 1417 360 1460 12.
386 1394 572 1478 Simplices
594 1398 629 1459 hi
654 1400 722 1460 cibi
746 1418 813 1460 non
838 1400 1030 1480 parvisunt
1047 1398 1223 1478 impendii,
1241 1417 1316 1460 cum
1334 1397 1448 1461 nullae
1464 1399 1554 1480 apud
1617 1406 1743 1469 Simplex
1770 1406 1795 1455 is
1823 1406 1903 1488 cibus

214 1533 273 1575 eos
296 1514 364 1576 sint
391 1515 504 1576 molae
528 1515 688 1594 aquariae
704 1514 760 1576 vel
776 1514 954 1586 asinariae,
972 1514 1032 1576 sed
1047 1522 1189 1585 tantum,
1207 1522 1243 1575 ut
1259 1514 1347 1575 inter
1362 1513 1553 1583 Hebraeos,
1581 1478 1816 1612 ffi‘i’omm
1849 1491 1902 1525 ω’

215 1628 399 1692 ancillares
418 1639 451 1692 et
466 1629 645 1711 portatiles
657 1627 716 1711 (1);
742 1648 806 1691 nec
822 1629 1002 1711 quisquam
1020 1630 1170 1690 virorum
1187 1630 1280 1711 adigi
1297 1631 1405 1709 possit
1424 1629 1502 1691 illas
1518 1640 1555 1691 ut

213 1745 336 1807 trudat.
363 1744 405 1807 In
422 1746 512 1807 diem
538 1744 690 1808 foemina
712 1754 844 1808 tantum
868 1743 998 1807 farinae
1023 1745 1131 1817 molit,
1148 1754 1313 1825 quantum
1328 1745 1555 1827 quadraginta

214 1862 272 1921 vel
288 1862 537 1944 quinquaginta
553 1862 721 1942 placentis
737 1858 959 1923 conficiendis
975 1858 1129 1931 sufficiat,
1146 1880 1225 1921 nam
1241 1870 1397 1923 servatae
1413 1862 1447 1921 in
1463 1861 1554 1922 diem

213 1978 398 2038 crastinam
423 1987 613 2058 putescunt.
639 1978 721 2040 Plus
745 1980 848 2040 etiam
873 1975 1005 2039 farinae
1028 1985 1129 2058 potus
1148 1997 1250 2058 quam
1266 1979 1379 2038 victus
1395 1978 1553 2047 absumit,

214 2101 357 2173 uterque
381 2109 464 2154 vero
488 2094 663 2174 ingentem
687 2094 889 2156 ancillarum
911 2112 1052 2176 gregem
1077 2093 1242 2173 deposcit.

309 2227 360 2285 13.
384 2206 513 2270 Vinum
537 2209 689 2289 ipsorum
713 2227 759 2269 ex
783 2208 885 2270 melle
902 2209 1008 2271 instar
1024 2208 1125 2270 mulsi
1142 2207 1318 2271 conficitur
1334 2212 1482 2292 quinque
1499 2212 1553 2272 vel
1618 2219 1704 2270 Vini
1736 2218 1903 2269 conficiendi

216 2342 280 2385 sex
304 2342 414 2403 aquae
437 2324 591 2405 partibus
615 2325 649 2384 in
673 2324 807 2385 unicam
832 2324 945 2385 mellis
961 2325 1125 2386 coniectis
1143 2325 1356 2405 (crediderim
1372 2325 1555 2407 hydromel

216 2458 292 2501 esse
315 2439 519 2520 plinianum)
544 2440 661 2501 addito
685 2440 765 2501 tosti
788 2438 908 2501 hordei
933 2440 1069 2501 subdio
1094 2441 1255 2502 macerati
1279 2459 1394 2522 pugno
1418 2452 1453 2504 et
1469 2443 1554 2525 ligni

1583 2293 1694 2342 modus.

217 2555 405 2626 cuiusdam,
429 2552 523 2618 sado
539 2556 633 2627 dicti,
650 2553 803 2617 frustulis
819 2575 915 2636 quae,
933 2575 1069 2617 omnem
1087 2575 1108 2616 a
1124 2555 1226 2618 melle
1242 2557 1458 2618 dulcedinem
1471 2577 1554 2619 exu-

214 2680 348 2751 gentes,
374 2667 546 2733 fervorem
571 2673 660 2733 intra
683 2672 831 2753 quinque
854 2672 910 2733 vel
934 2691 998 2733 sex
1022 2671 1096 2733 dies
1118 2673 1297 2744 inducunt;
1333 2690 1400 2751 quo
1424 2674 1554 2739 sedato,

215 2795 314 2867 grate
337 2788 433 2867 potio
457 2788 519 2848 illa
542 2789 668 2849 acescit
692 2796 735 2858 et,
760 2787 932 2849 diversum
957 2789 1001 2848 ab
1031 2805 1172 2850 uvarum
1198 2807 1300 2849 succo
1323 2785 1480 2869 saporem
1504 2808 1554 2850 re·

218 2899 343 2974 serens,
372 2902 470 2964 illum
502 2922 571 2964 non
599 2903 771 2965 modicum
802 2903 1001 2966 salubritate
1032 2904 1178 2965 excedit.
1212 2903 1337 2965 Parum
1372 2904 1443 2964 vini
1467 2904 1556 2965 inter
1606 2917 1688 2999 'Eius
1707 2916 1737 2965 in
1762 2925 1830 2977 potu
1850 2916 1905 2963 lar-

216 3014 348 3079 fercula
371 3017 536 3089 hauritur,
560 3018 631 3091 sed,
656 3028 693 3081 ut
716 3019 808 3099 apud
831 3019 990 3099 antiquos
1017 3019 1115 3081 multi
1142 3020 1300 3081 solebant
1327 3037 1414 3100 cupa
1436 3027 1556 3099 potare
1584 2998 1667 3051 Μ’

217 3135 393 3216 magistra,
417 3136 477 3205 sic,
501 3134 561 3195 ubi
584 3134 710 3196 mensis
734 3134 815 3196 data
838 3136 944 3215 quies,
968 3136 1199 3217 praegrandes
1214 3136 1285 3196 vini
1313 3136 1497 3216 amphorae
1521 3136 1556 3195 in

216 3250 332 3311 medio
356 3259 560 3322 statuuntur,
585 3252 628 3313 ad
651 3269 736 3332 quas
759 3252 861 3313 amici
884 3260 918 3313 et
942 3252 1046 3312 vicini
1062 3251 1249 3313 convolant
1273 3270 1335 3313 nec
1356 3252 1421 3312 nisi
1445 3251 1557 3331 epotis

216 3366 409 3428 discedunt.
434 3365 537 3428 Multi
560 3366 604 3428 ad
629 3366 851 3447 Imperatoris
875 3368 989 3428 aulam
1013 3386 1172 3448 proceres
1199 3376 1233 3429 et
1256 3368 1418 3448 cuiusque
1449 3367 1556 3447 dyna-

216 3492 290 3543 stae
315 3482 455 3544 domum
480 3483 608 3545 milites
631 3480 814 3555 confluunt,
840 3502 926 3562 quos
949 3503 1067 3546 omnes
1091 3480 1249 3545 saecundi
1268 3484 1394 3545 calices
1410 3483 1557 3544 disertos

216 3608 255 3659 et
278 3598 323 3659 ad
347 3598 585 3679 spondendum
601 3617 639 3660 se
655 3599 836 3661 morituros
859 3608 938 3660 ante
954 3600 1077 3679 ipsum,
1094 3608 1129 3661 et
1145 3619 1208 3680 pro
1224 3600 1301 3679 ipso
1317 3600 1463 3661 audaces
1479 3598 1556 3660 red·

218 3716 312 3776 dunt.
338 3710 408 3775 Sed
431 3733 519 3794 quae
543 3715 576 3775 in
601 3714 683 3775 vino
707 3715 856 3776 veritas?
880 3714 1040 3794 Plerique
1063 3724 1121 3776 aut
1145 3715 1216 3776 illic
1242 3716 1346 3795 sopiti
1362 3713 1557 3785 concidunt,

217 3841 276 3893 aut
300 3830 350 3892 ita
372 3830 500 3891 turbati
518 3830 706 3899 discedunt,
724 3840 761 3891 ut
777 3827 991 3912 sre*quenter
1015 3850 1035 3891 a
1051 3831 1172 3892 domus
1188 3832 1277 3891 ostio
1293 3832 1465 3892 aberrent:
1482 3848 1556 3910 por·

218 3952 362 4017 tentum,
387 3964 456 4006 non
479 3945 552 4006 vini
575 3942 760 4007 efficacitas
783 3950 846 4028 (est
870 3948 960 4008 enim
985 3955 1103 4007 nostro
1121 3945 1222 4027 longe
1242 3945 1470 4026 imbecillius),
1495 3946 1557 4007 sed

218 4061 379 4122 nimietas
402 4060 552 4130 adducit,
576 4070 612 4121 ut
636 4080 695 4122 eos
718 4081 786 4122 non
810 4062 878 4122 iam
902 4061 1069 4131 homines,
1093 4061 1153 4122 sed
1177 4060 1358 4141 amphoras
1378 4061 1489 4122 redire
1506 4080 1557 4122 ar·

217 4177 367 4238 bitteris.

307 4370 348 4438 (1)
367 4372 441 4428 Isari,
460 4384 504 4436 47,
523 4386 549 4422 n.
571 4382 581 4418 1
604 4379 630 4420 et
649 4383 672 4422 2.
