4058 6178
224 2111 329 2161 Romae
349 2110 429 2160 nulls
448 2125 509 2160 um·

188 2195 271 2247 quam
297 2182 352 2232 luit
375 2182 507 2241 Maesia

189 2253 315 2304 multae
333 2254 364 2303 ln
381 2253 447 2303 aliis
464 2267 509 2303 se·

188 2326 279 2377 dibus.

537 556 597 616 168
868 565 1140 615 EXPEDITIONIS
1163 565 1426 615 AETHIOPICAE
1450 566 1529 615 ETC.

533 714 702 797 insignem
733 713 983 795 insipientiam!
1013 712 1191 777 Orientem
1213 716 1360 797 gemmis
1385 725 1419 778 et
1442 715 1653 778 aromatibus
1678 716 1860 796 primatum

533 831 615 893 dare
638 840 755 892 notum
777 840 848 903 est3
870 831 1014 893 urbibus
1037 840 1071 893 et
1095 831 1251 892 ecclesiis
1283 850 1371 894 nunc
1394 829 1505 911 primo
1528 831 1690 893 auditum.
1718 829 1755 893 Si
1778 850 1861 892 vern

533 947 639 1016 daret,
653 947 764 1027 prima
786 947 938 1009 omnium
961 945 1193 1009 Ecclesiarum
1218 956 1308 1009 esset
1330 944 1538 1016 Calaminae,
1562 947 1637 1009 sive
1652 945 1861 1029 Meliaporis,

533 1082 553 1124 a
576 1063 657 1123 divo
680 1060 814 1125 1h0ma
835 1062 993 1143 apostolo
1010 1063 1096 1124 inter
1111 1072 1285 1125 extremos
1300 1062 1533 1125 Brachmanas
1552 1063 1596 1126 ad
1611 1064 1772 1126 orientem
1791 1083 1862 1126 me·

533 1187 614 1249 tata,
638 1177 738 1259 eique
759 1180 919 1259 proxima
941 1177 1227 1259 lerosolymitana
1250 1200 1270 1241 a
1294 1177 1420 1241 lacobo
1443 1175 1550 1242 fratre
1572 1177 1710 1241 Domini
1733 1189 1860 1241 curata

533 1292 571 1356 Si
594 1313 678 1356 vero
702 1295 746 1356 ad
768 1296 950 1375 primatum
974 1293 1067 1357 Petri
1090 1313 1213 1357 nomen
1237 1294 1400 1377 poscitur,
1423 1307 1513 1358 esset
1536 1294 1765 1366 Antiochena,
1783 1315 1861 1357 cum

533 1408 636 1492 Syria
659 1412 798 1492 propior
820 1412 864 1473 sit
887 1410 1010 1473 orienti
1034 1429 1137 1492 quam
1160 1407 1373 1494 Aegyp¹tus
1398 1410 1472 1474 lmo
1495 1408 1668 1473 Christum
1691 1409 1863 1491 lerosoly·
1896 1421 1918 1469 t.
1941 1415 1984 1470 82.

534 1545 609 1588 mae
632 1526 725 1588 cruci
749 1524 899 1595 affixum,
923 1535 957 1588 et
980 1526 1119 1588 Petrum
1143 1525 1288 1595 Romae,
1316 1527 1416 1589 divus
1439 1525 1616 1589 Maximus
1631 1526 1686 1607 (ι),
1708 1526 1818 1588 dictus
1842 1545 1863 1587 a

533 1641 633 1703 vobis
658 1640 848 1711 Pachimos,
865 1650 899 1703 et
922 1642 1024 1704 divus
1045 1638 1205 1704 Clemens
1219 1640 1263 1721 (2)
1286 1642 1571 1713 animadvertunt,
1588 1651 1624 1704 ut
1643 1641 1862 1723 quemadmo-

534 1757 614 1819 dum
631 1756 701 1840 ipse
714 1755 867 1820 Orientis
888 1755 1058 1843 regionem
1077 1756 1221 1841 propria
1242 1756 1477 1821 illustraverat
1493 1756 1660 1841 passione,
1682 1755 1729 1819 sr'c
1754 1755 1862 1818 obscu-

535 1870 660 1934 riorem
684 1870 869 1934 Occsilantri·
886 1870 1036 1957 plagam,
1061 1892 1103 1935 ne
1126 1869 1210 1956 quid
1229 1871 1345 1934 minus
1366 1877 1460 1940 esset.
1482 1871 1586 1935 Petn'
1604 1871 1757 1955 apostole,
1772 1870 1866 1933 velut

534 1986 683 2050 omnnem
702 1987 914 2071 potentiores,
935 1987 1105 2073 sanguine
1126 1986 1282 2073 azgrmrus
1304 1987 1381 2069 [sici
1405 1992 1456 2051 est
1475 1987 1687 2051 illuminare.

626 2122 676 2182 3²·
702 2100 938 2165 Difficiliorem
962 2122 1045 2165 vero
1067 2105 1292 2185 provinciam,
1314 2101 1468 2167 Orientis
1490 2104 1711 2173 curationem,
1737 2103 1864 2182 inquo

534 2229 613 2281 sunt
636 2219 723 2281 duae
745 2219 845 2280 sedes
859 2219 1105 2300 patriarchales
1125 2221 1304 2303 genuinae,
1321 2219 1563 2282 Alexandrina
1585 2228 1621 2281 et
1636 2216 1864 2288 Antiochena,

535 2344 569 2396 et
590 2335 678 2396 duae
701 2334 911 2405 honorariae,
935 2333 1221 2415 ierosolymitana
1243 2344 1278 2396 et
1298 2332 1687 2415 Constantinopolitano,
1708 2329 1865 2394 Christus

535 2451 728 2531 assumpsit,
754 2449 903 2512 Romam
926 2470 1004 2512 curn
1031 2449 1218 2514 Occidente
1249 2450 1353 2512 Petro
1384 2451 1558 2533 delegans,
1590 2450 1671 2530 quia
1693 2449 1727 2511 in
1751 2447 1821 2509 illis
1844 2467 1866 2508 a

534 2567 705 2628 condensa
728 2567 907 2629 haeresum
931 2566 1058 2629 ibidem
1082 2567 1356 2629 subnascentium
1377 2576 1412 2628 et
1438 2565 1684 2628 luxuriantium
1698 2563 1785 2626 silva
1801 2582 1865 2624 ex·

534 2681 720 2764 purgandis
743 2683 886 2744 multum
914 2701 1038 2764 operae
1068 2682 1315 2752 insumendum,
1340 2683 1373 2743 in
1406 2681 1470 2743 hac
1498 2679 1676 2743 iucundius
1705 2679 1807 2741 Petro
1829 2688 1866 2740 et

534 2798 787 2861 successoribus
809 2799 1043 2870 laborandum,
1067 2799 1157 2880 quia,
1174 2807 1212 2860 ut
1226 2806 1372 2860 testatur
1386 2796 1523 2867 Paulus,
1539 2794 1714 2877 eriesstdes
1728 2813 1866 2856 annan-

533 2912 645 2976 tiatur
657 2913 695 2975 in
707 2914 864 2977 unraerso
879 2914 1005 2976 mundo
1017 2914 1078 2995 (3):
1098 2914 1141 2976 ed
1157 2914 1235 2975 ideo
1250 2913 1352 2975 divus
1367 2909 1571 2993 Cyprianus,
1584 2910 1724 2981 adeam,
1741 2909 1864 2988 inquit,

528 3028 680 3113 perfidae
703 3050 770 3091 non
789 3034 901 3113 potest
921 3028 1040 3093 habere
1055 3049 1217 3092 accessum
1229 3028 1283 3109 (4),
1296 3039 1330 3090 et
1347 3027 1388 3088 D.
1408 3024 1595 3110 Gregorius
1610 3024 1865 3087 Nazianzenus:

534 3143 585 3205 Ab
600 3144 752 3228 antrpm's
766 3144 863 3208 habet
877 3149 1001 3208 rectam
1008 3144 1118 3227 fidem
1133 3144 1188 3224 (5),
1205 3155 1240 3207 et
1255 3141 1432 3206 Ruffinus:
1449 3142 1586 3205 Romae
1601 3139 1701 3203 nulla
1716 3138 1867 3202 haereses

532 3259 711 3323 eandoem
727 3260 813 3345 cepit
827 3265 860 3323 et
873 3280 943 3324 mos
957 3260 1006 3323 ibi
1016 3266 1172 3323 servatur
1186 3259 1418 3344 antr'qnus(6);
1443 3269 1476 3321 et
1488 3258 1589 3321 divus
1604 3254 1756 3338 Cyrilius
1772 3255 1866 3335 apud

533 3396 550 3437 s
574 3375 604 3436 T
605 3376 743 3438 homam
753 3398 760 3438 ε
772 3375 825 3439 Ab
836 3376 932 3440 omni
939 3377 1127 3439 scaranem
1137 3381 1171 3439 et
1180 3375 1348 3439 haerett'ca
1358 3372 1636 3438 circumventione
1650 3369 1870 3455 semperfuit

533 3491 751 3554 immaculata
767 3492 821 3573 (7),
845 3502 879 3554 et
903 3491 1149 3555 lheodoretus:
1178 3491 1282 3554 Tenet
1302 3491 1369 3554 ista
1390 3494 1508 3552 sancta
1529 3489 1621 3553 sedes
1640 3485 1868 3573 grebernaeula

534 3607 757 3691 regendarum
780 3611 846 3670 toto
868 3607 944 3670 orba
966 3607 1200 3680 Eeclesr‘arum,
1223 3612 1296 3670 turn
1313 3610 1455 3691 propter
1476 3604 1560 3673 alsa,
1583 3609 1657 3667 tum
1679 3602 1758 3689 quoa
1779 3622 1868 3665 sern-

528 3728 593 3806 per
615 3720 779 3786 haeretiei
791 3722 940 3809 foetoris
954 3730 1073 3807 expers
1090 3723 1349 3806 permansitlti).
1376 3721 1425 3784 At
1447 3722 1549 3784 sedes
1572 3721 1654 3783 illae
1676 3719 1863 3782 orientales

534 3848 617 3918 quot
641 3839 819 3901 haeresum
847 3847 1007 3909 monstra,
1038 3848 1121 3920 quot
1150 3838 1424 3901 Petriarcharum
1455 3836 1526 3899 iliis
1557 3834 1756 3898 infectorum
1786 3852 1867 3914 por-

534 3963 628 4016 tenta
651 3951 831 4016 fuderunt?
854 3954 1074 4016 Antiochena
1090 3953 1234 4016 Paulum
1249 3951 1537 4023 Samosatensem‚
1556 3950 1740 4019 Eulalium
1756 3948 1867 4010 Euse-

534 4070 638 4141 bium,
656 4068 868 4142 Eufronium,
885 4070 1077 4141 Flacillum‚
1102 4069 1299 4141 Emanium,
1314 4067 1478 4141 Vitalem,
1500 4067 1781 4149 Porphyrionem,
1798 4062 1868 4126 Pe·

532 4196 622 4247 trum
646 4182 858 4266 Gnapheum‚
888 4184 1062 4257 Severum,
1095 4183 1307 4267 Stephanum
1332 4196 1367 4249 et
1391 4184 1592 4255 Macarium,
1622 4180 1869 4244 Constantino-

534 4301 686 4381 politana
698 4300 949 4372 Macedonium,
962 4301 1157 4364 Eudoxium
1175 4313 1208 4364 et
1222 4300 1466 4383 Demophilum
1490 4302 1636 4367 arianos,
1656 4296 1868 4367 Nestorium,

534 4416 712 4489 Acacium,
737 4417 951 4488 Anthimum‚
976 4419 1153 4499 Pyrrhum,
1177 4419 1333 4489 Paulum,
1350 4416 1521 4500 Sergium,
1537 4417 1687 4484 Petrum,
1704 4411 1870 4477 Photium

533 4542 567 4593 et
590 4530 795 4594 Michaelem
827 4531 1050 4603 Cerularium‚
1082 4543 1320 4615 praeterquam
1351 4534 1444 4614 quod
1477 4532 1630 4595 haeresis
1659 4528 1872 4609 eutychiana

534 4666 613 4709 suas
636 4648 684 4709 ibi
708 4668 812 4710 cunas
835 4650 994 4729 posuerit.
1019 4649 1339 4730 lerosolymitanam
1363 4647 1478 4721 fidem,
1502 4646 1671 4710 illibatam
1693 4663 1798 4728 usque
1821 4641 1875 4705 ad

533 4761 596 4823 illa
618 4766 767 4846 tempora
789 4762 954 4849 virginem
979 4774 1015 4826 ut
1039 4765 1190 4844 loquitur
1205 4764 1375 4827 Eusebius
1389 4762 1622 4827 Caesariensis
1637 4764 1691 4842 (9),
1707 4760 1872 4841 repulsae

621 4948 662 5011 (1)
681 4951 760 5001 Serm.
781 4962 794 5013 5
815 4951 855 4998 De
873 4968 905 5003 ss.
925 4954 1051 5013 apostolis
1069 4953 1150 5000 Petro
1168 4959 1195 5001 et
1214 4954 1308 5004 Paulo.
1331 4981 1365 4990 -
1385 4949 1423 5017 (a)
1447 4950 1559 5014 Epistol.
1583 4961 1606 5001 1.
1625 4977 1657 4987 -
1677 4946 1718 5011 (3)
1737 4948 1821 5002 Rom..
1847 4959 1871 5003 1,

534 5053 558 5089 n.
573 5037 596 5089 8.
612 5066 644 5074 —
657 5037 698 5103 (4)
711 5039 769 5089 Lib.
785 5050 807 5094 1,
821 5041 895 5103 epist.
910 5050 934 5099 3.
948 5068 981 5075 -
995 5040 1031 5103 (5)
1051 5041 1082 5088 In
1095 5056 1173 5092 carm.
1187 5042 1228 5088 De
1239 5043 1299 5090 vito
1310 5059 1368 5094 suo.
1382 5039 1464 5107 -(6)
1477 5041 1631 5104 Insyrnbol.
1642 5068 1676 5076 -
1686 5038 1725 5104 (7)
1736 5038 1873 5101 Inopusr.

535 5127 637 5175 Contra
649 5144 751 5176 errores
765 5130 888 5180 Graecor.
907 5156 932 5164 —
948 5128 989 5195 (8)
1003 5131 1034 5177 In
1047 5131 1122 5193 epist.
1136 5132 1178 5179 Ad
1189 5131 1286 5183 Renal.
1307 5158 1340 5173 -
1360 5130 1401 5198 (9)
1418 5131 1478 5182 Lib.
1497 5143 1522 5193 4,
1535 5130 1611 5180 Hr‘st.
1624 5130 1733 5186 Eccler„
1746 5143 1804 5193 cap.
1825 5138 1872 5181 21.
