4066 6174
578 524 694 583 tinnit
717 534 757 603 11,
782 524 906 584 carus
929 526 1072 585 xxxiv.
1425 519 1486 600 387

248 699 278 759 9.
302 677 407 744 Pater
428 680 580 745 Didacus
602 679 770 746 Maiensis
792 690 826 745 et
848 680 1014 764 Iosephus
1040 678 1186 745 Girocus
1212 679 1385 743 Dancazio
1408 698 1491 743 non·
1554 690 1619 739 Duo
1636 696 1730 751 parre·
1754 685 1786 737 ln
1804 681 1841 738 n·

160 796 240 858 dum
263 806 494 870 excesserant,
509 797 572 861 sed
587 816 720 861 sacrum
736 806 770 861 et
786 798 984 862 concionem
1000 795 1148 881 singulis
1170 794 1243 861 fere
1258 797 1381 861 diebus
1395 812 1491 879 pera-
1519 761 1726 825 ”mm

161 912 306 995 gebant3
331 913 374 976 ad
401 932 487 996 quas
512 913 794 996 praestantissimi
821 912 981 977 catholici
1004 911 1186 977 confertim
1213 911 1432 986 accedebant,
1455 932 1493 977 se

161 1025 377 1091 confessione
398 1030 628 1113 repurgabant
651 1039 686 1094 et
713 1031 831 1094 divina
852 1031 978 1113 synaxi
1000 1030 1224 1105 roborabant3
1248 1029 1372 1113 quibus
1395 1027 1492 1092 Prin·

160 1162 242 1226 ceps
264 1152 374 1208 status
397 1147 529 1208 ratione
552 1146 768 1219 connivebat,
796 1145 899 1229 idque
921 1145 973 1208 illi
996 1145 1185 1230 Imperator
1208 1163 1312 1230 aeger
1333 1165 1380 1208 ex
1403 1144 1494 1208 lecto

161 1261 436 1325 commendatum
467 1259 663 1344 frequenter
692 1261 852 1327 faciebat.
883 1262 956 1327 Iam
987 1272 1103 1326 tamen
1129 1264 1218 1327 inter
1246 1255 1438 1326 haereticos
1460 1270 1494 1329 et

161 1375 351 1440 catholicos
373 1379 629 1441 controversIae
645 1388 679 1441 et
701 1377 930 1443 dissensiones
946 1379 1087 1442 minime
1109 1376 1226 1443 futiles
1240 1378 1444 1463 gliscebant,
1459 1375 1495 1440 in

160 1491 286 1574 quibus
308 1491 474 1575 Princeps
489 1492 680 1557 haereticos
694 1494 844 1578 tegebat,
861 1503 896 1558 et
917 1503 956 1559 ut
978 1495 1014 1558 in
1037 1493 1226 1559 catholicos
1248 1493 1364 1558 iniurii
1383 1502 1496 1558 essent

161 1608 340 1671 audaciam
365 1609 581 1692 suggerebat
613 1607 706 1672 Inter
728 1608 825 1682 haec,
852 1609 907 1673 die
935 1610 1070 1674 decima
1083 1608 1300 1692 septembris,
1323 1608 1495 1692 Principis

162 1725 255 1787 iussu
280 1723 417 1807 pulsata
440 1733 519 1787 sunt
541 1734 706 1808 tympana
722 1725 924 1809 imperialia,
941 1735 974 1794 et
990 1726 1147 1799 Daniele,
1164 1724 1221 1808 qui
1237 1728 1409 1790 maximus
1423 1735 1497 1791 erat

161 1840 282 1903 harum
306 1841 497 1904 novitatum
521 1839 710 1915 instinctor,
732 1852 917 1924 praeeunte
940 1851 975 1906 et
998 1843 1180 1906 duodecim
1196 1840 1372 1906 monachis
1392 1840 1496 1906 adsti-

162 1955 371 2037 pulantibus,
394 1957 458 2020 sub
480 1956 608 2040 triplici
631 1956 848 2022 anathemate
864 1957 991 2022 iactum
1006 1968 1058 2023 est
1080 1960 1316 2042 praeconium:
1333 1958 1496 2032 Primum,
1559 1964 1745 2017 Praeconium
1778 1965 1844 2015 me-

162 2082 199 2135 ut
214 2092 333 2136 omnes
355 2071 493 2157 Regem
509 2091 608 2137 suum
624 2083 848 2157 agnoscerent
863 2071 1042 2140 Seltanum
1064 2073 1260 2160 Seguedum
1276 2085 1311 2138 et
1332 2076 1395 2149 illi,
1412 2084 1497 2139 tam·
1524 2037 1685 2089 reticerem.

163 2207 266 2270 quam
288 2187 361 2261 tali,
385 2189 672 2271 obtemperarent,
694 2199 729 2254 et
758 2200 837 2273 post
867 2192 974 2273 ipsius
996 2192 1137 2264 obitum,
1160 2191 1306 2274 priucipi
1339 2189 1496 2254 Basilidi.

163 2302 369 2376 Secundum,
392 2313 430 2368 ut
446 2324 565 2369 omnes
591 2305 626 2368 in
641 2305 883 2369 Alexandrina
898 2304 965 2370 fide
984 2306 1140 2371 viverent
1162 2317 1196 2372 et
1219 2306 1254 2370 in
1273 2307 1393 2370 eadem
1409 2325 1498 2369 mor·
1613 2296 1620 2307 '

163 2431 232 2484 tem
257 2422 401 2486 obitent.
425 2421 589 2495 Tertium,
620 2442 663 2486 ne
686 2423 731 2486 ab
753 2424 815 2486 illa
838 2424 893 2487 die
922 2422 1104 2506 quisquam
1128 2424 1170 2487 de
1193 2424 1295 2487 rebus
1317 2420 1398 2486 fidei
1420 2442 1497 2486 cum

166 2537 374 2610 Patriarcha,
398 2539 561 2621 patribus,
585 2537 662 2601 Ras
688 2536 770 2602 Sela
800 2535 939 2612 Cristds,
970 2539 1028 2602 vel
1050 2559 1128 2603 cum
1158 2537 1230 2603 ullo
1259 2538 1499 2603 Lusitanorum

165 2653 395 2727 altercaretur,
418 2655 479 2717 sed
503 2674 606 2718 unum
621 2654 774 2718 omnium
797 2663 888 2719 esset
903 2673 1120 2738 responsum:
1144 2651 1290 2718 Suorum
1317 2664 1498 2736 parentum

165 2767 266 2833 fidem
289 2771 356 2833 sibi
386 2770 431 2833 ab
461 2769 670 2853 Imperatore
700 2772 901 2845 restitutam,
924 2780 1017 2835 etse
1040 2770 1267 2836 anathematis
1297 2771 1499 2855 Interpositu

165 2905 207 2948 ne
230 2884 427 2951 Romanam
451 2888 591 2951 audiant
614 2888 819 2969 praepediri.

257 3022 307 3066 ιο.
330 2998 473 3065 Summo
487 3004 610 3085 plausu
626 3011 661 3065 et
676 3002 884 3067 clamoribus
898 3003 964 3067 hoc
979 3001 1199 3086 praeconium
1214 3004 1250 3066 in
1265 3001 1386 3086 populi
1400 3020 1499 3065 aures
1554 3009 1757 3062 munnulus
1768 3025 1849 3075 prae-

167 3114 230 3181 fuit
253 3119 461 3193 immissum
485 3139 549 3181 nec
572 3120 673 3201 pauci
688 3119 804 3184 statim
828 3129 989 3184 contenta
1004 3138 1089 3183 voce
1112 3118 1225 3182 dicere
1248 3127 1445 3201 coeperunt,
1463 3117 1497 3180 in
1525 3081 1633 3204 ἓξὲξ,
1663 3083 1848 3134 ⁰⁰⁶⁸⁸¹⁰¹¹⁶

166 3236 286 3298 castris
301 3255 364 3297 nec
380 3233 580 3323 *possetnec
595 3237 719 3300 debere
735 3236 821 3299 duas
836 3234 1011 3300 Ecclesias
1033 3235 1183 3308 tolerari,
1203 3235 1347 3298 alteram
1363 3234 1499 3299 Romae

166 3349 309 3413 alteram
332 3350 581 3425 Alexandriae,
605 3371 782 3415 necessum
813 3371 887 3415 esse
913 3361 1029 3435 patres
1059 3350 1130 3414 illis
1152 3350 1337 3424 exturbari,
1368 3352 1426 3414 vel
1449 3349 1499 3415 fa·

167 3465 327 3529 cultatem
351 3466 417 3529 sibi
441 3468 582 3530 concedi
606 3467 649 3530 ad
673 3487 741 3541 eos,
765 3477 800 3532 et
823 3477 989 3549 quotquot
1007 3465 1087 3531 fidei
1110 3466 1292 3531 Romanae
1314 3475 1502 3532 sectatores

167 3590 290 3653 essent,
313 3574 542 3646 trucidandos.
560 3582 780 3664 Responsum
796 3592 849 3647 est
871 3586 1003 3667 regiam
1025 3581 1224 3648 facultatem
1247 3592 1318 3647 tam
1342 3583 1410 3647 late
1433 3603 1501 3646 non

168 3698 335 3778 protendi,
359 3699 419 3761 sed
439 3709 477 3761 ut
500 3699 711 3762 obtineretur
744 3701 1004 3781 procurandum.
1027 3699 1064 3762 A
1087 3699 1364 3782 prudentioribus
1387 3709 1501 3764 tamen

168 3812 263 3876 illico
286 3810 351 3878 fuit
371 3815 658 3886 animadversum,
674 3817 896 3898 praeconium
912 3816 999 3879 illud
1022 3815 1234 3880 multitudini
1249 3815 1452 3888 haereticae,
1468 3824 1503 3878 et

167 3926 428 3993 Alexandrinae
451 3930 553 3993 nimis
575 3931 780 3994 dedecorum
804 3930 973 4005 extitisse,
995 3941 1032 3996 ut
1054 3951 1142 4015 quae
1164 3952 1209 3995 ex
1232 3941 1325 3995 metu
1347 3940 1382 3995 et
1405 3931 1502 4013 igno·

168 4046 300 4109 rantiae
323 4065 404 4108 suae
427 4046 647 4119 conscientia,
670 4046 836 4109 iudicaret
870 4048 1035 4130 imparem
1058 4066 1096 4110 se
1115 4067 1190 4112 esse
1213 4066 1301 4129 quae
1324 4065 1401 4110 cum
1428 4044 1502 4109 Ro·

170 4161 278 4224 manis
302 4171 457 4233 certaret,
481 4182 501 4224 a
524 4164 647 4244 quibus
670 4182 707 4225 se
731 4162 919 4226 indubitate
943 4163 1146 4225 vincendam
1165 4162 1231 4225 hac
1254 4161 1442 4233 diffidentia
1469 4173 1503 4227 et

168 4278 452 4358 tergiversatione
474 4280 703 4359 praedicabat.
