4066 6184
603 574 720 624 amaa
744 575 783 634 11,
812 573 937 623 capus
961 574 1042 625 xvl.
1424 578 1485 641 273

144 724 180 788 in
215 725 445 808 quadraginta
475 725 532 787 vel
574 723 823 806 quinquaginta
853 721 1014 785 milliaria
1045 721 1270 806 longitudinis
1300 729 1335 784 et
1365 721 1488 785 vicena

80 819 86 829 ’
143 852 313 925 quaterna
336 841 527 905 latitudinis
549 841 793 924 expatiantem,
816 842 1017 922 irruperunt.
1041 836 1108 919 Qui
1130 847 1258 902 tractus
1279 839 1361 902 licet
1376 839 1487 902 Fecur

143 955 233 1041 Egzi
256 975 358 1021 curae
380 957 530 1021 creditus
553 977 621 1019 non
644 965 744 1030 esset,
768 965 802 1019 et
826 957 899 1038 ipse
917 955 1101 1038 prudenter
1127 956 1259 1037 opinari
1275 964 1390 1037 posset
1406 974 1486 1017 suas

143 1075 266 1157 copias
287 1072 471 1137 hostilibus
493 1073 713 1137 retundendis
736 1090 837 1155 pares
861 1092 929 1135 non
952 1091 1037 1143 esse,
1062 1071 1246 1134 multorum
1270 1080 1385 1134 tamen
1408 1090 1486 1153 pre·

143 1191 244 1254 cibus
267 1189 456 1263 instinctus,
480 1198 531 1253 tot
554 1190 755 1262 animarum,
778 1199 861 1272 quot
884 1185 1006 1252 Gallae
1032 1188 1224 1269 captivitati
1242 1186 1354 1250 daturi
1371 1195 1486 1250 essent

143 1314 182 1369 et
208 1313 331 1389 postea
361 1303 613 1369 Mahometanis
643 1304 754 1388 pretio
784 1306 964 1377 addicturi,
995 1305 1123 1386 pietate
1154 1313 1354 1375 commotus,
1387 1323 1485 1366 suum

144 1430 250 1504 caput
272 1439 335 1503 pro
358 1421 494 1484 illarum
517 1423 757 1486 vendicatione
788 1422 937 1485 devovit.
968 1419 1015 1484 Et
1045 1429 1152 1483 totam
1175 1419 1266 1482 diem
1290 1430 1324 1482 et
1349 1427 1485 1482 noctem

144 1556 275 1621 magna
297 1538 515 1601 contentione
538 1538 581 1601 ad
605 1537 685 1601 illos
707 1556 921 1621 progressus,
947 1557 1023 1599 cum
1047 1537 1116 1599 iam
1147 1536 1345 1608 albesceret,
1377 1555 1413 1597 se
1444 1554 1485 1597 ac

144 1673 238 1726 suos,
253 1651 312 1716 via
327 1654 447 1725 lassos,
464 1653 665 1717 inmediam
680 1652 857 1718 Gallarum
873 1655 992 1726 aciem,
1010 1650 1167 1716 feriatam
1191 1660 1225 1716 et
1248 1651 1365 1715 multis
1388 1652 1485 1733 equis

145 1788 210 1853 per
232 1770 340 1834 otium
363 1770 489 1833 curatis
512 1770 721 1844 instructam,
746 1771 918 1833 immissos
942 1769 1083 1833 invenit.

238 1906 268 1966 9.
292 1884 364 1949 Eos
386 1895 501 1950 tamen
525 1894 620 1950 tanta
643 1888 860 1950 contentione
884 1905 1067 1970 aggressus
1091 1895 1142 1949 est
1162 1885 1249 1948 utin
1266 1904 1409 1968 magnas
1426 1904 1485 1947 an·
1547 1896 1629 1958 aqna
1659 1893 1690 1943 in
1721 1894 1833 1943 ronam

145 2003 282 2087 gustias
304 2002 519 2085 compulerit.
554 1998 625 2065 Sed
648 2020 774 2086 magno
798 2000 926 2065 factum
951 2011 1003 2065 est
1030 1999 1219 2064 infortunio
1250 2010 1287 2064 ut
1318 2020 1425 2081 equus
1450 2000 1483 2062 in
1511 1965 1650 2087 {ms
1677 1963 1768 2016 ‘hm‘
1786 1978 1834 2015 ω’

146 2121 323 2203 ingentem
346 2118 558 2201 voraginem,
582 2117 763 2181 herbarum
787 2117 910 2181 culmis
933 2117 1152 2191 occultatam,
1179 2118 1224 2180 sit
1247 2117 1428 2198 prolapsus
1451 2125 1485 2179 et

145 2236 222 2318 ipse
244 2254 323 2298 cum
346 2242 463 2306 staret,
486 2253 508 2296 a
529 2234 685 2316 pluribus
709 2232 821 2297 Gallis
845 2235 1005 2297 obsessus
1028 2241 1062 2296 et
1085 2232 1272 2295 missilibus
1295 2230 1485 2298 confossus,

146 2349 217 2414 Ubi
241 2349 347 2414 etiam
370 2348 492 2413 ducem
516 2349 621 2412 alium
647 2371 694 2413 ex
721 2349 903 2432 disciplina
933 2348 1010 2412 Ras
1040 2345 1122 2412 Sela
1152 2346 1306 2412 Christos
1337 2349 1486 2431 ingentis

145 2465 252 2530 animi
276 2442 538 2539 adolescentem,
563 2467 710 2549 impigre
735 2466 949 2529 laborantem
973 2473 1011 2528 ut
1034 2464 1144 2527 Fecur
1166 2454 1253 2546 Egzi
1284 2464 1382 2526 illum
1412 2463 1484 2525 hia·

145 2591 219 2647 tum
243 2583 459 2679 ductaretur,
484 2601 575 2646 mors
598 2601 676 2645 cum
699 2583 819 2645 eodem
843 2581 1000 2647 involvit.
1023 2580 1158 2643 Coeteri
1182 2576 1292 2662 fugati
1316 2590 1350 2643 11
1369 2579 1485 2662 plures

145 2699 285 2764 illorum
308 2699 512 2781 interempti,
537 2698 598 2762 sed
621 2698 716 2762 Deus
740 2699 775 2761 in
799 2696 977 2762 Gallarum
1000 2707 1101 2779 caput
1124 2695 1275 2778 ipsorum
1307 2695 1485 2759 saevitiem

144 2804 443 2880 convertit.'Nam
466 2824 545 2878 ante
568 2833 719 2878 mensem
743 2834 819 2878 cum
842 2814 949 2877 variis
972 2812 1138 2896 Gojamae
1160 2812 1314 2895 partibus
1337 2811 1485 2893 superbe

146 2930 361 3003 insultarent,
384 2931 420 2993 in
442 2928 621 3013 Agaorum
644 2931 832 3013 regionem,
856 2929 900 2991 ad
924 2930 1017 3011 ipsos
1040 2928 1243 2991 evertendos
1265 2936 1343 2990 sunt
1359 2926 1484 3008 illapsi,

145 3047 207 3111 sed
232 3045 300 3130 ipsi
323 3047 357 3109 in
381 3065 486 3109 unum
509 3064 632 3128 corpus
654 3044 833 3128 compacti,
869 3065 911 3108 eo
942 3045 1069 3127 impetu
1101 3045 1135 3105 in
1167 3062 1226 3106 eos
1257 3044 1425 3106 irruerunt
1448 3052 1486 3106 ut

146 3164 182 3227 in
206 3161 326 3247 fugam
349 3163 484 3246 egerint
507 3170 542 3225 et
565 3181 683 3225 omnes
705 3158 778 3224 fere
801 3160 1058 3225 trucidaverint.

241 3298 291 3342 ιο.
316 3277 449 3342 Bellica
471 3278 653 3361 prudentia
683 3286 717 3341 et
747 3275 950 3341 fortitudine
981 3276 1090 3340 Fecur
1119 3275 1206 3360 Egzi
1231 3277 1364 3348 ducem,
1392 3278 1486 3338 vitae
1543 3291 1633 3339 Fecur
1642 3286 1712 3351 ugni
1722 3287 1831 3338 laudea.

146 3394 346 3479 integritate
369 3401 405 3458 et
427 3394 622 3457 innocentia
655 3391 942 3475 perfectissimum
970 3412 1137 3475 quemque
1168 3393 1369 3476 religiosum
1399 3390 1485 3454 refe·

145 3512 255 3575 rebat.
286 3507 519 3574 *Catholicam
542 3511 720 3573 veritatem
744 3529 821 3573 cum
845 3508 964 3591 primis
995 3512 1158 3592 suscepit:
1189 3519 1383 3591 susceptam
1414 3510 1485 3571 ani·

146 3648 244 3692 mose
265 3625 432 3700 defendit,
456 3635 490 3689 et
516 3626 650 3689 calamo
680 3627 784 3689 simul
814 3636 848 3689 et
879 3627 999 3708 lingua
1030 3625 1244 3708 propagavit.
1276 3624 1362 3688 Cum
1393 3627 1485 3687 enim

146 3743 344 3807 divinorum
375 3752 409 3806 et
439 3740 712 3823 aethiopicorum
735 3742 902 3804 librorum
925 3742 1069 3805 scientia
1093 3742 1289 3815 excelleret,
1314 3741 1348 3804 in
1369 3743 1487 3805 multis

146 3857 323 3924 vertendis
344 3877 484 3941 operam
508 3877 605 3921 suam
628 3878 660 3939 p.
685 3857 869 3920 Francisco
892 3857 1048 3921 Antonio
1081 3859 1126 3920 ab
1155 3857 1305 3940 Angelis
1336 3877 1486 3920 commo·

146 3977 254 4039 davit.
277 3973 324 4038 Et
346 3982 426 4058 post
448 3974 595 4037 reditum
618 3993 640 4037 a
662 3975 835 4058 legatione
859 3975 894 4037 in
917 3973 1063 4047 Indiam,
1080 3994 1158 4037 cum
1181 3994 1216 4056 p.
1232 3973 1388 4037 Antonio
1404 3974 1485 4037 Fer·

146 4093 275 4156 nandio
301 4092 473 4155 incassum
495 4098 636 4164 tentata,
659 4089 773 4174 Agais
796 4110 816 4153 a
839 4110 901 4154 suo
925 4099 1068 4172 patrono
1092 4110 1169 4153 cum
1190 4090 1293 4172 plena
1316 4098 1485 4173 potestate

146 4209 374 4291 praepositus,
398 4215 517 4270 auctor
539 4205 605 4269 fuit
627 4215 665 4269 ut
687 4207 796 4269 multa
823 4205 960 4269 illorum
992 4207 1101 4269 millia
1123 4208 1188 4269 sub
1219 4204 1345 4269 Christi
1376 4208 1485 4289 signis

147 4330 327 4397 mererent,
351 4331 387 4386 et
409 4343 477 4386 non
500 4341 611 4406 pauca
627 4320 818 4395 infantium,
837 4323 940 4404 paulo
964 4333 1042 4405 post
1065 4323 1224 4404 adeptam
1248 4323 1411 4403 baptismi
1435 4324 1486 4385 in·

147 4439 354 4513 nocentiam,
377 4438 475 4503 coelo
498 4448 625 4503 terram
649 4448 909 4504 commutarent.
925 4438 999 4502 Nec
1014 4457 1136 4522 parum
1159 4438 1311 4521 gloriosa
1327 4435 1392 4501 fuit
1408 4458 1486 4501 cae·

147 4556 202 4620 dis
223 4554 333 4638 ipsius
355 4573 468 4627 causa,
492 4556 521 4618 si
545 4556 636 4617 enim
660 4556 770 4618 bonus
793 4563 845 4617 est
867 4563 993 4636 pastor,
1017 4555 1076 4637 qui
1101 4555 1249 4617 animam
1273 4572 1368 4615 suam
1388 4555 1487 4635 ponit

146 4691 211 4756 pro
234 4672 359 4735 ovibus
381 4671 463 4744 suis,
487 4689 549 4732 nec
572 4670 645 4733 ulla
668 4671 777 4733 maior
799 4678 852 4733 est
875 4670 1015 4734 dilectio
1038 4689 1140 4753 quam
1156 4690 1243 4753 quae
1261 4679 1405 4733 mortem
1421 4689 1485 4751 pro

147 4788 270 4852 amicis
293 4785 396 4858 subit,
419 4805 487 4869 quo
510 4788 669 4868 ponenda
691 4795 744 4850 est
766 4787 845 4849 loco
868 4787 967 4850 huius
990 4786 1066 4848 Deo
1089 4795 1123 4848 et
1149 4785 1345 4849 hominibus
1368 4784 1485 4849 dilecti

147 4880 300 4968 charitas
322 4902 382 4985 qui
404 4921 467 4985 pro
489 4901 612 4965 alienis
634 4903 766 4977 ovibus,
783 4903 859 4967 solo
875 4899 1002 4969 Christi
1017 4903 1185 4985 sanguine
1204 4901 1270 4964 sibi
1286 4901 1486 4974 coniunctis,

148 5021 259 5085 vitam
281 5017 369 5083 adeo
392 5016 536 5102 prodige
560 5017 741 5101 neglexit?

227 5273 256 5318 C.
270 5273 381 5318 Buccur.
395 5272 531 5318 Remdetk.
545 5272 640 5326 Scra'pt.
654 5286 706 5317 occ.
722 5272 788 5317 anea.
805 5295 830 5305 -
844 5272 913 5315 v111.
