4058 6178
557 607 619 664 218
886 608 1162 662 EXPEDITIONIS
1181 606 1444 661 straminea-E
1467 611 1546 661 ETC.

554 758 753 825 insidiarum
775 760 926 842 suspicio
948 760 1143 831 vellicaret;
1174 758 1237 822 sed
1265 758 1505 839 percommode
1532 757 1716 820 acciditur
1743 758 1809 820 dno
1831 758 1879 819 le·

554 879 644 940 viter
657 886 876 959 aegrotarent
895 885 930 939 et
946 876 1011 938 soli
1026 875 1336 957 quatuorablrent;
1360 875 1420 956 qni
1446 886 1540 945 mox,
1564 883 1600 937 ut
1624 882 1702 937 sunt
1726 875 1879 957 ingressi,

554 1013 616 1055 sex
640 992 782 1074 clypeos
805 1001 839 1054 et
862 991 1007 1054 totidem
1030 990 1180 1063 bastille,
1203 991 1237 1052 in
1254 1002 1354 1052 snam
1366 986 1596 1052 carnificinam
1611 988 1792 1061 destinata,
1807 999 1880 1052 ten·

553 1109 644 1170 torio
667 1108 899 1171 incumbentia
929 1106 1100 1176 viderunt,
1131 1115 1165 1168 et
1196 1122 1376 1187 protegern
1398 1104 1526 1188 gladio,
1550 1106 1646 1167 cume
1666 1105 1702 1166 in
1725 1106 1880 1167 tentoriis

554 1223 668 1285 nullus
689 1232 743 1286 est
765 1238 854 1295 usus,
879 1243 900 1286 a
923 1236 1029 1303 puero
1050 1232 1133 1284 tunc
1147 1222 1293 1303 primurn
1317 1220 1433 1292 allato,
1449 1219 1627 1282 menium.
1650 1218 1752 1282 lllieo
1766 1220 1881 1282 nuntia

555 1339 644 1399 inter
666 1354 846 1420 protegam
870 1348 904 1400 et
933 1352 1036 1419 supra
1065 1336 1269 1407 nominatos,
1292 1337 1536 1399 coniurationes
1563 1337 1758 1418 participes
1782 1337 1882 1398 inter·

555 1468 692 1516 cursnre
714 1464 908 1534 coeperunt,
932 1454 1057 1534 quibus
1079 1451 1185 1523 Deus,
1208 1451 1386 1515 servandis
1408 1452 1564 1534 patribus
1585 1460 1744 1521 anentns,
1768 1452 1883 1513 incer

556 1568 706 1641 immisit,
730 1564 822 1630 baud
856 1584 976 1631 sanum
1011 1586 1088 1631 esse
1118 1566 1298 1630 consilinm
1329 1576 1477 1648 quatuor
1504 1567 1720 1638 obtruncare,
1751 1566 1882 1629 duobus

555 1684 804 1765 superstitibus,
828 1682 887 1765 qui
918 1685 1034 1746 statim
1065 1684 1154 1746 arcis
1177 1682 1416 1746 Fremonensis
1446 1682 1535 1745 ostia
1557 1692 1673 1745 essent
1704 1682 1881 1751 occlusa-i,

556 1798 739 1862 Lusitanos
761 1798 991 1863 convocaturi.
1014 1808 1049 1862 et
1072 1800 1137 1880 ipsi
1162 1798 1350 1869 manubias,
1374 1798 1501 1879 quibus
1521 1810 1585 1860 arx
1608 1797 1747 1880 oppleta
1770 1798 1882 1859 crede·

556 1917 665 1986 batur,
689 1916 856 1977 amissuri.
882 1913 1011 1977 Utilius
1035 1913 1109 1977 iore
1139 1912 1320 1996 pacificum
1347 1913 1432 1995 ipsis
1454 1913 1601 1976 reditum
1624 1913 1819 1994 permittere
1846 1924 1882 1974 et

555 2040 634 2110 post
657 2040 727 2092 tres
750 2030 806 2092 vel
829 2040 974 2111 quatuor
997 2031 1080 2101 dies,
1104 2029 1147 2092 ad
1172 2029 1403 2092 visitationem
1427 2029 1690 2111 persolvendam
1713 2027 1747 2090 in
1771 2041 1881 2091 arcem

556 2163 632 2206 curn
655 2156 730 2208 toto
758 2147 914 2228 proregis
944 2145 1111 2208 satellitio
1140 2144 1354 2215 contendere,
1378 2160 1514 2226 eosque,
1546 2141 1680 2206 foribus
1700 2155 1735 2206 et
1758 2160 1882 2225 propu-

556 2260 712 2342 gnaculis
728 2260 772 2321 ad
784 2278 887 2323 unum
904 2261 1172 2342 praeoccupatis,
1189 2260 1291 2323 simul
1306 2260 1561 2322 eontrucfflare:
1578 2260 1732 2341 proclive
1744 2260 1779 2321 id
1791 2257 1882 2321 iactu

557 2372 716 2446 futurum,
740 2394 817 2438 curn
841 2394 941 2439 nemo
963 2374 1148 2457 quidquam
1171 2375 1307 2438 adversi
1330 2375 1569 2456 suspicaretur.

247 2503 370 2553 Tertiam
397 2516 446 2566 per
473 2501 530 2549 tra·
646 2509 675 2569 7.
700 2487 843 2572 Semper
865 2502 979 2554 tamen
1002 2491 1175 2554 cunctatio
1198 2510 1266 2553 non
1289 2492 1388 2554 bonis
1406 2500 1549 2561 tantum,
1572 2490 1633 2553 sed
1649 2489 1766 2571 impiis
1780 2490 1881 2553 etiam

211 2582 282 2695 {2²ss
307 2574 396 2637 Μ’
420 2571 529 2622 lunio·
558 2606 725 2687 incoeptis
748 2608 1024 2669 incommodavit.
1056 2604 1171 2670 Pridie
1193 2607 1263 2669 diei
1286 2607 1330 2669 ad
1354 2607 1583 2669 visitationem
1607 2606 1816 2689 designatae,
1838 2608 1883 2668 ad

556 2740 746 2803 vesperum,
770 2723 804 2785 in
827 2724 983 2804 protegis
1006 2733 1119 2785 castra
1140 2724 1279 2785 devenit
1311 2724 1422 2785 minor
1444 2724 1551 2804 ipsius
1573 2719 1686 2793 frater,
1710 2722 1772 2785 sed
1798 2722 1884 2783 chri-

556 2839 667 2900 stiana
690 2836 819 2919 pietate
839 2848 873 2900 et
895 2837 1075 2921 prudentia
1098 2838 1215 2910 maior,
1238 2835 1358 2901 Suatle
1380 2837 1442 2900 Ab
1464 2838 1512 2920 (id
1527 2846 1580 2900 est
1593 2838 1706 2920 gloria
1722 2836 1826 2918 Patri)
1848 2846 1885 2899 et

556 2963 736 3035 perspecta
758 2950 892 3016 *fratris
908 2954 1048 3025 insania,
1073 2954 1168 3016 illam
1184 2954 1345 3016 cohibere
1365 2954 1559 3017 destinavit.
1583 2952 1630 3015 Et
1646 2954 1801 3036 sequenti
1817 2953 1883 3022 die,
1910 2962 1928 3009 t.
1943 2970 1991 3019 103.
2021 2950 2022 3019 ξ

557 3089 633 3131 cum
650 3070 752 3132 sciret
776 3070 887 3151 ipsum
911 3071 977 3132 iam
1001 3088 1125 3151 equum
1142 3070 1186 3131 ad
1202 3070 1266 3132 iter
1281 3070 1519 3141 conscendere,
1543 3069 1604 3140 illi,
1621 3078 1750 3151 quanta
1764 3069 1883 3150 potuit,
2021 3048 2022 3067 ¹

556 3186 731 3248 celeritate
746 3186 932 3248 renuntiari
947 3186 1062 3247 iussit:
1079 3187 1108 3247 si
1126 3185 1328 3248 Fremonam
1340 3195 1472 3267 peteret
1488 3186 1531 3247 ad
1543 3194 1657 3266 patres
1668 3184 1884 3251 occidendos,

557 3301 688 3363 videret
710 3302 792 3381 quid
822 3310 979 3371 tentaret,
1010 3318 1047 3363 se
1070 3301 1162 3362 enim
1192 3311 1227 3363 et
1258 3318 1347 3371 suos,
1371 3302 1473 3363 rebus
1502 3302 1690 3383 imparatis,
1715 3299 1885 3382 perditum

557 3416 660 3477 abire.
685 3414 862 3496 Optimum
887 3413 990 3488 iactu,
1014 3417 1042 3477 si
1067 3415 1194 3478 milites
1217 3434 1262 3477 ex
1284 3415 1355 3478 suis
1378 3415 1514 3497 oppidis
1536 3417 1696 3487 conciret,
1719 3434 1779 3477 eos
1794 3416 1885 3476 enini

558 3529 724 3592 firmiores
754 3532 898 3592 coeteris
928 3528 1076 3604 futuros;
1108 3531 1307 3612 peregrinos
1337 3542 1371 3593 et
1399 3531 1605 3594 collectitios
1628 3532 1737 3593 instar
1758 3531 1886 3600 avium,

557 3646 749 3727 gregalium
773 3647 817 3708 ad
840 3648 984 3727 primum
1009 3648 1245 3710 obsistentium
1270 3646 1468 3719 clamorem,
1487 3647 1693 3710 avolaturos.
1710 3646 1839 3715 Patres,
1857 3647 1888 3707 si

557 3762 668 3841 primo
691 3762 752 3822 illo
768 3764 899 3843 impetu
921 3765 1012 3825 caesi
1028 3783 1095 3824 non
1119 3773 1244 3833 essent,
1259 3781 1402 3844 semper,
1427 3772 1463 3824 ut
1486 3763 1707 3827 succidaneas
1729 3762 1890 3824 victimas

462 3912 466 3925 ι
558 3877 667 3938 cultro
691 3877 858 3939 cervicem
882 3879 1103 3958 praebituros.
1129 3877 1313 3959 Protegem
1336 3897 1377 3941 ea
1393 3878 1499 3941 verba
1522 3879 1769 3948 continuerunt,
1790 3888 1824 3938 et
1842 3879 1890 3939 si·

558 3992 687 4053 mulato
710 3991 878 4053 stomachi
909 3994 1069 4063 cruciatu,
1094 3994 1128 4054 in
1159 3994 1343 4056 tentorium
1370 4003 1421 4056 est
1452 4010 1619 4057 reversus.
1643 3990 1748 4055 Cuius
1771 4010 1891 4055 morae

558 4106 814 4169 excusationem
845 4108 999 4187 patribus
1022 4108 1221 4180 obtendens,
1251 4109 1347 4181 duee,
1370 4109 1414 4171 ad
1440 4109 1628 4172 audiendas
1654 4105 1893 4171 confessiones

558 4233 591 4283 et
614 4223 774 4303 synaxim
798 4219 1039 4284 conferendam
1063 4224 1234 4304 appulsos,
1259 4226 1306 4285 ita
1322 4225 1465 4286 comiter
1487 4236 1521 4286 et
1545 4225 1693 4306 benigne
1716 4224 1892 4293 tractavit,

558 4347 595 4399 ut
629 4338 717 4399 inter
747 4358 784 4398 se
815 4340 1004 4409 statuerint,
1039 4340 1178 4400 omnino
1201 4337 1289 4401 falsa
1312 4359 1388 4401 esse
1418 4358 1504 4420 quae
1535 4338 1578 4402 de
1605 4339 1667 4402 illo
1699 4341 1733 4401 in
1764 4338 1895 4421 vulgus

558 4455 772 4515 iactarentur.

248 4577 440 4629 Rebellionem
471 4590 532 4627 cae·
649 4572 678 4630 8.
696 4568 771 4639 Ille,
788 4570 844 4630 vel
859 4570 940 4652 quia
956 4570 1088 4632 animus
1104 4572 1268 4633 scelerum
1294 4568 1392 4633 furiis
1407 4572 1556 4654 agitatus
1570 4570 1746 4653 quiescere
1768 4573 1896 4641 nescit,

213 4650 533 4771 ἕωιῑῗὲἓῃὼῐιὲωέἕ
560 4686 615 4746 vel
639 4687 719 4766 quia
742 4694 856 4767 patres
879 4708 897 4747 e
920 4688 1034 4748 vicino
1058 4689 1204 4750 arbitros
1226 4688 1353 4751 habere
1375 4688 1534 4770 pudebat,
1558 4687 1680 4750 relicta
1702 4688 1816 4769 specie
1844 4688 1898 4750 in·

211 4792 309 4842 cernit.
560 4800 770 4882 dignationis
793 4801 970 4873 Fremona‚
995 4805 1086 4883 quod
1110 4802 1262 4866 Lusitani
1288 4805 1398 4885 ipsum
1423 4803 1623 4866 rebellionis
1645 4801 1786 4865 infamia
1807 4822 1899 4866 con-

559 4926 768 4997 spergerent,
791 4918 835 4978 ad
869 4918 1035 4979 offentem
1066 4930 1178 4981 castra
1209 4921 1327 4991 movit,
1350 4920 1408 4982 ubi
1432 4921 1620 4982 consultor¹
1633 4920 1741 5001 ipsius
1763 4918 1900 4983 Zaolda

560 5030 716 5103 Mariam,
740 5042 876 5113 praeter
899 5033 965 5095 alia
982 5054 1027 5095 ex
1051 5036 1213 5096 armentis
1229 5035 1346 5097 Ascae
1369 5033 1572 5117 Gueorguis,
1588 5035 1647 5117 qui
1664 5036 1790 5098 sororis
1810 5056 1900 5101 suae

560 5149 686 5210 coniux
709 5160 792 5218 erat,
816 5160 978 5211 sexcenta
1005 5151 1108 5211 bourn
1132 5151 1246 5231 capita
1277 5152 1392 5233 abegit
1416 5161 1450 5213 et
1480 5151 1554 5232 ipse
1586 5152 1692 5214 iustas
1715 5152 1758 5214 ad
1780 5154 1902 5216 rebel·
2016 5164 2017 5179 ¹
