4058 6178
647 511 764 561 meaa
787 512 825 569 11,
849 510 974 561 casus
998 511 1021 562 1.
1437 514 1498 573 143

176 660 311 723 aderant
333 658 497 722 clariores
519 659 696 742 dynastae,
720 655 785 721 iios
806 656 880 739 ipse
900 657 1023 727 curiae,
1042 674 1119 720 cum
1135 656 1261 740 viginti
1277 666 1335 719 aut
1362 655 1504 738 triginta

177 775 316 838 militum
329 776 537 855 cohortibus,
560 775 595 837 in
611 774 735 856 quibus
750 773 847 845 dena,
864 773 979 854 quina,
995 772 1053 835 vel
1069 792 1153 836 sena
1168 782 1374 835 armatorum
1394 770 1505 833 millia

177 892 411 964 censebantur;
433 889 494 973 qui
516 909 644 962 omnes,
656 898 727 953 tam
751 887 893 970 equites,
918 907 1021 969 quam
1041 888 1188 970 pedites,
1203 889 1335 971 optima
1350 906 1505 970 quaeque

178 1007 210 1069 in
233 1026 306 1069 eam
330 1018 491 1089 pompam
515 1014 716 1069 ornamenta
738 1013 772 1068 et
795 1022 890 1067 arma
916 1003 1119 1086 selegerunt.
1140 1004 1327 1086 Dynastae,
1352 1003 1505 1084 chlamy-

178 1122 235 1184 des
261 1122 460 1193 scutulatae,
493 1121 675 1185 undulatas
705 1130 740 1183 et
770 1121 974 1204 phrygiatas
1003 1139 1100 1183 more
1137 1121 1285 1193 turcico;
1316 1116 1505 1190 inferiores,

86 1283 91 1294 .
138 1285 144 1297 .
178 1237 333 1320 byssinas
355 1233 488 1300 vestes
508 1256 555 1299 ex
578 1236 687 1308 India,
711 1255 780 1318 qua
802 1237 985 1308 caeruleas,
1010 1255 1078 1317 qua
1101 1254 1299 1318 purpureas,
1322 1255 1391 1317 qua
1406 1234 1505 1316 poly-

178 1354 275 1415 mitas
296 1361 331 1416 et
353 1351 556 1423 tessellatas,
575 1372 644 1434 qua
659 1372 705 1414 ex
719 1350 919 1415 tenuissimo
945 1349 1005 1414 filo
1021 1351 1195 1421 candidas,
1212 1352 1335 1431 quibus
1353 1351 1504 1421 ditiores,

178 1488 293 1531 aureas
316 1478 457 1551 torques
479 1476 514 1531 et
536 1467 729 1550 ponderosa
750 1487 769 1530 e
792 1467 884 1530 collo
907 1468 1037 1530 vellera
1060 1475 1250 1549 apponunt;
1281 1466 1506 1529 vermiculata

177 1585 313 1667 cingula
336 1584 583 1667 substringunt,
607 1583 758 1646 bullatos
781 1584 826 1645 ab
849 1584 990 1645 humero
1012 1582 1169 1646 baltheos
1193 1602 1270 1645 cum
1287 1583 1367 1645 latis
1381 1581 1507 1665 gladiis

177 1701 374 1772 demittunt;
397 1711 552 1764 tornatas
582 1719 625 1763 ex
654 1719 737 1764 auro
767 1698 954 1763 lectissimo
984 1700 1138 1762 armillas
1168 1700 1341 1770 inducunt,
1373 1709 1407 1761 et
1439 1698 1508 1761 alia

176 1816 305 1879 vilioris
329 1815 493 1878 materiae
516 1815 577 1878 sed
601 1817 822 1879 accuratioris
843 1817 1037 1899 elegantiae
1056 1814 1255 1878 brachialia.
1272 1813 1391 1896 Equos
1405 1833 1507 1898 gene·

176 1929 298 1993 rositas
311 1930 584 2002 commendabat,
601 1930 770 2012 phaleras,
788 1929 935 1993 calcaria
947 1941 981 1993 et
997 1930 1172 2014 ephippia,
1186 1950 1370 2014 eommque
1382 1940 1507 2014 partes,

177 2048 288 2109 antica
304 2056 340 2108 et
354 2046 499 2127 postica,
522 2046 649 2108 nostris
672 2045 780 2107 multo
804 2044 974 2117 celsiores,
995 2058 1137 2129 argento
1153 2047 1336 2110 interrasili
1352 2056 1387 2110 et
1403 2048 1509 2109 versi·

177 2161 283 2224 colori
308 2163 420 2224 serico
444 2159 633 2223 radiabant
657 2159 927 2224 Praestantiores
950 2161 1050 2224 huius
1065 2180 1211 2245 pompae
1227 2173 1343 2245 partes
1358 2182 1509 2245 sumpse-

176 2288 250 2341 rant
273 2279 434 2359 princeps
456 2285 490 2339 et
520 2275 653 2358 imperii
685 2275 806 2339 haeres
835 2275 1017 2338 Faciladas
1047 2276 1103 2338 vel
1133 2275 1313 2349 Basilides,
1345 2273 1510 2340 Claudius

176 2394 282 2475 ipsius
305 2411 500 2476 germanus,
525 2390 601 2453 Ras
623 2389 707 2455 Sela
728 2390 891 2463 Christos,
915 2389 992 2455 Ras
1014 2390 1148 2455 Emana
1170 2391 1334 2465 Christos,
1357 2392 1509 2476 Impera-

175 2508 259 2570 toris
282 2506 418 2578 uterini,
443 2504 581 2569 Melcha
603 2503 758 2569 Christos
781 2505 890 2588 ipsius
913 2504 1086 2570 fratruelis
1108 2517 1143 2569 et
1167 2526 1382 2578 aeconomus,
1406 2527 1508 2590 quem

175 2623 293 2686 dicunt
319 2621 529 2685 Bellatinam
552 2618 681 2694 Goita.
697 2618 791 2684 Caba
826 2618 981 2683 Christos
1008 2631 1043 2684 et
1077 2620 1123 2683 Za
1149 2620 1305 2685 Christds
1334 2640 1508 2705 proteges,

175 2739 234 2801 ille
268 2738 448 2820 Tigraeus,
483 2737 539 2799 hic
573 2736 857 2820 BagamedrInus,
888 2737 983 2799 Buco
1014 2736 1199 2799 Damotum
1237 2738 1445 2819 gubernator
1475 2749 1510 2798 et

174 2855 291 2935 plures
316 2854 376 2915 alii
400 2854 506 2915 duces
527 2871 567 2914 ac
591 2863 776 2916 senatores.

215 3022 220 3031 .
264 2989 294 3048 q.
322 2967 463 3040 Omnes,
488 2969 547 3030 ubi
571 2968 804 3032 Patriarcham
821 2970 959 3051 propius
982 2987 1183 3039 successere,
1204 2987 1249 3030 ex
1273 2968 1369 3050 equis
1396 2970 1509 3051 capite

170 3098 207 3149 ct
238 3096 316 3149 toto
348 3102 489 3166 corpore
519 3082 691 3166 profunda
722 3085 943 3148 inclinatione
974 3084 1125 3155 deiectis,
1157 3085 1192 3146 in
1223 3085 1308 3146 duas
1340 3083 1431 3147 acies
1465 3085 1509 3147 ad

170 3204 336 3265 dextram
361 3202 601 3283 sinistramque
623 3201 787 3282 bipartiti,
818 3201 936 3264 lunato
966 3201 1096 3263 ambitu
1128 3200 1278 3262 medium
1309 3199 1508 3273 habuerunt,

170 3328 271 3402 targa
295 3326 437 3399 tegente
460 3335 537 3378 cum
554 3314 788 3378 fidentissimis
802 3314 879 3378 Ras
893 3312 976 3379 Sela
991 3314 1155 3389 Christds,
1171 3335 1213 3378 ne
1228 3315 1305 3397 quis
1319 3315 1510 3379 haereticus

174 3435 208 3495 in
233 3443 334 3496 tanta
356 3432 582 3504 multitudine,
606 3429 710 3514 fugae
733 3432 884 3503 obtentu,
908 3450 1123 3495 communem
1153 3432 1320 3495 laetitiam
1350 3433 1510 3496 insolenti

171 3551 293 3632 aliquo
319 3567 404 3611 ausu
427 3548 645 3612 disturbaret.
668 3545 830 3611 Omnium
855 3549 1012 3611 ordinum
1036 3557 1219 3611 consecuta
1235 3558 1287 3611 est
1306 3547 1437 3611 ovatio:
1454 3568 1512 3612 aer

171 3666 334 3734 vocibus,
369 3664 477 3727 colles
510 3674 544 3727 et
575 3674 709 3727 montes
738 3662 837 3726 laetis
866 3663 1044 3745 plausibus
1074 3674 1108 3727 et
1138 3674 1379 3746 tympanorum
1410 3674 1512 3746 atque

171 3784 338 3845 tubarum
370 3780 532 3863 clangore
559 3780 779 3843 resultabant.
811 3776 869 3842 Sic
901 3788 1039 3842 ventum
1070 3779 1115 3842 ad
1145 3781 1338 3851 tentorium,
1362 3781 1421 3842 ubi
1448 3780 1512 3843 Pa-

174 3897 351 3961 triarchae
373 3895 597 3958 exscendenti
620 3896 784 3958 viatorius
809 3895 946 3957 habitus
976 3894 1146 3958 laxiorum
1177 3895 1386 3958 fimbriarum
1417 3897 1513 3978 palu·

170 4015 343 4075 damento
366 4022 400 4074 et
415 4009 604 4091 pontificali
619 4012 748 4094 galero,
768 4032 813 4074 ex
841 4010 972 4073 romani
1000 4012 1261 4075 caeremonialis
1291 4013 1512 4095 praescripto

174 4127 453 4191 commutandus.
478 4126 539 4189 Ad
562 4129 704 4190 dextrae
728 4128 881 4189 osculum
905 4127 962 4189 hic
985 4128 1158 4208 provoluti
1189 4129 1361 4210 principes
1384 4147 1424 4190 ac
1450 4128 1514 4209 dy·

171 4253 310 4316 nastae,
324 4252 359 4306 et
382 4241 471 4306 inter
493 4262 553 4305 eos
576 4241 722 4305 alacrior
744 4240 821 4305 Ras
832 4239 914 4305 Sela
930 4239 1092 4314 Christos,
1109 4243 1207 4323 pede,
1223 4263 1291 4305 non
1307 4252 1420 4307 tamen
1436 4241 1512 4316 fide,

1572 2982 1713 3030 Occursus
1722 2989 1750 3030 et
1756 2994 1858 3030 manus

1655 3065 1684 3101 0·

170 4360 390 4428 claudicans,
415 4376 461 4420 ex
484 4366 646 4420 consueto
668 4359 842 4441 podagrae
865 4360 996 4421 assultu
1011 4368 1045 4420 et
1061 4377 1189 4439 nupero
1216 4358 1413 4423 ferocientis
1436 4363 1514 4443 equi
1608 4388 1610 4392 ·

173 4476 371 4540 calcitratu.
396 4472 446 4537 Ut
468 4483 583 4537 tamen
606 4473 761 4556 podagra
783 4493 844 4555 pes
865 4474 1065 4546 tardaretur,
1090 4474 1185 4537 nulla
1204 4493 1341 4538 manum
1357 4476 1515 4559 chiragra

169 4590 407 4675 praeIIgabat.
432 4590 666 4652 Praestantem
689 4591 779 4651 enim
804 4591 930 4652 mulam
953 4601 1144 4671 paraverat,
1169 4593 1376 4653 ornamentis
1398 4591 1516 4654 sericis

174 4708 362 4771 lustratam
387 4714 420 4767 et
442 4715 585 4789 argento
608 4706 829 4788 phaleratam,
853 4725 955 4786 quam
984 4725 1060 4767 cum
1091 4705 1291 4770 Patriarcha
1321 4708 1435 4771 vultus
1459 4729 1516 4770 au-

169 4821 337 4885 steritate
360 4822 557 4902 respuisset,
593 4821 653 4884 ille
677 4840 809 4884 summa
831 4821 990 4884 libertate
1014 4833 1048 4885 et
1072 4825 1273 4886 auctoritate
1296 4826 1346 4886 sic
1371 4835 1423 4887 est
1446 4826 1516 4888 elo·

170 4948 297 5001 cutus:
322 4935 402 4998 Non
435 4935 520 5000 haec
543 4937 738 5019 Alphonso‚
767 4937 828 4999 sed
856 4937 1077 5000 Patriarchae
1106 4937 1309 5012 offeruntur3
1345 4942 1414 5002 imo
1449 4960 1518 5003 non

172 5051 405 5117 Patriarchae
420 5053 482 5115 sed
497 5054 713 5116 sanctissimo
728 5052 868 5114 domino
882 5062 997 5115 nostro
1009 5052 1151 5117 Urbano
1167 5073 1278 5137 papae
1290 5055 1378 5117 VIII
1390 5066 1424 5118 et
1436 5055 1518 5118 diuo

1580 4837 1636 4884 Ras
1654 4832 1720 4883 snt
1737 4832 1865 4882 Christos

1545 4919 1651 4988 erga·
1674 4904 1864 4955 Patriarcbnm

1545 4986 1707 5027 auctoritas.
