4166 6182
550 523 589 580 26
883 533 1157 583 EXPEDITIONIS
1181 533 1440 583 AETHIOPICAE
1465 535 1543 583 ETC.

547 701 668 743 versus
692 680 860 753 Mazuam,
884 693 918 744 et
945 683 989 744 ad
1021 683 1230 745 occidentem
1256 681 1415 766 Seguede
1438 695 1471 745 et
1496 681 1658 765 Mazaga;
1683 684 1771 745 inter
1795 684 1883 745 deci·

548 817 638 859 mum
664 798 820 879 quintum
844 807 878 859 et
901 799 1070 861 decimum
1090 808 1226 861 sextum
1242 818 1350 880 parva
1365 800 1532 880 quaedam
1550 798 1801 870 Derbaitarum,
1818 797 1883 859 Ba·

236 919 370 969 Abmiae
397 919 520 968 confinia
548 914 670 995 guelae
693 926 726 976 et
753 913 920 997 Mazagae
950 915 994 977 ad
1018 916 1284 996 septentrionem
1307 916 1473 979 analecta.
1498 913 1773 996 Septentrionale
1798 914 1884 976 latus

199 1001 388 1040 “mm‘'
549 1048 642 1091 mare
664 1028 894 1111 Erythraeum
918 1030 1045 1102 munit;
1070 1031 1235 1093 orientale
1259 1049 1367 1113 regna
1387 1030 1614 1094 Dancalinum
1639 1040 1673 1093 et
1696 1030 1883 1097 Adelense‚

548 1147 696 1208 australe
720 1147 851 1226 patrius
874 1143 1050 1209 Gallarum
1076 1148 1185 1218 nidus,
1200 1147 1318 1209 Alaba
1341 1156 1375 1209 et
1398 1145 1584 1230 Guingir03
1608 1146 1822 1208 occidentale
1840 1146 1883 1208 ad

549 1261 744 1342 Zephyrum
769 1263 847 1324 torti
872 1263 975 1324 crinis
997 1260 1202 1343 Aethiopes
1226 1263 1271 1324 ad
1297 1264 1565 1344 septentrionem
1596 1261 1711 1324 Balloi
1734 1272 1768 1323 et
1795 1261 1883 1323 Fun·

548 1376 614 1449 chi,
638 1379 734 1460 regni
759 1377 895 1459 Dequin
920 1387 954 1439 et
978 1377 1111 1440 Nubiae
1134 1378 1293 1440 cultores.
1318 1378 1521 1462 Regnorum
1545 1380 1789 1441 recensitorum
1810 1376 1883 1439 sola

548 1513 636 1555 nunc
660 1493 776 1576 Tigre,
799 1492 966 1565 Dambea‚
994 1493 1211 1576 Bagamedir,
1243 1492 1399 1575 Gojama,
1429 1494 1571 1566 Amara,
1602 1512 1682 1576 pars
1704 1493 1828 1555 Xaoae
1851 1502 1883 1554 et

548 1607 693 1679 Naraea,
724 1610 974 1690 provinciarum
999 1608 1155 1690 Mazaga,
1178 1607 1327 1681 ¹¹²Salent,
1351 1608 1478 1692 Ogara,
1498 1608 1688 1691 Abargale,
1713 1605 1881 1690 Seguade,
1907 1614 1925 1666 f.
1944 1626 1998 1675 19³·

548 1723 698 1795 Holcait,
722 1724 858 1796 Semen,
882 1722 996 1797 Saloa,
1022 1724 1156 1788 Holeca
1179 1736 1213 1788 et
1236 1725 1339 1788 Doba
1368 1726 1575 1807 aethyopico
1597 1724 1801 1807 Imperatori
1825 1724 1883 1785 ob·

549 1841 754 1913 secundant;
778 1850 914 1903 caetera
937 1851 972 1903 et
995 1861 1071 1904 cum
1095 1844 1145 1904 eis
1169 1841 1333 1904 maiorem
1357 1843 1518 1922 antiquae
1538 1842 1678 1903 ditionis
1694 1851 1728 1902 et
1744 1841 1883 1921 opulen-

550 1957 618 2017 tiae
641 1965 773 2036 partem
799 1956 843 2018 ab
866 1975 907 2017 eo
930 1966 1095 2037 tempore,
1118 1975 1187 2038 quo
1209 1954 1373 2019 Claudius
1404 1957 1590 2037 imperator
1619 1974 1782 2018 romanae
1805 1952 1881 2017 fidei

454 2069 455 2072 ’
547 2072 718 2152 pervicaci
743 2074 960 2133 contentione
982 2070 1140 2134 restitare
1164 2072 1286 2153 coepit,
1311 2069 1434 2135 Gallae
1457 2080 1686 2152 amputarunt.

638 2190 667 2249 6.
693 2186 835 2248 Illorum
860 2188 974 2269 igitur,
998 2189 1056 2269 qui
1080 2206 1169 2249 nunc
1185 2186 1433 2268 Imperatorum
1455 2189 1626 2250 mandatis
1641 2189 1884 2268 obsequuntur,

234 2305 325 2389 Regni
344 2306 457 2370 Tigraei
477 2309 520 2357 di·
549 2304 632 2364 haec
656 2312 708 2365 est
732 2303 917 2364 dimensio:
942 2301 1106 2383 Regnum
1130 2301 1325 2385 Tigraeum,
1350 2304 1466 2366 nobile
1494 2305 1668 2385 quondam
1696 2304 1798 2366 huius
1825 2304 1884 2364 iru-

196 2393 318 2429 menno.
548 2420 635 2500 perii
659 2430 760 2500 caput
790 2430 823 2480 et
854 2438 944 2481 nunc
975 2420 1161 2500 inprimis
1191 2419 1321 2481 eximia
1344 2421 1466 2500 portio,
1490 2421 1718 2501 quadraginta
1742 2427 1885 2499 quatuor

550 2554 732 2597 numerans
756 2533 989 2616 praefecturas
1012 2535 1149 2598 bellicis
1171 2536 1345 2617 tympanis
1368 2536 1573 2618 dignitatem
1596 2555 1692 2598 suam
1713 2545 1885 2597 ostentan-

549 2660 611 2722 tes,
645 2651 896 2734 longitudinem
929 2672 949 2713 a
977 2650 1108 2721 Mazua,
1132 2653 1205 2713 sive
1235 2649 1399 2722 Adefald,
1431 2653 1560 2734 exigua
1590 2651 1778 2713 Turcarum
1810 2670 1885 2711 arce

548 2769 652 2848 paulo
676 2766 818 2830 iuferius
842 2770 884 2829 ad
909 2765 1030 2830 Ortum
1056 2767 1177 2838 locata,
1202 2768 1406 2847 auspicatur,
1430 2786 1575 2849 eamque
1591 2769 1626 2829 in
1642 2776 1796 2829 tercenta
1812 2764 1884 2827 mil-

551 2884 650 2945 liaria
674 2883 718 2944 ad
741 2882 909 2945 Austrum
932 2892 967 2945 et
983 2880 1142 2944 Africum
1159 2883 1194 2944 in
1210 2883 1381 2944 desertum
1398 2882 1540 2945 Aldoba
1567 2884 1657 2944 ultra
1677 2881 1885 2945 Tacasaeum

551 2999 595 3060 ad
618 2995 775 3062 Semenis
799 3009 932 3061 montes
947 2999 1121 3080 producit;
1145 2998 1362 3061 latitudinem
1374 3019 1394 3060 a
1410 2997 1481 3060 Bur
1497 3000 1541 3061 ad
1557 2999 1715 3061 eamdem
1731 2998 1885 3060 solitudi-

550 3134 627 3176 nem
651 3115 686 3176 in
709 3115 853 3177 totidem
877 3115 1056 3186 milliaria;
1088 3115 1132 3176 ab
1157 3112 1309 3185 Oriente,
1335 3113 1565 3176 Dancalinum
1597 3133 1741 3197 regnum
1773 3124 1885 3175 sectae

550 3229 723 3292 Arabicae
735 3232 1003 3311 emancipatum;
1022 3231 1065 3292 ad
1080 3228 1304 3297 Euronotum,
1321 3230 1506 3313 Angotem,
1524 3228 1702 3294 Gallarum
1720 3249 1811 3291 nunc
1828 3230 1885 3290 do-

550 3346 725 3417 micilium,
739 3355 773 3407 et
788 3345 1002 3426 provinciam
1019 3345 1121 3407 Doba
1137 3345 1471 3418 mahometanorum;
1496 3346 1540 3407 ad
1557 3345 1725 3407 Austrum
1742 3364 1883 3428 regnum

551 3460 854 3541 Bagamedrinum;
879 3461 922 3521 ad
946 3458 1116 3529 Africum,
1144 3457 1295 3542 Ogaram
1327 3460 1416 3521 ultra
1439 3459 1715 3533 Lamalmonem3
1748 3463 1793 3522 ad
1819 3457 1883 3522 Oc·

235 3581 268 3662 113
299 3579 390 3663 ipsius
424 3590 521 3630 centro
549 3576 730 3645 cidentem,
754 3575 905 3647 Holcait,
927 3573 1086 3658 Seguade
1110 3585 1144 3638 et
1167 3575 1347 3658 Mazagam
1369 3578 1552 3638 osculatur.
1579 3575 1619 3638 In
1643 3578 1752 3657 ipsius
1776 3578 1883 3638 umbi·

194 3650 441 3771 ἓζῗὲωρμᾶω
454 3655 522 3701 Fre·
549 3691 626 3763 lico,
652 3702 787 3753 centum
812 3701 846 3754 et
869 3693 1010 3773 triginta
1033 3694 1182 3772 quinque
1206 3712 1226 3753 a
1249 3691 1371 3754 Mazua
1395 3692 1608 3761 milliaribus,
1626 3693 1773 3755 inedito
1798 3693 1883 3754 colle

550 3807 678 3869 eminet
701 3807 729 3869 F
732 3827 879 3875 remoua,
908 3817 1044 3888 sumpto
1068 3827 1088 3868 a
1112 3809 1193 3869 divo
1217 3808 1417 3870 Frumentio
1440 3809 1552 3889 primo
1576 3808 1789 3890 Aethiopiae
1815 3809 1883 3889 epi·

549 3942 665 4001 scopo,
682 3942 782 4003 quem
799 3922 866 4003 ipsi
882 3923 1123 3985 Fremonatum
1142 3924 1268 3995 dicunt,
1283 3926 1427 3994 nomine,
1445 3935 1479 3985 et
1495 3924 1711 4004 patriarchae
1724 3923 1883 3986 Andreae

549 4036 677 4109 Ovieti,
690 4037 929 4101 Lusitanorum
945 4047 979 4101 et
995 4040 1232 4120 antiquissima
1248 4050 1381 4119 patrum
1399 4036 1582 4101 Societatis
1605 4039 1684 4101 Iesu
1699 4040 1882 4102 residentia

549 4152 701 4222 illustris,
718 4163 752 4214 et
768 4153 811 4214 ad
827 4154 1004 4215 duodecim
1022 4154 1056 4215 in
1074 4153 1266 4235 Zephyrum
1283 4154 1444 4216 milliaria
1459 4153 1605 4232 Aecum,
1620 4155 1796 4236 quondam
1812 4154 1884 4215 Au·

549 4287 665 4336 xuma,
700 4269 839 4349 reginae
862 4264 953 4330 Saba
978 4278 1012 4331 et
1036 4268 1305 4348 aethiopicorum
1333 4268 1484 4350 Regum,
1507 4272 1709 4351 sanguinem
1737 4271 1783 4332 ab
1814 4273 1884 4351 ipsa

550 4384 766 4454 trahentium,
792 4384 875 4445 olim
898 4386 999 4453 curia,
1024 4404 1091 4445 non
1116 4385 1249 4445 modice
1273 4385 1308 4444 iu
1331 4385 1573 4446 ecclesiasticis
1596 4387 1779 4448 annalibus
1798 4386 1884 4447 eele-

550 4501 647 4561 brata
670 4509 705 4561 et
728 4510 808 4559 tunc
832 4499 902 4559 illis
926 4500 1129 4559 coronandis
1152 4500 1202 4560 sic
1217 4501 1442 4581 oppignerata
1457 4510 1493 4561 ut
1517 4499 1600 4561 alibi
1617 4499 1717 4562 nefas
1731 4502 1777 4563 sit
1793 4502 1883 4562 inau-

549 4616 673 4694 gurari.

221 4740 387 4819 'Auxuma
406 4736 521 4819 aethio·
642 4747 669 4806 7.
695 4728 764 4790 Hic
788 4731 895 4790 multa
918 4731 1077 4810 antiquae
1102 4728 1385 4810 magnificentiae,
1409 4752 1479 4793 non
1502 4732 1640 4812 quidem
1658 4731 1692 4794 in
1709 4735 1816 4795 muris
1830 4731 1883 4793 vel

199 4821 260 4867 ⁹¹³⁹
279 4807 350 4858 ⁰¹¹¹¹¹
368 4822 455 4858 ‘⁰¹¹⁸‘
550 4842 701 4905 turribus
726 4843 875 4925 (ignotus
898 4843 988 4905 euim
1005 4844 1074 4905 illis
1089 4843 1155 4905 fuit
1170 4846 1214 4906 ad
1232 4857 1347 4907 nostra
1363 4866 1471 4927 usque
1487 4856 1643 4927 tempora
1658 4848 1768 4911 calcis
1783 4847 1883 4925 usus),

550 4961 610 5021 sed
635 4960 669 5021 in
693 4958 824 5041 templo
840 4980 879 5021 ac
896 4962 1053 5023 domibus
1071 4981 1116 5023 ex
1132 4962 1228 5023 saxis
1245 4963 1317 5022 luto
1334 4962 1517 5044 colligatis,
1535 4963 1706 5025 cadavera
1721 4966 1884 5026 visuntur.

550 5076 685 5156 Templi
709 5075 888 5156 longitudo
912 5076 946 5136 in
970 5077 1135 5138 ducentos
1157 5087 1191 5138 et
1213 5078 1347 5158 viginti,
1372 5078 1526 5149 latitudo,
1551 5079 1703 5159 quinque
1734 5079 1884 5142 ambula·
