4124 6182
545 575 605 632 128
874 582 1148 633 EXPEDITIONIS
1171 582 1432 632 AETHIOPICAE
1456 583 1535 634 ETC.

542 749 705 811 personas
724 730 926 793 urbanitatis
942 731 1083 811 regulae
1099 730 1335 794 sacerdotibus
1351 732 1596 811 praescribunt,
1615 730 1710 813 *ipsa
1725 751 1809 794 vero
1824 734 1873 795 sic
1911 740 1931 791 r.
1949 739 1984 801 63.

541 847 689 928 undique
712 846 777 908 soli
801 846 1037 928 penetrabilis,
1060 857 1095 908 et
1119 866 1221 909 aurae
1244 844 1434 929 perflabilis
1456 858 1539 918 erat,
1564 856 1600 910 ut
1627 848 1719 909 intus
1735 867 1798 910 nec
1814 850 1873 910 bo·

541 981 617 1024 reas
641 961 714 1044 ipse
737 981 874 1024 manere
898 973 1014 1043 posset
1037 980 1101 1025 nec
1120 962 1236 1026 vellet.
1254 959 1448 1045 Suggestus
1463 983 1509 1026 ex
1524 964 1685 1026 torrentis
1700 965 1873 1046 lapidibus

541 1089 740 1159 compactus
755 1089 901 1160 quatuor
923 1079 1042 1162 digitis
1066 1098 1086 1140 a
1108 1079 1307 1161 pavimento
1331 1080 1520 1152 eminebat3
1536 1099 1615 1142 eum
1630 1098 1714 1142 vero
1730 1081 1873 1142 ornabat

541 1196 689 1277 exiguus
711 1204 810 1275 tapes
832 1203 1003 1258 vetustate
1026 1195 1076 1257 sic
1099 1214 1226 1267 erosus,
1251 1205 1288 1257 ut
1312 1195 1404 1257 credi
1427 1206 1585 1276 possete
1611 1196 1744 1258 cunctis
1767 1196 1873 1277 ipsius

541 1311 727 1373 maioribus
750 1312 908 1374 extritus.
929 1310 1031 1373 Illum
1047 1312 1187 1394 tegebat
1203 1311 1357 1394 gossipio
1374 1309 1500 1373 fartum
1516 1312 1669 1375 eiusdem
1686 1313 1774 1374 senii
1789 1322 1874 1375 stra·

540 1429 676 1509 gulum:
700 1428 792 1509 quod
817 1447 894 1490 cum
925 1439 1046 1508 postea
1076 1428 1202 1490 nostris
1233 1429 1429 1490 muneribus
1459 1426 1637 1509 augustior
1669 1428 1755 1490 Rex
1787 1438 1873 1491 esset

541 1544 703 1613 redditus,
727 1563 893 1625 suumque
916 1553 1129 1627 suggestum,
1153 1544 1245 1624 quod
1266 1544 1317 1605 illi
1334 1554 1406 1606 erat
1426 1544 1562 1616 solium,
1580 1546 1622 1607 iis
1637 1546 1872 1613 convenisset,

541 1660 640 1722 nobis
662 1661 833 1722 substerni
858 1660 965 1731 iussit,
990 1678 1068 1722 cum
1092 1661 1186 1741 prius
1209 1660 1304 1721 corio
1328 1660 1562 1732 insideremus,
1587 1671 1621 1721 et
1645 1680 1666 1722 a
1682 1661 1780 1722 nobis
1797 1671 1872 1741 post

540 1777 678 1838 modum
703 1777 792 1838 inter
808 1777 951 1839 instrata
966 1776 1045 1857 equi
1061 1776 1146 1857 regii
1163 1786 1215 1838 est
1231 1786 1463 1857 conspectum,
1481 1794 1544 1838 nec
1560 1777 1747 1858 quidquam
1764 1776 1872 1839 clitel-

540 1894 661 1955 larium
675 1892 934 1955 instrumentum
949 1891 1022 1973 [ric]
1033 1890 1077 1974 (a)
1090 1892 1280 1953 dedeceret.
1294 1890 1432 1953 Pensile
1448 1901 1481 1954 et
1498 1892 1704 1971 quadratum
1721 1911 1769 1954 ex
1785 1912 1871 1954 cras·

540 2010 622 2070 siori
634 2010 704 2071 tela
716 2009 989 2091 integumentum
1001 2007 1178 2089 pulverem
1191 2008 1341 2079 vetabat,
1354 2007 1398 2069 ad
1411 2008 1590 2069 dexteram
1603 2007 1692 2070 sella
1704 2010 1873 2088 argenteis

540 2121 689 2207 fastigiis
711 2133 830 2186 ornata
853 2124 1038 2195 visebatur,
1062 2141 1164 2203 quarn
1189 2124 1374 2204 aliquando
1390 2125 1526 2186 novitas
1541 2133 1575 2186 et
1592 2124 1767 2205 elegantia
1782 2144 1871 2187 com·

541 2240 753 2303 mendarunt.
777 2239 928 2302 Laevam
951 2240 1134 2302 servabant
1157 2240 1245 2301 duae
1269 2258 1337 2301 non
1361 2240 1516 2301 modicae
1536 2240 1743 2311 cucurbitae,
1761 2221 1872 2303 sinon

540 2358 631 2426 vino,
659 2374 701 2418 eo
724 2366 840 2417 tamen
867 2354 1001 2436 liquore
1028 2329 1171 2436 plenae,
1193 2354 1252 2435 qui
1282 2355 1444 2436 gentibus
1474 2355 1544 2417 illis
1576 2357 1683 2418 instar
1709 2366 1762 2420 est
1793 2359 1872 2427 vini,

540 2492 649 2553 eoque
673 2471 756 2533 Rex
790 2490 859 2533 non
885 2468 1118 2551 infrequenter
1141 2470 1293 2552 linguam
1307 2479 1341 2533 et
1356 2468 1483 2541 fauces,
1501 2491 1543 2533 ne
1561 2469 1675 2534 forsan
1696 2491 1874 2535 exaresce-

540 2599 625 2658 rent,
657 2606 770 2651 coram
796 2587 990 2668 hospitibus
1014 2586 1198 2649 imbuebat.
1223 2584 1302 2648 Hae
1333 2586 1436 2649 etiarn
1468 2598 1566 2650 erant
1593 2598 1759 2669 tympana
1789 2609 1874 2670 quae

540 2705 654 2788 Regis
676 2723 722 2766 ex
738 2724 799 2766 suo
822 2704 972 2766 tentorio
995 2704 1045 2765 sic
1068 2722 1198 2766 annoso
1214 2712 1248 2765 et
1265 2700 1409 2775 fumoso,
1426 2697 1463 2766 u't
1479 2701 1619 2766 Ismaeli
1635 2723 1872 2767 saracenorum

539 2823 675 2902 parenti
698 2821 869 2903 quondam
893 2820 1041 2901 potuerit
1065 2819 1240 2889 inservire,
1272 2837 1458 2901 egressum,
1487 2829 1522 2881 et
1548 2820 1680 2882 aditum
1703 2821 1736 2881 in
1762 2820 1873 2882 aulam

539 2939 714 3019 paululum
738 2938 922 2999 distantem
945 2935 1198 3018 praecinebant.
1223 2933 1293 2997 Ubi
1317 2937 1408 2997 enirn
1432 2934 1513 2998 illae
1532 2937 1776 3017 procedebant,
1794 2955 1874 2998 mox

541 3055 648 3136 ipsius
671 3062 876 3135 conspectus
898 3053 1078 3115 emicabat.

215 3181 320 3264 'Multa
337 3182 395 3263 Rex
410 3192 514 3260 conen·
630 3188 661 3249 7.
684 3167 848 3253 Corporis
871 3178 988 3242 status,
1020 3170 1090 3230 oris
1119 3168 1287 3231 serenitas
1314 3178 1348 3231 et
1379 3167 1525 3251 insignis
1555 3170 1778 3251 despicentia,
1808 3189 1877 3252 qua

193 3250 515 3375 ffi'ffifflffi
540 3298 643 3350 tenue
673 3305 794 3348 munus
818 3285 861 3347 ad
888 3285 1111 3347 obtinendum
1143 3285 1334 3368 ingressum
1365 3305 1412 3347 ex
1442 3283 1596 3348 Orientis
1626 3286 1875 3348 consuetudine

193 3395 313 3458 '⁰0¹1ssss
331 3394 457 3445 0¹²0¹⁸¹¹·
541 3403 693 3465 oblatum
718 3401 889 3486 (ampliori
913 3402 957 3463 ad
979 3400 1110 3463 solutas
1132 3401 1293 3471 sarcinas,
1318 3412 1351 3463 et
1379 3400 1608 3482 supellectilis
1633 3401 1872 3463 excussionem

540 3518 726 3599 reservato)
751 3518 920 3580 irretortis
943 3517 1052 3579 oculis
1075 3517 1202 3587 reiecit,
1227 3526 1264 3579 ut
1288 3536 1351 3579 nos
1373 3517 1417 3578 ad
1441 3517 1570 3579 maiora
1593 3514 1770 3579 offerenda
1792 3518 1874 3578 inci·

539 3644 637 3706 taret,
661 3634 797 3716 Regem
822 3633 1025 3713 prodebant.
1048 3630 1123 3694 Nec
1153 3650 1236 3694 vero
1267 3631 1328 3694 illa
1362 3632 1580 3713 postmodum
1611 3633 1729 3694 oblata
1759 3634 1872 3714 magni

539 3752 634 3813 visus
656 3760 708 3811 est
733 3747 855 3819 facere,
873 3767 941 3809 non
956 3748 1048 3827 quod
1064 3747 1147 3809 talia
1164 3767 1232 3809 non
1248 3757 1370 3819 essent,
1387 3747 1448 3810 sed
1464 3758 1511 3818 ut,
1529 3766 1571 3810 ea
1586 3747 1743 3828 repulsae
1759 3748 1874 3829 specie

539 3866 678 3938 turbati,
701 3882 878 3927 numerum
903 3874 937 3924 et
960 3864 1107 3944 pretium
1131 3863 1299 3925 donorum
1315 3881 1527 3946 augeremus,
1545 3872 1579 3925 et
1596 3864 1670 3945 ipse
1687 3863 1872 3926 identidem

540 3981 710 4064 ampliora
733 3980 873 4061 petendi
897 3998 1014 4041 ansam
1037 3978 1198 4052 haberet,
1228 3980 1321 4059 quod
1344 3991 1482 4042 strenue
1505 3980 1678 4061 praestitit
1702 3998 1765 4062 per
1782 3988 1876 4042 totos

539 4097 782 4180 septemdecim
806 4096 890 4165 dies,
911 4096 1034 4174 quibus
1050 4095 1084 4155 in
1101 4095 1171 4156 illis
1187 4093 1313 4157 casulis
1328 4115 1446 4157 sumus
1462 4096 1640 4158 demorati.
1658 4094 1732 4158 Nos
1748 4107 1876 4168 tamen,

540 4216 628 4277 inter
650 4223 702 4275 tot
725 4212 924 4293 cupiditatis
947 4211 1044 4281 ictus,
1068 4229 1137 4273 non
1161 4212 1298 4293 exiguis
1321 4208 1499 4297 beneficiis
1520 4208 1654 4284 affecit3
1682 4230 1760 4274 cum
1784 4212 1876 4274 enim

539 4330 702 4400 crederet,
726 4347 789 4390 nos
811 4328 918 4408 plura,
935 4337 970 4389 et
987 4328 1201 4407 pretiosiora,
1218 4346 1306 4409 quae
1320 4346 1402 4389 vere
1417 4323 1685 4399 defereba*mus,
1699 4328 1788 4389 sacri
1804 4327 1878 4389 cul·
1905 4336 1924 4391 t.
1943 4332 2000 4394 ⁶35·

538 4458 594 4508 tus
617 4454 818 4507 ornamenta
841 4454 876 4506 et
899 4445 1021 4505 domus
1044 4443 1205 4506 utensilia
1227 4442 1428 4514 convehere,
1442 4441 1576 4507 nullum
1598 4443 1761 4505 scrinium
1784 4461 1877 4505 rese-

539 4562 639 4632 ravit,
666 4560 795 4622 nullam
826 4560 995 4621 sarcinam
1026 4559 1194 4631 dissolvit,
1227 4558 1359 4621 nullum
1389 4558 1541 4641 vectigal
1571 4559 1709 4641 exegit;
1740 4577 1817 4621 curn
1841 4559 1877 4620 si

539 4676 698 4757 Macuam
722 4675 784 4737 illa
806 4673 1021 4746 inferrentur,
1045 4675 1104 4736 vix
1130 4675 1264 4736 duobus
1288 4685 1345 4737 aut
1368 4675 1478 4737 tribus
1512 4692 1691 4736 aureorum
1722 4674 1878 4736 millibus

540 4796 587 4875 (ut
610 4791 712 4873 periti
735 4789 975 4871 aestimabant)
1000 4800 1113 4852 essent
1136 4790 1344 4852 redimenda.
1369 4788 1470 4870 Quod
1488 4790 1606 4871 magni
1622 4785 1782 4851 beneficii
1798 4787 1878 4849 loco

539 4909 741 4979 ducendum,
762 4926 932 4988 propensa
946 4908 1061 4987 gentis
1075 4904 1249 4967 Arabicae
1266 4905 1453 4987 cupiditate
1470 4924 1516 4967 ex
1530 4905 1683 4986 regionis
1697 4905 1877 4975 tenuitate,

628 5155 668 5224 (a)
686 5156 837 5219 Legendum
854 5156 971 5221 prolecto
993 5156 1200 5206 «iumentum».
