4058 6178
747 2097 933 2174 CAPUT
962 2097 1031 2176 XI.

296 2356 504 2452 Quantum
531 2356 632 2431 fides
659 2356 867 2431 catholica
895 2366 937 2431 et
963 2355 1232 2431 Petriarchae
1260 2354 1482 2430 auctoritas

626 2490 707 2565 hoc
735 2500 920 2585 tempore
948 2489 1002 2564 sit
1030 2498 1161 2565 aucta.

319 2828 347 2873 1.
371 2807 504 2871 Multae
526 2809 665 2873 Patrum
690 2828 810 2873 manus
845 2811 926 2893 (iam
948 2811 1038 2872 enim
1070 2829 1138 2872 uno
1167 2810 1308 2872 vicenos
1341 2806 1558 2890 superabant)
1622 2818 1740 2866 Fructus
1757 2817 1811 2865 hoe
1829 2829 1905 2864 anno

224 2925 393 2989 tredecim
417 2926 611 2989 residentiis
633 2937 669 2989 et
700 2927 834 2990 illarum
867 2924 1024 2989 confiniis
1053 2927 1227 3008 dispersae
1253 2935 1287 2988 et
1301 2926 1457 3006 plurium
1484 2944 1558 3007 pre·
1585 2886 1822 3009 {mammone
1846 2887 1905 2936 ω’

223 3043 441 3122 sbyterorum
466 3062 487 3104 a
509 3041 709 3106 Pauiarcha
732 3045 1009 3126 inauguratorum
1039 3062 1178 3106 accessu
1202 3042 1392 3113 roboratae,
1424 3038 1559 3103 facilius

225 3176 313 3221 onus
336 3168 371 3220 et
395 3158 572 3221 laetiorem
598 3157 734 3242 frugum
766 3159 1004 3222 collectionem
1034 3158 1231 3221 reddebant.
1255 3154 1559 3221 Schismaticorum

226 3272 272 3336 ad
295 3273 500 3337 chatolicam
523 3271 625 3338 fidem
650 3275 886 3339 advolantium
908 3294 970 3357 per
999 3274 1064 3338 hoc
1094 3284 1230 3356 tempus
1260 3282 1401 3337 centena
1432 3272 1558 3336 millia:

226 3389 317 3453 dena
360 3389 541 3473 Agaorum
572 3387 840 3463 Goiamensium,
870 3392 1021 3455 inanium
1052 3391 1193 3455 deorum
1222 3390 1315 3453 cultu
1345 3399 1380 3453 et
1405 3389 1560 3471 pluribus

226 3507 395 3569 uxoribus
425 3507 606 3591 ablegatis,
638 3509 846 3589 baptismum
876 3507 1136 3588 suscipientium
1166 3506 1342 3569 recensita
1374 3502 1406 3567 E
1435 3505 1560 3587 quibus

226 3622 332 3689 homo
355 3623 538 3705 praedives
553 3625 589 3687 in
604 3624 786 3687 duodecim
809 3623 954 3705 pellices
969 3632 1071 3686 antea
1093 3622 1236 3695 solutus,
1252 3619 1398 3684 coeteris
1412 3620 1559 3693 reiectis,

227 3739 329 3801 unius
350 3757 389 3802 se
412 3739 541 3822 nuptiis
561 3738 733 3823 alligavit.

317 3853 366 3918 ²¹¹2.
392 3854 520 3918 Divina
535 3853 648 3918 officia
663 3855 810 3919 diversis
825 3856 911 3918 iocis
933 3854 1000 3918 hoc
1019 3874 1117 3928 anno,
1135 3855 1307 3936 aliquibus
1322 3852 1476 3918 ecclesiis
1491 3851 1560 3916 iam
1623 3858 1746 3910 eutium
1786 3858 1907 3941 euster-

228 3970 274 4031 ad
298 3966 474 4053 fastigium
497 3971 623 4035 erectis
645 3980 680 4033 et
702 3972 842 4054 egregie
865 3972 1041 4034 exornatis
1061 3989 1104 4034 -ac
1119 3971 1223 4052 pleno
1238 3968 1561 4053 symphoniacorum
1587 3933 1656 4052 ἓξὲξ
1673 3929 1908 4052 ζέῗῖξωρἒοὲζ

228 4104 372 4149 numero
387 4086 575 4159 instructis,
591 4095 628 4149 ut
645 4083 851 4169 Gorgonae,
866 4083 1018 4149 Collelae
1033 4096 1068 4151 et
1084 4088 1299 4169 potissimum
1314 4083 1468 4150 Genetae
1483 4084 1561 4146 Iesu
1587 4074 1733 4124 cerebrm.

227 4212 494 4285 repraesentata.
518 4201 560 4267 In
582 4223 684 4287 quam
709 4203 899 4286 Imperator
921 4212 955 4265 et
972 4202 1075 4266 aulici
1090 4225 1111 4267 a
1126 4203 1299 4266 Dancazio
1314 4213 1348 4266 et
1363 4199 1563 4265 Patriarcba

230 4339 252 4382 a
275 4317 415 4401 Depsan
438 4320 617 4385 descendit
644 4321 738 4403 prius
754 4321 798 4384 ad
814 4319 988 4384 natalitias
1003 4335 1038 4384 et
1060 4331 1180 4403 postea
1196 4321 1240 4385 ad
1256 4318 1417 4384 funebres
1435 4315 1563 4381 Christi

230 4432 335 4499 ferias
350 4454 392 4498 eo
407 4435 485 4508 ritu,
509 4456 577 4519 quo
600 4438 707 4518 priori
722 4457 813 4501 anno
831 4438 1064 4501 celebrandas.
1092 4436 1133 4499 In
1159 4437 1348 4501 nativitatis
1371 4432 1563 4498 dominicae

231 4548 430 4633 pervigilio,
453 4571 542 4632 quae
565 4552 641 4616 dies
670 4563 743 4616 erat
767 4552 950 4627 dominica,
984 4553 1203 4616 Patriarchae
1225 4572 1247 4614 a
1268 4562 1364 4634 patre
1388 4550 1564 4632 superiore

231 4663 432 4747 impositum
454 4662 520 4731 fuit
541 4666 685 4748 pallium
709 4688 730 4730 a
752 4669 844 4732 beati
868 4667 962 4731 Petri
984 4667 1148 4750 Apostoli
1170 4685 1312 4749 corpore
1335 4674 1508 4748 sumptum
1529 4673 1564 4727 et

231 4799 252 4843 a
276 4782 427 4863 quinque
449 4783 606 4864 patribus
628 4784 782 4856 aliatum,
798 4804 861 4847 nec
884 4785 959 4847 sine
981 4804 1044 4848 sua
1062 4784 1342 4867 tempestivitate,
1366 4793 1402 4845 ut
1426 4781 1487 4844 illa
1509 4781 1565 4842 die

232 4898 267 4959 in
291 4897 389 4965 cuius
412 4898 598 4962 conticinio
620 4898 687 4963 Dei
702 4899 829 4984 Agnus
845 4920 890 4963 ex
905 4900 1017 4964 Matre
1033 4920 1099 4964 ove
1114 4900 1252 4984 prodiit,
1268 4898 1416 4962 humano
1436 4896 1566 4958 vellere

235 5013 374 5076 indutus
396 5024 430 5076 et
454 5034 492 5078 se
506 5016 701 5096 pastoribus
716 5019 994 5080 contrectandum
1012 5017 1149 5091 obtulit,
1164 5014 1363 5079 Patriarcba
1385 5012 1568 5095 pastoralis

232 5129 385 5195 muneris
419 5130 631 5212 plenitudine
666 5132 873 5196 indueretur.
906 5132 1074 5213 Praesepe
1097 5135 1132 5196 in
1162 5131 1293 5212 templo
1327 5130 1567 5194 concinnatum
