4124 6182
540 536 583 610 84
875 546 1149 597 EXPEDITIONIS
1173 547 1433 598 AETHIOPICAE
1457 547 1537 597 ETC.

538 694 620 755 nino
643 710 761 755 veram
784 690 971 765 confessus,
994 692 1144 775 aliquem
1168 694 1275 776 ipsius
1297 703 1501 758 sectatorem
1524 694 1591 759 sibi
1618 692 1872 776 subrogandum

539 811 679 881 censuit,
704 810 886 891 ipsummet
910 819 1079 873 oratorem
1103 810 1324 873 Bermudium
1354 811 1423 874 sibi
1448 811 1634 873 remitteret
1665 807 1873 891 patriarcha·

540 927 630 988 libus
654 923 772 989 infulis
795 925 1064 989 cohonestatum.
1088 924 1240 989 Romam
1264 926 1324 989 ille
1346 926 1450 997 viam,
1469 924 1685 1008 Ierosolyma
1707 923 1802 1007 prius
1825 921 1872 984 in-

228 1047 476 1129 uernum-un·
495 1063 511 1096 a
539 1043 624 1113 visa,
648 1042 838 1123 pedestrem
871 1043 1025 1124 arripuit,
1063 1043 1152 1106 unde
1183 1063 1204 1105 a
1233 1042 1342 1105 Paulo
1369 1041 1423 1104 111
1453 1061 1588 1105 summo
1618 1038 1779 1123 pontifice
1811 1039 1873 1101 Pa-

192 1119 511 1254 {fflffissithgssflff
538 1157 706 1219 triarchae
729 1158 923 1239 insignibus
946 1167 1141 1221 auctoratus
1164 1157 1198 1220 in
1222 1157 1432 1221 Lusitaniam
1457 1178 1547 1221 anno
1575 1175 1657 1237 1539
1685 1157 1730 1219 ad
1756 1173 1873 1235 regem

192 1272 294 1311 ΜΠ·
539 1271 701 1334 ioannem
725 1270 778 1333 III
802 1292 839 1335 se
862 1273 1017 1343 coniecit,
1042 1292 1063 1335 a
1086 1292 1153 1353 quo
1170 1274 1213 1335 ad
1229 1282 1387 1336 votorum
1405 1291 1598 1335 mensuram
1614 1271 1799 1352 expeditus
1814 1268 1873 1330 Za·

539 1388 669 1469 gazabo
692 1407 806 1450 secum
830 1397 1015 1470 assumpto,
1039 1408 1129 1451 anno
1156 1406 1239 1467 1540
1263 1408 1340 1451 cum
1364 1387 1468 1451 Petro
1486 1387 1598 1470 Lupio
1614 1408 1635 1450 a
1649 1383 1739 1449 Sosa
1752 1384 1874 1447 classis

539 1500 713 1583 praefecto
748 1502 782 1565 in
807 1502 943 1568 Indiam
974 1504 1169 1587 navigavit;
1201 1517 1236 1568 et
1267 1524 1358 1568 anno
1384 1523 1463 1584 1541
1492 1505 1537 1567 ab
1568 1502 1687 1566 Indiae
1717 1509 1874 1583 praetore

539 1616 716 1700 Stephano
739 1639 760 1681 a
783 1618 902 1692 Gama,
927 1619 1031 1684 Vasci
1056 1620 1158 1703 primi
1182 1622 1277 1685 illius
1302 1619 1531 1685 Orientalium
1555 1620 1734 1703 regionum
1762 1633 1875 1697 reper-

539 1735 622 1797 toris
632 1733 726 1807 niro,
743 1736 866 1818 viginti
882 1739 1100 1820 septuaginta
1115 1737 1258 1801 duarum
1275 1737 1411 1800 navium
1429 1739 1540 1800 classe
1555 1735 1712 1799 Mazuam
1729 1733 1874 1799 delatus.

540 1862 680 1932 accepta
704 1851 851 1914 Davidis
875 1863 994 1924 morte,
1018 1854 1052 1915 in
1076 1863 1202 1918 terram
1225 1874 1302 1917 cum
1326 1853 1571 1935 Christophoro
1594 1871 1616 1914 a
1637 1847 1748 1914 Gama
1778 1866 1874 1930 prae·

539 1968 623 2029 toris
647 1965 762 2040 fratre,
786 1977 820 2031 et
843 1970 1080 2052 quadrigentis
1103 1969 1277 2034 Lusitanis
1300 1970 1494 2033 auxiliariis
1520 1969 1699 2050 expositus
1727 1966 1874 2028 salutem

539 2080 684 2145 Claudio
707 2083 853 2146 Davidis
876 2082 957 2155 filio,
982 2094 1017 2147 et
1042 2085 1253 2168 Aethiopiae
1284 2106 1303 2148 a
1335 2083 1458 2168 Gagna
1487 2083 1737 2167 propemodum
1771 2081 1875 2143 devo-

540 2208 643 2271 ratae,
668 2202 871 2281 apportavit.

229 2323 370 2384 bragnani
386 2321 513 2403 Christo-
631 2334 661 2393 7.
685 2314 720 2377 is
744 2316 834 2378 enim
858 2336 935 2379 cum
959 2318 1155 2398 quindecim
1181 2317 1276 2380 mille
1306 2317 1479 2398 peditibus
1503 2316 1599 2378 mille
1623 2324 1658 2377 et
1680 2313 1876 2397 quingentis

194 2394 513 2528 ξζᾚὲῑῗῖᾞᾱξζῂ
540 2429 712 2512 equitibus
747 2442 781 2494 et
812 2431 931 2495 Turcis
965 2432 1210 2496 fistulatoribus
1240 2434 1405 2505 ducentis,
1435 2431 1685 2513 Christophoro
1719 2428 1865 2491 occurrit

540 2545 605 2609 Ille
627 2568 703 2610 cum
727 2548 888 2611 tercentis
919 2558 953 2611 et
982 2550 1230 2632 quinquaginta
1254 2549 1387 2632 (reliqui
1421 2550 1512 2611 enim
1543 2557 1635 2610 retro
1666 2544 1791 2608 lentius
1815 2544 1875 2606 im·

540 2664 736 2744 pedimenta
772 2664 1022 2747 convehebant)
1059 2676 1229 2728 certamen
1266 2686 1333 2728 non
1368 2665 1582 2728 detrectavit.
1618 2661 1751 2744 Quibus
1781 2660 1876 2722 Deus

541 2779 589 2840 ita
611 2783 781 2843 secundus
804 2779 923 2853 adfuit,
948 2792 995 2853 ut,
1020 2782 1180 2846 undecim
1200 2792 1331 2845 tantum
1355 2804 1401 2844 ex
1424 2800 1541 2845 eorum
1573 2799 1714 2842 numero
1745 2778 1871 2841 deside·

541 2896 634 2967 ratis,
657 2898 797 2978 plurimi
821 2897 1065 2971 Mahometani,
1088 2909 1123 2961 et
1146 2901 1235 2961 inter
1257 2918 1328 2972 eos,
1359 2899 1500 2982 triginta
1522 2896 1652 2959 Turcae
1677 2893 1804 2957 fuerint
1826 2895 1875 2955 in-

540 3014 716 3095 terempti;
740 3021 774 3074 et
797 3012 946 3094 Gragna,
971 3015 1056 3076 tibia
1079 3015 1240 3096 plumbea
1261 3015 1389 3097 glande
1411 3011 1595 3096 perforata,
1622 3030 1668 3073 ex
1699 3029 1789 3091 equo
1820 3009 1876 3069 de·

542 3128 704 3189 turbatus.
737 3126 815 3209 Quo
845 3140 970 3192 eventu
1000 3131 1074 3212 ipse
1110 3140 1143 3192 et
1174 3149 1293 3192 omnes
1327 3129 1435 3211 ipsius
1465 3129 1584 3210 copiae
1614 3147 1653 3189 se
1684 3127 1719 3187 in
1759 3122 1875 3207 fugam

230 3250 361 3301 seeundo
393 3250 513 3298 eundem
542 3245 768 3309 coniecerunt.
792 3245 840 3307 Iis
862 3257 976 3308 tamen
1000 3245 1069 3309 cito
1093 3244 1241 3318 refectis,
1265 3256 1301 3308 et
1324 3245 1416 3309 aliiis
1439 3247 1550 3307 denuo
1573 3242 1694 3307 accitis
1716 3251 1752 3303 et
1776 3242 1810 3303 in
1835 3240 1876 3301 iis

195 3332 317 3386 ’ΨΜ
543 3360 627 3421 duce
658 3362 806 3442 quodam
838 3362 1077 3424 mahometano
1104 3359 1293 3425 Gradamar
1323 3381 1399 3424 cum
1431 3370 1618 3423 tercentum
1649 3357 1823 3440 equitibus
1845 3365 1877 3415 Εἴ

542 3486 593 3537 ter
618 3476 794 3538 millenum
817 3477 983 3558 peditatu,
1007 3487 1085 3558 post
1107 3479 1199 3540 diem
1223 3479 1393 3539 decimum
1417 3478 1555 3539 tertium
1584 3484 1717 3537 nostros
1740 3474 1784 3534 ad
1809 3489 1878 3533 cer·

543 3602 655 3654 tamen
679 3595 891 3674 provocavit.
915 3591 1048 3674 Quibus
1072 3595 1121 3657 ita
1142 3594 1291 3655 secundo
1315 3591 1436 3655 favens
1460 3591 1555 3654 Deus
1579 3590 1723 3662 adstitit,
1743 3596 1782 3650 ut
1805 3583 1877 3648 infi-

543 3710 634 3770 nitus
657 3710 926 3771 adversariorum
951 3729 1070 3771 caesus
1092 3709 1137 3772 sit
1160 3727 1329 3780 numerus,
1353 3705 1544 3771 Gradamar
1567 3706 1766 3776 trucidatus
1795 3701 1879 3766 Gra·

232 3832 344 3891 <irtam
371 3843 421 3891 per
448 3830 516 3910 hiq—
543 3843 632 3905 gnae
654 3825 800 3886 tentoria
822 3825 942 3887 evulsa
965 3835 999 3887 et
1022 3834 1134 3887 castra
1155 3824 1293 3906 penitus
1316 3824 1479 3906 expilata.
1505 3822 1582 3885 Hac
1610 3822 1708 3884 clade
1739 3818 1879 3901 Gragna

195 3902 516 4034 {noimgffiffinzritm
544 3937 680 4009 fractus,
705 3960 742 4002 se
765 3942 809 4003 ad
832 3941 1060 4022 hyemandum
1088 3942 1122 4001 in
1154 3941 1252 4003 avios
1282 3951 1416 4003 montes
1445 3940 1575 4021 recipit,
1607 3940 1697 4000 unde
1727 3935 1880 3998 Arabiae

544 4058 707 4137 dynastas
730 4058 918 4129 admonuit,
941 4068 1055 4120 actum
1078 4077 1154 4121 esse
1177 4059 1220 4120 de
1244 4056 1462 4127 Mahometis‚
1487 4056 1628 4138 gentilis
1651 4055 1715 4125 sui,
1743 4061 1838 4115 secta
1860 4070 1879 4111 a

545 4170 717 4234 Lusitanis
733 4174 858 4252 ubique
874 4174 1034 4236 atrociter
1049 4172 1220 4245 infestata,
1245 4174 1310 4236 nisi
1330 4193 1432 4254 quam
1449 4172 1631 4253 potuerint,
1648 4168 1822 4231 *maxima
1836 4167 1878 4229 ad
1902 4175 1917 4224 i.
1933 4180 1994 4231 42³·
2046 4194 2047 4215 ¹

544 4308 581 4347 se
606 4288 736 4350 auxilia
759 4298 937 4351 maturent.
961 4289 1141 4352 Turcicum
1166 4291 1268 4352 etiam
1296 4286 1515 4371 praefectum,
1540 4288 1598 4368 qui
1631 4287 1735 4347 maris
1765 4284 1877 4346 Rubri

545 4401 667 4465 fretum
692 4424 769 4465 cum
792 4406 902 4467 tribus
929 4404 1154 4468 fistulatorum
1185 4407 1338 4468 millibus
1369 4406 1495 4467 circum
1527 4404 1677 4473 sedebat,
1708 4402 1879 4482 pollicita-

544 4518 694 4581 tionibus
717 4522 871 4593 tentavit,
895 4541 933 4583 se
964 4542 1084 4584 omnes
1115 4523 1193 4586 illas
1223 4523 1382 4604 regiones
1413 4520 1477 4583 sub
1503 4516 1697 4600 Solymani,
1717 4518 1778 4597 qui
1800 4526 1879 4579 tunc

544 4629 817 4716 Costantinopoli
839 4637 1056 4716 tyrannidem
1081 4639 1274 4709 exercebat,
1297 4635 1462 4718 auspiciis
1485 4634 1746 4697 debellaturum.

234 4757 353 4840 ludaeos
372 4756 402 4805 in
415 4759 517 4806 semen
634 4754 664 4811 8.
689 4749 862 4831 Hyemem
885 4752 979 4814 illam
1005 4773 1066 4814 nec
1090 4751 1251 4835 frigidam
1268 4772 1330 4814 nec
1346 4751 1492 4814 otiosam
1509 4749 1777 4831 Christophorus
1792 4758 1879 4810 tran·

198 4829 518 4962 ἓῖἑῗδζξωέξξῇῗω
544 4866 644 4946 segit,
668 4867 728 4927 sed
752 4868 786 4928 in
810 4865 1062 4930 Mahometanis
1084 4869 1261 4950 pulsandis
1284 4878 1317 4930 et
1337 4867 1587 4930 contundendis
1610 4867 1694 4927 satis
1713 4864 1878 4927 calentem

545 5000 584 5042 a:
609 4978 809 5044 ferventem.
834 4982 918 5045 Illos
941 4985 1031 5044 enim
1055 5004 1076 5045 a
1098 4983 1226 5065 triplici
1242 4984 1336 5066 rupis
1359 4984 1570 5047 celsissimae
1592 4981 1811 5044 Ambasanet
1825 4980 1878 5061 (ad

546 5097 641 5157 cuius
665 5098 798 5159 radices
821 5098 1004 5178 aliquando
1027 5100 1251 5181 substitimus)
1276 5101 1432 5163 custodia
1454 5099 1678 5182 propulsavit.
1704 5097 1838 5160 Deinde
1859 5117 1877 5157 a
