4058 6178
608 601 723 651 mauu
747 602 785 661 11,
809 602 935 653 cneus
961 604 1012 652 ιν.
1414 597 1472 670 185

152 748 238 813 dium
261 749 414 821 dabatur,
438 759 473 812 et
494 758 606 812 totum
628 759 764 832 tempus
785 750 1057 831 pomeridianum
1081 761 1159 832 post
1183 751 1353 814 modicam
1380 753 1474 832 quie·

151 876 225 936 tem,
251 864 416 927 librorum
446 864 650 947 compositio
679 866 883 929 insumebat.
907 864 1010 929 Unde
1032 866 1147 928 variae
1178 866 1284 949 ipsius
1315 867 1473 948 prodiere

151 978 261 1063 lingua
282 980 479 1062 aethiopica
502 982 764 1044 lucubrationes.

236 1115 285 1159 12.
309 1097 426 1159 Prima
449 1094 514 1160 fuit
544 1098 705 1160 volumen
729 1098 928 1180 inscriptum
954 1096 1104 1184 Mogses
1125 1096 1273 1172 Assetat,
1297 1096 1384 1162 idest
1417 1096 1473 1160 fla
1534 1106 1616 1157 Libri
1640 1107 1674 1157 ab
1699 1108 1820 1158 eodem

149 1210 273 1293 gellum
295 1212 562 1284 mendaciorum,
586 1213 750 1276 adversus
773 1213 926 1276 libellum
956 1213 1046 1275 mole
1079 1232 1222 1296 parvum
1247 1214 1307 1277 sed
1338 1224 1472 1277 vastum
1499 1177 1613 1229 annu.

150 1326 331 1391 mendaciis
351 1330 386 1390 in
419 1346 596 1392 romanam
618 1327 719 1392 fidem
753 1340 787 1392 et
818 1330 911 1393 illius
942 1329 1159 1393 Patriarchas
1189 1330 1317 1393 editum
1354 1330 1473 1393 aRas

148 1441 353 1515 Athanateo,
376 1442 593 1525 imperatoris
615 1443 730 1507 Malao
742 1442 891 1528 Seguedi
914 1463 1052 1527 genero,
1069 1464 1180 1526 quem,
1198 1465 1274 1509 cum
1290 1456 1383 1509 esset
1402 1465 1474 1509 om·

149 1558 238 1620 nium
260 1577 411 1622 errorum
434 1560 530 1623 velut
554 1559 589 1623 in
611 1561 780 1624 sentinam
796 1560 966 1633 collectio,
983 1561 1044 1623 ille
1059 1562 1167 1623 nobili
1190 1561 1354 1647 Masgaeb
1377 1562 1474 1645 Haly-

147 1675 266 1749 mdnot,
289 1675 380 1737 idest
402 1674 555 1739 thesauri
566 1674 656 1748 fidei,
672 1676 892 1757 inscriptione
918 1677 1058 1740 velavit.
1087 1676 1166 1739 Hoc
1191 1677 1351 1740 volumen
1372 1678 1475 1759 paulo

147 1800 222 1852 ante
245 1790 354 1872 patris
376 1802 520 1854 mortem
544 1789 639 1855 Goae
662 1810 827 1855 excusum
851 1793 886 1854 in
910 1792 1022 1855 lucem
1057 1793 1144 1855 exiit
1171 1793 1375 1875 aethiopicis
1397 1792 1476 1855 cha·

147 1907 332 1969 racteribus
355 1927 375 1969 a
397 1908 615 1970 sanctissimo
645 1908 783 1971 domino
818 1918 936 1971 nostro
966 1906 1108 1970 Urbano
1143 1906 1230 1970 VIII
1253 1908 1296 1970 ad
1327 1906 1475 1971 Patriar·

147 2022 241 2086 cham
267 2023 384 2087 missIs
413 2032 451 2086 ut
480 2024 638 2087 videatur
664 2023 760 2087 Deus
791 2023 842 2086 illi
873 2025 980 2087 vitam
1004 2022 1226 2106 proro*gasse
1249 2043 1316 2104 quo
1343 2024 1475 2086 videret

147 2137 297 2200 laborum
321 2156 457 2201 suorum
482 2136 616 2222 frugem
639 2140 674 2200 in
700 2139 821 2202 horrea
844 2139 1034 2201 collectam.
1059 2135 1226 2211 Secunda,
1250 2139 1475 2203 Beatissimae

146 2250 308 2335 VirginIs‚
336 2253 390 2316 cui
422 2253 620 2318 medullitus
649 2265 723 2319 erat
753 2253 906 2327 affectus,
937 2256 1020 2325 vita,
1043 2254 1237 2318 lectissimis
1267 2255 1418 2317 historus
1441 2266 1475 2318 et

145 2367 413 2452 digressionibus
443 2372 487 2433 ad
517 2367 743 2433 confutandos
774 2369 985 2451 Aethiopiae
1015 2389 1146 2432 errores
1177 2379 1211 2432 et
1242 2389 1353 2433 mores
1383 2390 1475 2433 com·

144 2485 320 2564 ponendos
342 2485 530 2548 tessellata.
553 2483 653 2566 Quod
677 2505 764 2567 opus
785 2487 872 2548 tanti
896 2483 1045 2548 faciebat
1068 2486 1143 2567 (nec
1166 2485 1240 2547 sine
1265 2504 1390 2568 magno
1406 2507 1475 2549 me-

144 2601 208 2662 rito
230 2601 277 2663 oh
301 2602 472 2685 insignem
496 2600 602 2683 ipsius
622 2601 880 2682 praestantiam)
897 2610 933 2664 ut
949 2601 1034 2663 illud
1050 2602 1153 2663 morti
1176 2603 1354 2683 proximus
1377 2599 1475 2664 fratri

143 2714 358 2779 Emmanueli
381 2717 521 2779 tradens
543 2717 688 2779 dixerit:
712 2715 821 2779 Defer
842 2727 943 2780 tenue
960 2716 1025 2779 hoc
1041 2716 1108 2779 mei
1124 2734 1206 2798 erga
1221 2718 1332 2798 Ipsum
1348 2717 1475 2780 amoris

144 2842 399 2895 monumentum
422 2832 652 2901 Patriarchae,
676 2843 709 2896 et
732 2831 909 2903 affirmato,
940 2851 1092 2895 meorum
1122 2832 1297 2894 oculorum
1327 2832 1476 2913 pupillas

143 2948 207 3030 ipsi
230 2948 265 3011 in
290 2967 334 3010 eo
356 2967 377 3010 a
399 2967 454 3011 me
478 2947 619 3030 legatas.
644 2946 806 3011 Curatum
829 2958 865 3010 ut
888 2948 982 3030 typis
1011 2949 1128 3010 statIm
1156 2947 1390 3017 mandatotum
1415 2949 1475 3011 sed

143 3063 209 3126 iam
232 3074 358 3146 caepta
379 3063 506 3145 pendet
522 3064 628 3126 editio
643 3064 689 3126 ob
704 3064 878 3127 inductam
894 3084 914 3127 a
930 3061 1119 3146 naufragiis
1134 3064 1256 3145 papyri
1276 3073 1473 3146 egestatem.

142 3179 268 3252 Tertia,
293 3178 405 3242 Biana
419 3178 592 3254 Cussaust,
616 3179 704 3244 idest
727 3181 908 3244 instructio
920 3181 1145 3250 sacerdotum,
1162 3198 1282 3242 omnes
1301 3180 1475 3242 conscien-

142 3297 209 3359 tiae
232 3315 334 3359 casus
356 3297 391 3359 in
414 3293 688 3359 confessionibus
710 3297 802 3379 apud
824 3297 1018 3359 Abassinos
1040 3314 1215 3359 occurrere
1231 3296 1353 3357 solitos
1368 3314 1474 3376 expo·

142 3431 236 3476 nens.
262 3409 394 3493 Quarta
426 3410 483 3474 De
505 3417 600 3496 opere
621 3433 683 3476 sax
704 3412 837 3475 dierum
861 3413 896 3475 in
918 3412 1066 3495 gratiam
1085 3410 1316 3492 Imperatoris,
1333 3421 1366 3473 et
1389 3411 1475 3473 auli·

142 3546 258 3590 corum
282 3528 407 3610 hyeme
430 3529 510 3590 anni
538 3531 620 3591 1628
648 3530 682 3591 in
715 3527 811 3612 regia
840 3528 1015 3610 explicato
1045 3535 1079 3589 et
1109 3539 1230 3608 postea
1253 3526 1287 3588 in
1322 3528 1473 3588 omnium

141 3642 328 3706 utilitatem
363 3644 515 3727 vulgato.
551 3642 688 3725 Quinta,
723 3644 779 3707 Dc
813 3642 1045 3707 tanrdictrbne
1066 3641 1297 3706 ecclestbslica.
1329 3639 1396 3703 His
1419 3662 1474 3704 ac·

140 3777 285 3830 cessere,
316 3760 483 3823 correctio
514 3759 714 3841 Haymanot
741 3760 868 3822 Abbau
902 3758 1096 3840 aethiopici,
1121 3757 1213 3838 quod
1239 3767 1291 3819 est
1321 3759 1471 3819 omnium

140 3872 233 3939 illius
266 3876 381 3957 gentis
411 3893 564 3939 errorum
594 3877 786 3957 scaturigo;
817 3886 851 3937 et
882 3874 1015 3936 romani
1047 3873 1195 3936 missalis
1218 3862 1415 3935 ac'ritualis
1439 3872 1473 3934 in

139 3992 361 4053 vernaculam
385 3991 537 4074 linguam
560 3994 740 4055 conversio
763 4000 797 4054 et
819 3989 887 4053 alia
910 4007 1013 4071 opera
1036 3989 1192 4051 tenuiora
1215 3990 1282 4050 non
1304 3987 1398 4049 tenui
1424 3996 1473 4049 ta-

141 4123 216 4168 men
241 4107 362 4170 labore
384 4127 447 4171 nec
470 4107 620 4171 utilitate
642 4116 793 4171 exarata.

235 4241 284 4299 13.
309 4221 408 4286 Illius
430 4224 536 4294 cibus,
553 4224 621 4286 cibi
637 4224 751 4304 potius
767 4232 840 4285 erat
854 4223 1018 4285 delibatio
1034 4240 1136 4302 quam
1149 4221 1273 4284 iustum
1289 4238 1473 4301 corporeae
1535 4226 1709 4277 continua
1730 4224 1821 4289 ipatus

138 4337 358 4401 necessitatis
376 4338 593 4411 alimentum
609 4348 711 4419 potus
726 4357 814 4418 aqua
829 4337 965 4420 egelida
981 4339 1026 4399 oh
1041 4334 1209 4400 stomachi
1225 4335 1473 4400 lassitudinem.
1499 4297 1614 4349 {clunia

138 4453 231 4518 Tota
253 4473 342 4536 pene
363 4452 470 4536 ipsius
493 4456 563 4517 vita
590 4454 751 4517 ieiunium
783 4453 984 4526 dicendum3
1015 4473 1094 4516 nam
1125 4451 1220 4515 feriis
1249 4451 1473 4534 quadragesi-

138 4570 299 4641 malibus,
322 4580 489 4651 quartam,
502 4579 636 4633 sextam
659 4579 693 4633 et
711 4569 893 4632 sabbatum
909 4568 1071 4650 cuiusque
1086 4568 1330 4640 hebdomadae,
1348 4568 1473 4630 adven·

137 4696 212 4747 nrm
237 4693 273 4746 et
294 4683 491 4766 quindecim
514 4695 593 4748 ante
616 4684 772 4768 Virginis
794 4685 1062 4766 assumptionem
1087 4694 1122 4746 et
1142 4683 1284 4746 totidem
1304 4694 1382 4745 ante
1406 4681 1473 4751 Mi·

139 4801 272 4864 chaelis
295 4798 509 4884 Archangeli
533 4798 668 4873 festum,
692 4802 766 4864 dies
788 4802 947 4863 addebat.
972 4799 1025 4864 Ita
1047 4810 1140 4863 totus
1163 4801 1229 4881 ipsi
1257 4818 1365 4863 annus
1400 4809 1472 4861 erat

138 4925 237 4980 tanto
262 4916 384 4999 vigore
406 4914 573 4987 esurialis,
598 4927 634 4979 ut
659 4916 775 4980 ieiunii
798 4917 919 4979 diebus
934 4936 1011 4980 raro
1027 4916 1187 4998 piscibus,
1205 4917 1285 4996 quia
1300 4915 1367 4978 rari
1383 4923 1471 4985 sunt,

139 5042 174 5094 et
195 5050 385 5113 numquam
407 5031 493 5102 ovis,
518 5031 608 5094 lacte
630 5040 664 5094 et
687 5033 820 5113 butyr0,
837 5033 883 5095 ob
899 5031 1055 5095 lnolitam
1071 5033 1168 5114 genti
1183 5032 1473 5101 consuetudinem,

139 5154 310 5219 uteretur3
334 5146 487 5229 illudque
510 5167 644 5229 semper
667 5166 727 5229 per
749 5146 1046 5230 quadragesimam
1063 5147 1097 5208 in
1115 5147 1189 5228 ipso
1205 5147 1289 5207 solis
1305 5145 1478 5213 accubitu,

218 5285 249 5330 C.
263 5286 375 5329 baccani.
390 5285 447 5329 Rer.
458 5287 527 5329 Aeta.
541 5289 636 5342 Scrt'pt.
650 5301 698 5330 occ.
711 5287 777 5329 saed.
794 5310 818 5319 -
832 5286 900 5330 VIII.
1373 5294 1400 5332 24
