4058 6178
708 2130 896 2207 CAPUT
922 2131 972 2206 11.

266 2425 541 2502 Paniarchae
569 2426 623 2499 sd
646 2424 846 2500 unionem
871 2445 968 2499 enm
994 2425 1189 2498 Romana
1216 2424 1408 2499 Eoclesia

501 2559 547 2634 in
573 2558 693 2656 regni
720 2559 900 2634 comitiis
928 2557 1175 2633 adhortatio.

260 2929 290 2970 1.
308 2907 430 2970 Illuxit
445 2907 583 2969 tandem
599 2905 677 2969 huic
694 2905 783 2969 actui
799 2906 1001 2989 praestituta
1017 2907 1091 2969 dies
1103 2904 1235 2978 Martis,
1256 2904 1435 2969 undecima
1454 2904 1504 2968 fe·
1567 2916 1780 2966 Praestiterat
1791 2918 1853 2968 dieo

167 3023 308 3096 binarii,
332 3024 413 3086 anni
436 3022 611 3086 millesimi
635 3022 877 3087 sexcentesimi
900 3022 1061 3106 vigesimi
1083 3024 1186 3094 sexti,
1209 3041 1320 3104 quam,
1345 3022 1376 3085 si
1402 3042 1504 3104 qnam
1535 2987 1756 3110 {gssfb‘u'ffl
1783 2989 1852 3040 ⁸⁰⁰¹

166 3139 272 3203 aliam
298 3156 456 3222 gemmeo
480 3138 613 3201 calculo
636 3149 754 3202 notare
778 3139 917 3202 deberet
940 3137 1130 3220 Aethiopia
1153 3147 1188 3201 et
1208 3138 1338 3201 cunctis
1352 3138 1505 3201 laetitiae

166 3252 479 3338 significationibus
501 3255 695 3329 celebrare3
719 3255 749 3316 si
772 3253 910 3336 quidem
932 3253 1001 3336 ipsi
1016 3253 1051 3316 in
1067 3272 1109 3316 ea
1125 3253 1186 3316 lux
1208 3254 1398 3317 clarissima
1424 3252 1504 3317 fidei

166 3371 363 3435 catholicae
386 3369 524 3443 affulsit,
548 3389 651 3453 quam
678 3389 795 3434 omnes
827 3370 974 3444 ordines,
1005 3370 1158 3433 disiectis
1181 3369 1296 3433 densis
1323 3379 1356 3433 et
1386 3370 1505 3451 palpe-

165 3487 299 3551 bilibus
322 3485 480 3570 Aegypti
502 3488 661 3560 tenebris,
685 3487 851 3551 demersis
873 3489 908 3551 in
932 3488 1017 3550 meri
1044 3487 1167 3552 Rubro
1193 3487 1395 3550 monstrosis
1421 3484 1505 3548 Dio-

166 3605 258 3667 scori
292 3614 327 3666 et
349 3601 555 3685 Eutychetis
589 3603 768 3677 erroribus,
792 3614 827 3667 et
854 3602 1030 3667 confracto
1059 3603 1228 3667 vilissimo
1258 3604 1339 3686 iugo
1368 3601 1505 3684 imperi-

165 3718 378 3783 tissimorum
394 3730 429 3782 et
443 3719 693 3783 liberrimorum
709 3719 909 3783 Abnnarum
923 3721 1234 3792 alexandrinorum,
1259 3729 1337 3782 sunt
1358 3716 1505 3801 professi

163 3848 199 3900 et
222 3857 262 3900 se
288 3836 410 3898 mirata
434 3846 486 3900 est
508 3835 700 3918 Aethiopia
722 3836 891 3899 elevatam
915 3837 950 3899 in
974 3837 1177 3920 dignitatem
1199 3834 1291 3899 filiae
1311 3834 1504 3909 Altissimi;

163 3951 315 4032 ideoque
338 3948 530 4032 tripudians
553 3949 667 4013 dicere
690 3962 808 4033 posset
831 3971 907 4014 cum
923 3948 1048 4033 Moyse
1063 3962 1098 4014 et
1114 3969 1230 4014 sorore
1252 3951 1360 4033 ipsius
1375 3948 1503 4014 Maria:

164 4066 356 4130 Cantemus
378 4064 536 4137 Domino,
556 4064 703 4150 gloriosa
725 4066 816 4129 enain
840 4066 1081 4152 magmflcatus
1102 4070 1170 4129 est:
1191 4086 1312 4151 equum
1339 4069 1372 4129 et
1392 4086 1503 4129 ascen-

162 4202 275 4247 sorem
291 4178 410 4245 deiecit
423 4182 462 4244 in
479 4201 572 4245 mare
587 4182 649 4266 (1);
673 4192 707 4246 et
723 4202 798 4245 cum
815 4182 943 4245 Psalte:
964 4182 1011 4245 In
1026 4182 1125 4246 amru
1146 4181 1262 4245 Israel
1281 4179 1320 4245 cle
1341 4180 1502 4268 Aegypto,

161 4295 287 4361 domus
307 4295 406 4360 Iacob
420 4298 460 4361 de
468 4297 597 4383 populo
618 4297 767 4374 barbaro,
783 4296 887 4385 facta
902 4302 955 4362 est
975 4298 1165 4380 Aethiopia
1178 4297 1405 4381 sanctificatio
1431 4298 1504 4361 azias

162 4412 287 4477 lsrael
307 4412 369 4496 (sic
392 4413 484 4477 enim
507 4414 543 4476 in
567 4433 608 4477 ea
630 4424 795 4477 vocantur
818 4416 1017 4496 omnesqui
1041 4415 1229 4477 masculina
1251 4412 1352 4486 linea,
1384 4414 1428 4476 ad
1450 4432 1502 4476 re-

161 4530 264 4613 gium
287 4530 489 4613 sanguinem
512 4529 679 4615 spectant)
698 4534 846 4615 potestas
867 4530 942 4594 eius
966 4530 1018 4614 (2).

260 4667 289 4710 2.
314 4645 375 4708 Ad
398 4647 591 4730 augendam
614 4655 730 4710 tantae
752 4647 897 4710 aetionis
920 4647 1123 4728 dignitatem
1147 4655 1267 4710 ornata
1290 4657 1342 4708 est
1358 4646 1437 4709 aula
1450 4665 1502 4707 re·
1565 4652 1653 4703 Adue
1680 4661 1797 4704 omnm·
1823 4662 1852 4703 et

162 4760 226 4845 gia
249 4772 379 4844 quanto
401 4763 555 4826 maximo
577 4764 689 4844 potuit
711 4772 894 4845 apparatu3
917 4781 980 4825 nec
999 4764 1178 4845 qnisquam
1205 4781 1250 4825 ex
1279 4760 1500 4844 principibus,
1530 4723 1697 4788 frequentin.

163 4876 391 4959 imperatoris
420 4874 592 4949 fratribus,
623 4879 837 4962 protegibus,
871 4878 1023 4949 ducibus,
1052 4879 1274 4950 senatoribus,
1301 4874 1500 4940 inferiorum

256 5124 295 5192 (1)
315 5125 411 5183 Exod„
432 5134 474 5187 15,
493 5140 518 5178 n.
539 5137 563 5178 1.
582 5152 615 5164 -
634 5125 673 5194 (2)
693 5127 792 5176 Psalm.
815 5136 872 5187 113,
889 5142 915 5178 n.
939 5139 960 5175 1.
