4124 6182
551 598 609 641 102
882 588 1155 640 EXPEDITIONIS
1178 587 1442 639 AETHIOPICAE
1467 587 1549 639 ETC.

547 740 736 802 communis
759 740 866 821 patris
889 739 982 801 dicto
1005 738 1171 801 adversus
1193 738 1310 800 omnia
1332 755 1379 798 ex
1406 736 1552 798 adverso
1582 736 1782 799 testimonia
1811 751 1882 795 ere-

547 856 694 919 dendum
718 856 975 919 contendentes.
999 852 1099 936 Quod
1125 873 1202 917 cuni
1223 872 1349 916 vanum
1365 872 1440 916 esse
1455 852 1647 935 Imperator
1661 852 1880 933 perspiceret,

546 990 669 1034 scenae
681 973 833 1034 serviens
847 970 1087 1034 dissimulavit.
1101 968 1230 1032 Verum
1246 966 1328 1033 Seia
1343 967 1509 1041 Christds‚
1526 980 1563 1032 ut
1580 967 1743 1030 Abunam
1759 977 1881 1035 ureret,

546 1087 728 1167 quemdam
751 1105 797 1148 eii
820 1086 913 1149 illius
935 1086 1041 1168 globo
1065 1082 1160 1148 fandi
1185 1087 1378 1169 prodigum,
1401 1086 1461 1167 qui
1481 1087 1574 1166 prius
1594 1084 1679 1146 duas
1695 1085 1730 1145 in
1746 1081 1883 1147 Christo

547 1212 684 1265 naturas
707 1211 906 1272 asseruerat.
930 1213 965 1265 et
989 1203 1023 1264 in
1040 1219 1203 1283 praesens
1218 1199 1435 1271 diffitebatur,
1454 1199 1489 1262 in
1505 1200 1666 1262 iudicium
1683 1200 1832 1267 vocavit,
1849 1210 1881 1261 et

545 1338 583 1382 se
607 1321 642 1382 in
665 1322 779 1382 varias
802 1317 931 1382 formas
954 1330 1145 1382 vertentem
1173 1320 1332 1389 convicit,
1366 1330 1400 1381 et
1432 1320 1465 1380 in
1497 1318 1636 1382 vincula
1667 1327 1881 1398 compactum

547 1436 649 1497 domo
672 1435 872 1498 eliminavit.
896 1431 966 1498 Sed
989 1455 1067 1497 cum
1090 1435 1253 1498 haeretici
1277 1435 1493 1499 clamitarent
1516 1453 1613 1497 suurn
1638 1433 1735 1496 illum
1760 1432 1882 1495 Achil·

546 1551 615 1614 lem
638 1552 884 1613 catholicorum
910 1563 1001 1614 metu
1018 1572 1039 1612 a
1054 1552 1343 1632 disputationibus
1367 1552 1533 1623 avulsum,
1559 1571 1602 1614 ne
1626 1550 1720 1613 illius
1745 1551 1869 1631 loquen

546 1667 630 1728 tiam
654 1668 879 1729 extimescere
899 1668 1096 1730 viderentur
1111 1669 1236 1739 adeas,
1253 1669 1287 1730 in
1305 1668 1376 1730 divi
1394 1666 1599 1750 Hieronymi
1617 1668 1708 1730 diem
1726 1666 1881 1735 indictas,

546 1792 598 1846 est
621 1784 847 1845 intromissus,

235 1907 317 1958 selae
335 1908 463 1958 christoe
487 1908 519 1957 in
636 1903 666 1963 6.
691 1897 775 1961 Cum
810 1918 894 1982 ergo
917 1901 1055 1963 veritati
1083 1900 1212 1981 primae
1243 1900 1439 1969 debeantur,
1472 1901 1584 1981 primo
1614 1898 1779 1962 catholici
1803 1917 1882 1978 que·

199 1977 519 2101 ffifflwfflffl
546 2016 692 2078 stionem
716 2016 759 2077 de
783 2016 914 2077 duabus
936 2014 1064 2079 Christi
1089 2016 1219 2078 naturis
1243 2035 1462 2097 proposuere,
1486 2035 1631 2098 eamque
1655 2017 1781 2079 validis
1797 2016 1882 2078 adeo

547 2152 593 2194 ex
616 2131 815 2213 evangeliis,
838 2131 920 2193 divo
944 2130 1052 2194 Paulo
1075 2143 1109 2194 et
1140 2134 1268 2195 sanctis
1291 2132 1451 2195 Patribus
1480 2133 1688 2195 testimoniis
1719 2144 1753 2195 et
1782 2133 1883 2194 ratio·

547 2247 647 2309 nibus
670 2248 951 2310 constabilierunt
986 2257 1022 2309 ut
1053 2249 1228 2319 haeretici,
1261 2248 1342 2328 quid
1373 2250 1529 2330 responsi
1560 2248 1702 2311 ederent
1733 2267 1801 2310 non
1825 2246 1884 2310 ha·

548 2363 678 2433 bentes,
696 2364 739 2425 ad
756 2364 958 2444 magistrum
974 2384 1070 2426 suum
1087 2363 1302 2435 Dioscorum,
1320 2365 1419 2427 unius
1435 2375 1576 2427 naturae
1591 2372 1881 2445 propugnatorem

548 2489 582 2540 et
605 2479 648 2540 ad
664 2498 828 2560 praeceps
844 2480 1099 2542 consuetudinis
1114 2500 1251 2543 suorum
1269 2490 1446 2562 parentum
1463 2477 1589 2542 flumen
1606 2479 1882 2562 provocaverint;

548 2595 592 2656 ab
616 2595 676 2657 illa
697 2615 735 2658 se
759 2595 852 2657 nolle
875 2596 1019 2677 digredi,
1043 2607 1078 2658 et
1102 2615 1212 2658 novae
1236 2596 1412 2659 doctrinae
1446 2596 1689 2658 adhaerescere
1716 2593 1884 2657 affirman-

547 2722 610 2774 tes.
633 2708 679 2771 Vi
704 2721 738 2772 et
762 2710 914 2783 libidine,
938 2711 1047 2794 inquit
1071 2709 1153 2774 Selai
1176 2708 1332 2774 Christds
1356 2731 1422 2773 non
1446 2713 1578 2775 ratione
1602 2713 1766 2774 nitimini:
1794 2710 1883 2772 haud

548 2827 648 2889 vobis
671 2826 760 2888 istud
785 2827 936 2907 proderit
960 2826 1112 2908 asylum:
1137 2829 1342 2890 audiendum
1360 2829 1459 2890 vobis
1474 2839 1526 2890 est
1542 2839 1577 2890 et
1594 2827 1882 2908 respondendum:

548 2941 673 3004 Leonis
696 2943 898 3013 doctrinam,
924 2943 1079 3022 inquiunt
1104 2943 1165 3013 illi,
1199 2944 1298 3006 nobis
1329 2941 1426 3005 nefas
1457 2955 1509 3005 est
1540 2944 1658 3006 audire
1685 2944 1883 3006 obstruente

549 3058 648 3120 nobis
671 3076 769 3121 aures
792 3057 950 3121 Dioscori
974 3058 1201 3122 anathemate.
1225 3055 1331 3120 *Tum
1355 3056 1438 3122 Seia
1468 3057 1642 3122 Christos:
1675 3057 1767 3139 Quid
1800 3060 1883 3121 illud
1918 3056 1935 3107 t,
1951 3064 1984 3115 5¹-

548 3194 611 3235 vos
638 3174 731 3236 iuvat
762 3175 945 3237 anathema
975 3185 1093 3237 contra
1116 3176 1274 3257 evangeli
1303 3176 1522 3238 sanctiones?
1552 3174 1699 3258 Utrique
1731 3187 1880 3238 nostrum

549 3290 646 3352 Pauli
664 3290 881 3352 anathemate
897 3291 1171 3371 constringimur,
1189 3309 1230 3352 ne
1245 3291 1431 3372 quidquam
1444 3303 1562 3354 contra
1574 3292 1681 3373 ipsius
1693 3292 1882 3354 doctrinam

549 3407 779 3480 admittamus,
805 3406 884 3468 licet
901 3406 1045 3487 angelus
1068 3405 1110 3466 de
1133 3406 1231 3468 coelo
1250 3425 1288 3468 se
1303 3425 1507 3487 praeconem
1523 3409 1684 3470 obtrudat
1701 3406 1756 3491 (i).
1781 3405 1882 3468 Cuius

549 3523 736 3603 parendum
752 3520 972 3593 anathemati,
989 3521 1088 3583 Pauli
1110 3541 1153 3582 an
1178 3521 1355 3584 Dioscori?
1378 3522 1514 3585 Iudices
1537 3524 1731 3586 decernant.
1757 3522 1807 3585 Hi
1827 3525 1883 3586 de·

549 3655 686 3699 crevere
711 3637 808 3699 Pauli
831 3639 1048 3700 interdictum
1073 3639 1317 3701 attendendum
1341 3650 1374 3701 et
1395 3639 1571 3702 doctrinae
1587 3641 1879 3721 acquiescendum.

549 3752 736 3825 Haeretici,
760 3755 885 3835 quietis
908 3754 1034 3823 hostes,
1059 3754 1101 3817 ad
1126 3754 1246 3816 solitas
1270 3774 1307 3817 se
1327 3766 1418 3818 artes
1435 3766 1469 3817 et
1486 3756 1655 3818 clamores
1670 3768 1881 3838 receperunt,

549 3866 737 3940 vociferati,
755 3868 958 3931 Dioscorum
975 3869 1060 3931 nihil
1077 3869 1185 3932 Paulo
1202 3871 1434 3932 adversarium
1451 3871 1618 3943 docuisse,
1632 3891 1695 3934 nec
1711 3892 1799 3954 opus
1810 3892 1881 3935 esse

549 3984 641 4047 illius
657 3986 749 4047 dicta
772 3986 816 4047 ad
838 3985 938 4047 huius
960 3987 1122 4048 trutinam
1146 3987 1350 4067 expendere,
1376 3989 1425 4049 ita
1441 4008 1460 4049 a
1476 3988 1552 4049 solo
1567 3985 1780 4069 Imperatore
1798 3989 1881 4050 iudi·

549 4102 705 4162 candum.
722 4098 861 4163 Censuit
878 4100 1066 4182 imperator
1080 4099 1158 4164 fidei
1173 4105 1433 4173 controversias,
1448 4123 1515 4167 non
1528 4106 1743 4167 contentiose
1756 4104 1882 4167 clamo·

550 4217 652 4287 ribus
669 4217 730 4278 sad
747 4216 843 4278 libris
864 4216 1048 4299 diligenter
1068 4218 1296 4299 pervolutatis
1319 4229 1352 4280 et
1381 4220 1524 4282 maturis
1547 4220 1738 4282 rationibus
1761 4232 1882 4302 pacate

550 4332 797 4413 transigendas,
822 4333 965 4412 proinde
991 4334 1050 4414 qui
1078 4334 1310 4396 anxietatibus
1333 4335 1504 4416 aliquibus
1526 4346 1785 4418 peremerentur
1809 4335 1882 4418 [sic]

550 4448 687 4509 easdem
719 4458 940 4527 exponerent,
965 4448 1110 4529 aliisque
1133 4450 1286 4511 vicissim
1310 4450 1548 4514 dissolverent.

237 4569 340 4620 variae
369 4570 523 4620 haeretico·
641 4580 670 4640 7.
695 4560 881 4634 Haeretici,
895 4560 1083 4645 fugientem
1096 4564 1203 4626 solem
1221 4566 1456 4636 obtendentes,
1469 4567 1636 4648 paulatim
1653 4586 1793 4651 surgere
1809 4587 1884 4630 coe·

203 4656 265 4691 runi
290 4641 521 4691 machinationes.
792 4679 798 4691 .
887 4679 893 4692 .
960 4679 967 4691 .
1548 4682 1554 4696 .
1742 4684 1748 4697 .

550 4688 681 4759 perunt,
705 4696 935 4759 querimonias
958 4697 993 4740 in
1016 4677 1263 4760 Imperatorem
1286 4691 1461 4762 tamquam
1485 4692 1645 4762 antiquae
1668 4679 1749 4745 fidei
1770 4685 1884 4746 turba·

549 4804 668 4864 torem,
694 4806 727 4855 et
751 4793 893 4854 duorum
916 4794 1058 4856 deorum
1082 4796 1116 4856 in
1140 4796 1271 4857 duabus
1294 4794 1423 4859 Christi
1454 4800 1583 4860 naturis
1614 4799 1883 4861 introductorem

550 4910 808 4990 ingeminantes,
833 4928 894 4972 nec
919 4911 1063 4972 multum
1090 4909 1208 4982 abfuit,
1232 4913 1312 4993 quin
1338 4924 1494 4992 apertam
1509 4914 1714 4976 seditionem
1727 4917 1796 4978 sint
1814 4934 1886 4978 mo·

637 5155 680 5221 tl)
700 5157 800 5212 Galat„
823 5167 844 5212 1,
864 5172 888 5207 n.
909 5156 932 5207 8.
