4058 6178
562 582 624 649 230
891 576 1163 634 EXPEDITIONIS
1185 578 1445 634 AETHIOPICAE
1468 575 1549 635 ETC.

248 742 424 795 emonam
454 739 532 789 ruva.
649 752 677 809 a
702 730 854 795 meoet
876 731 1037 813 exemplo
1059 733 1271 814 capetutue
1286 731 1519 796 concludatur.
1535 730 1672 795 Nonne
1688 731 1880 795 adolescens

213 813 532 952 ggffij·‘{,g,g¹²{g
559 849 593 910 an
617 846 801 910 Amasene
823 865 942 928 regno,
965 848 1028 911 sub
1044 845 1121 912 Rae
1143 844 1225 912 saa
1248 847 1404 912 christos
1418 848 1453 911 tn
1476 848 1643 931 quosaam
1669 845 1748 911 finer
1770 848 1880 911 ena
1992 824 1993 907 ζ

212 960 289 1010 Μῑῡ
307 957 444 1007 llbfflvst·
559 965 647 1027 licae
669 964 815 1028 rebelles
830 983 918 1047 equo
934 964 1097 1029 merebat.
1114 962 1154 1028 in
1169 965 1337 1047 proelium
1353 967 1538 1049 ingressus,
1553 962 1680 1029 Chrsti
1695 965 1739 1027 ad
1754 984 1879 1028 merum
1992 984 1993 1029 l

559 1080 709 1163 stipitem
732 1079 828 1145 affixi
852 1081 1036 1163 imaginem
1059 1101 1080 1145 a
1102 1091 1201 1163 petre
1231 1080 1433 1164 Hyacinthe
1462 1080 1647 1153 Francisci,
1670 1082 1729 1162 qui
1758 1081 1880 1152 aderat

559 1197 719 1260 donatam
743 1196 836 1260 collo
857 1197 1022 1270 innexuit,
1046 1216 1125 1261 eum
1149 1216 1264 1261 coram
1287 1199 1404 1262 multis
1425 1197 1480 1261 his
1498 1198 1657 1280 precibus
1679 1199 1879 1260 obtestatus:
1992 1260 1993 1283 ,

560 1312 622 1385 Ne,
650 1332 788 1395 quaeso,
819 1311 977 1383 Domine,
1007 1314 1149 1395 patiaris
1177 1324 1215 1376 ut
1244 1334 1300 1378 me
1330 1315 1510 1397 quisquam
1540 1333 1562 1377 a
1590 1324 1690 1397 tergo
1712 1313 1880 1375 vumeret:
1992 1286 1993 1337 ³

559 1429 717 1492 omnibus
731 1430 823 1492 enlm
840 1427 962 1501 fronte,
978 1430 1063 1493 nulli
1078 1440 1178 1512 tergo
1193 1439 1294 1495 notus
1309 1448 1386 1493 esse
1400 1429 1527 1503 velim3
1543 1429 1578 1492 id
1594 1447 1678 1491 vero
1700 1429 1730 1490 si
1745 1427 1881 1497 accidat,
1992 1446 1993 1453 ¹

559 1544 772 1616 crediderim,
790 1562 901 1607 meum
917 1564 938 1608 a
952 1553 988 1607 te
1004 1543 1155 1608 laborem
1172 1545 1208 1607 in
1224 1562 1375 1608 meorum
1391 1544 1560 1609 scelerum
1574 1542 1881 1625 oompemetionern

560 1680 627 1724 non
650 1662 738 1724 bene
761 1662 859 1734 verti,
882 1660 912 1723 si
927 1669 1042 1725 autem
1058 1679 1146 1742 pone
1161 1658 1309 1725 frontem
1331 1662 1400 1724 eim
1417 1662 1562 1733 saucius,
1584 1659 1882 1743 tunc-intelligam.

560 1787 694 1860 gratum
717 1779 783 1841 tlbi
805 1797 880 1842 esse
896 1776 1074 1860 sanguinis
1088 1778 1155 1840 mei
1171 1773 1386 1848 sacrificium,
1410 1776 1696 1839 insacrosanctae
1717 1772 1797 1837 fidei
1813 1755 1883 1856 pro·

560 1896 802 1976 pugnationem
824 1893 933 1957 oblati
966 1893 1027 1956 Ad
1050 1912 1138 1975 quae
1160 1894 1266 1956 verbe
1289 1894 1325 1955 in
1347 1891 1464 1957 hostes
1479 1892 1587 1965 irruit,
1607 1901 1643 1954 et
1665 1892 1777 1973 primo
1799 1892 1884 1953 iactu

560 2009 790 2073 audentiorem
814 2030 860 2072 ex
883 2010 968 2092 ipds
990 2010 1125 2081 cecidit,
1148 2028 1189 2072 ac
1211 2017 1365 2074 coeteros
1389 2009 1424 2071 in
1447 2005 1566 2091 fugam
1596 2008 1776 2077 convertit,
1806 2008 1884 2087 quin

560 2144 581 2186 a
604 2125 848 2206 persequendis
869 2125 1067 2197 obsisteret;
1084 2126 1194 2187 nescit
1217 2126 1308 2188 enim
1332 2125 1504 2189 remittere
1528 2123 1662 2187 enimus
1685 2122 1808 2186 *semel
1832 2142 1884 2205 ge-

561 2258 682 2303 nerose
704 2240 873 2303 incitatus.
908 2238 998 2321 Ipse,
1022 2257 1090 2320 quo
1113 2239 1301 2307 vehebatur
1330 2260 1437 2323 equus
1463 2259 1540 2304 cum
1572 2241 1659 2303 mira
1688 2236 1971 2321 pernicitatem

560 2365 755 2437 praestaret,
779 2357 892 2419 socios
914 2356 1011 2419 brevi
1030 2356 1253 2439 praevolavit,
1273 2356 1487 2439 spatiumque
1510 2357 1616 2428 dedit,
1639 2367 1677 2420 ut
1699 2354 1816 2419 hostes
1838 2374 1886 2417 re·

560 2473 725 2554 trogreesi
747 2472 898 2554 equitem
929 2471 1117 2556 cingerent,
1147 2482 1182 2536 et
1212 2473 1329 2537 decem
1354 2493 1394 2535 ac
1423 2483 1556 2555 septem
1590 2473 1737 2536 telorum
1768 2473 1887 2534 ictibus

561 2590 780 2670 impeterent;
802 2607 824 2651 a
846 2589 971 2669 qulbus
993 2588 1092 2652 illum
1115 2590 1154 2661 is,
1177 2608 1279 2670 quem
1309 2597 1447 2671 pectore
1477 2589 1630 2671 gerebat,
1661 2589 1805 2670 clypeus
1829 2589 1887 2649 im·

560 2704 792 2785 penetrabilis,
815 2722 912 2768 sacra
935 2723 1057 2786 nempe
1080 2706 1207 2788 imago,
1231 2703 1439 2769 vendicavit.
1463 2700 1533 2768 Sed
1548 2723 1627 2767 cum
1649 2724 1687 2767 se
1710 2704 1753 2767 ad
1776 2715 1885 2767 extor-

560 2820 730 2902 quendum
758 2839 779 2881 a
809 2818 977 2903 signifero
1006 2821 1183 2893 vexillum,
1215 2823 1267 2885 sui
1298 2821 1488 2884 incuriosus
1516 2822 1728 2903 proiecisset,
1758 2820 1886 2883 vulneri

560 2938 594 2999 in
604 2988 606 2993 ,
618 2937 742 3001 dextro
765 2935 908 3001 humero
923 2937 1036 3001 locum
1052 2938 1219 3019 praebuit,
1244 2936 1339 3000 nulla
1354 2954 1460 3009 mora,
1477 2936 1603 3001 hastile
1618 2938 1759 3001 sinistra
1775 2946 1887 2999 extra·

560 3051 656 3125 hens,
680 3053 748 3115 tale
770 3049 938 3135 signifero
960 3052 1084 3116 vulnus
1117 3054 1301 3134 impressit,
1325 3062 1361 3115 ut
1384 3061 1418 3116 et
1441 3052 1610 3116 vexillum
1632 3071 1654 3115 e
1676 3053 1834 3116 menibus
1855 3061 1887 3113 et

561 3170 709 3231 animam
732 3186 752 3229 e
774 3186 918 3250 corpore
940 3168 1111 3233 evulserit
1135 3166 1335 3232 Adfuerunt
1358 3168 1452 3232 illico
1475 3169 1572 3241 socii,
1595 3178 1631 3231 et
1649 3170 1808 3232 iuvenem
1831 3186 1887 3250 ge-

560 3282 721 3347 stientem
755 3284 926 3355 invenere,
950 3302 1017 3347 non
1040 3303 1083 3346 eo
1104 3293 1238 3349 tantum
1259 3284 1351 3367 quod
1381 3304 1419 3349 se
1442 3285 1570 3367 absque
1599 3283 1740 3348 honoris
1763 3285 1887 3347 iactura

561 3396 658 3461 Deus
678 3418 700 3464 a
722 3408 775 3463 tot
798 3398 954 3463 hostibus
981 3410 1016 3463 et
1038 3401 1264 3482 petitionibus
1287 3410 1422 3465 texerat
1445 3401 1507 3464 sed
1536 3400 1629 3483 quod
1659 3400 1800 3463 vulnere
1823 3419 1886 3462 non

560 3515 733 3587 indecoro,
749 3517 832 3597 quin
847 3525 882 3578 et
897 3515 999 3578 valde
1014 3496 1178 3597 glorioso,
1197 3527 1374 3598 acceptam
1400 3516 1468 3581 sibi
1484 3518 1662 3600 sanguinis
1676 3517 1728 3581 sui
1744 3517 1887 3578 hostiam

562 3628 771 3712 significarit.
