4066 6174
568 614 684 664 LIBER
707 615 745 673 11,
778 614 904 664 cucur
929 614 1044 663 xxm.
1423 602 1484 678 ³⁶7

145 760 328 835 cunctatio,
352 780 408 824 eas
429 762 656 847 interposuere
681 761 779 826 illius
803 762 1049 827 inconstantiae
1072 782 1157 846 qnae
1179 780 1240 824 rios
1263 759 1358 823 mocio
1378 758 1492 845 agitat
1530 818 1532 823 .

145 879 179 936 et
201 875 417 961 antiquiores
438 876 639 941 Lusitaniae
654 878 764 964 Reges
778 878 859 941 olim
874 878 1013 963 experti
1027 881 1119 948 sunt,
1136 877 1273 941 timores
1287 880 1366 939 ante
1381 876 1491 938 oculos

145 990 369 1067 obversantes,
392 1013 466 1057 acm
488 994 571 1057 cinos
592 995 723 1058 dimerso
753 999 900 1079 tempore
928 992 1157 1057 Patriarclcas
1180 993 1317 1055 misere:
1351 995 1385 1055 et
1414 1011 1489 1055 cnm

141 1107 258 1190 primo
282 1108 423 1173 illarum
446 1110 671 1174 clarissimum
693 1111 809 1175 ducem
833 1108 1114 1195 Christopltorum
1137 1130 1159 1173 a
1184 1109 1293 1173 Gamo
1316 1128 1391 1170 cum
1407 1127 1489 1191 qua-

145 1227 227 1286 tuor
250 1230 389 1289 centena
412 1226 561 1289 militum
584 1225 722 1301 cohorte,
746 1227 809 1310 qui
827 1226 885 1289 boc
908 1226 1099 1310 imperium,
1115 1247 1137 1289 a
1153 1222 1404 1289 Mabometam's
1420 1222 1489 1285 iam

140 1343 232 1421 pene
254 1340 437 1416 subactum,
460 1341 499 1404 ab
523 1341 673 1425 ipsorum
696 1342 867 1427 unguibus
889 1347 923 1405 et
937 1340 1103 1428 saucibus
1127 1339 1350 1414 abstulerunt,
1366 1359 1435 1402 non
1450 1343 1492 1401 ut

144 1453 241 1517 illud
260 1455 328 1518 sibi
347 1454 580 1542 adiungerent,
603 1457 664 1520 seo'
683 1462 724 1521 ut
745 1458 815 1521 tuis
838 1457 911 1521 avis
933 1477 971 1521 ac
997 1457 1062 1521 tibi
1074 1456 1298 1520 redbi'berent.
1325 1454 1399 1518 Nec
1420 1453 1489 1517 Lu

143 1568 298 1633 sc'tani'ae
322 1571 430 1657 Reges
445 1570 628 1657 qucilquam
644 1572 745 1636 aliud
756 1573 829 1636 suis
843 1572 948 1636 oculis
966 1592 1125 1656 umquam
1140 1571 1290 1647 obiecere,
1306 1575 1370 1635 aut
1384 1570 1490 1634 aliam

144 1706 231 1748 suae
246 1687 417 1750 amicitiae
431 1692 465 1751 et
479 1688 681 1752 immanium
696 1694 891 1773 sumptuum
911 1688 1110 1752 solutionem
1125 1687 1306 1772 quaesiere,
1322 1707 1422 1772 qnam
1437 1706 1489 1750 ve·

144 1806 258 1865 stram
285 1823 361 1866 cum
396 1804 552 1867 Romana
581 1804 732 1868 Ecclesia
761 1804 1026 1868 coutimunionem
1050 1810 1085 1868 et
1105 1808 1308 1889 perpetuam
1342 1804 1381 1866 in
1415 1823 1490 1867 eam

139 1919 426 2002 permansionem.
450 1920 498 1984 In
520 1921 659 1984 unicum
689 1921 779 1985 bunc
800 1922 914 2006 finem
940 1921 1005 1984 buc
1029 1920 1133 2005 prius
1156 1940 1177 1983 a
1203 1940 1267 1983 sua
1294 1919 1491 1984 Sanctitate
1571 1944 1576 1953 ·

144 2039 179 2098 et
210 2034 393 2098 Maiestate
414 2057 490 2100 sum
513 2035 681 2113 dimissus,
715 2042 845 2122 etpost
873 2058 925 2101 me
955 2037 1017 2122 qui
1044 2035 1099 2099 bic
1129 2033 1223 2100 adest
1243 2035 1423 2120 episcopus,
1451 2040 1492 2098 nt

143 2171 214 2213 reno
241 2151 360 2214 amabo
389 2152 479 2215 alter
500 2172 568 2215 non
591 2150 758 2236 deficeret,
781 2174 841 2216 nec
864 2174 925 2217 nos
954 2158 995 2216 ut
1024 2151 1254 2215 mendicabula
1280 2149 1494 2225 miserescit

143 2266 245 2329 libris
258 2272 396 2330 onustos
410 2272 445 2330 et
462 2268 605 2332 vestibus
614 2269 867 2354 pontificalibus
881 2269 1011 2333 abnam
1025 2273 1229 2339 exornatos,·
1243 2272 1277 2331 cl
1290 2288 1333 2331 ne
1352 2268 1391 2333 V.
1407 2268 1490 2332 Ma·

144 2381 309 2459 i'estatem,
345 2383 515 2470 ipsiusque
548 2384 684 2448 clientes
720 2385 828 2448 debita
864 2385 1034 2469 operariis
1071 2384 1107 2447 ob
1141 2384 1305 2447 diurnum
1344 2383 1489 2448 laborem

145 2500 292 2563 mercede
325 2504 359 2564 et
392 2500 590 2585 quotidiana
624 2500 791 2564 alimonia
825 2505 1022 2588 gravarent,
1060 2503 1276 2584 competentes
1314 2499 1363 2564 act
1390 2499 1490 2563 illam

143 2617 408 2698 comparandam
442 2617 573 2681 reditus
610 2636 742 2679 annuas
778 2616 1004 2680 contulerunt.
1038 2616 1228 2690 Pensitato,
1263 2635 1363 2698 quam
1397 2615 1491 2679 iusta

144 2728 272 2794 doloris
294 2752 397 2795 causa
420 2732 505 2817 ipsis
527 2732 589 2796 bac
611 2739 730 2796 nostra
751 2738 786 2797 et
798 2731 892 2816 fidei
904 2733 1042 2817 repulsa
1065 2731 1260 2802 tribuatur:
1282 2735 1316 2796 et
1337 2733 1491 2816 quamvis

144 2846 218 2931 ipsi
237 2847 286 2911 ad
315 2847 480 2911 ultionem
515 2846 731 2935 inferendam
759 2849 857 2934 longe
885 2849 959 2911 sint
985 2848 1122 2922 divulsi,
1153 2847 1279 2918 Deum,
1303 2848 1367 2933 qui
1384 2854 1491 2933 prope

143 2968 204 3038 est,
228 2964 329 3028 illam
360 2964 464 3027 citius
485 2965 540 3028 vel
558 2964 669 3029 serens
692 2964 935 3049 expetiturum.
961 2964 1136 3048 Perpendc
1154 2963 1328 3049 gentilitio
1355 2964 1496 3027 stemati

145 3077 271 3142 mmet
294 3080 387 3144 lucta
410 3086 488 3145 tuae
507 3080 608 3168 genti
626 3085 662 3143 et
679 3080 811 3167 gloriae
834 3078 969 3166 infame
991 3080 1115 3165 stigma
1138 3080 1176 3142 iu
1192 3084 1366 3144 aeternum
1382 3079 1490 3156 inuri,

146 3198 180 3257 et
213 3201 294 3278 quot
319 3197 542 3282 flagitiorum
577 3216 678 3259 causa
708 3197 756 3258 sis
783 3195 978 3280 impccltrix,
1009 3196 1044 3259 si
1068 3194 1129 3278 qui
1144 3194 1247 3279 prius
1273 3194 1490 3280 Aethiopiam

145 3309 420 3386 illuminaveras,
444 3333 534 3374 nunc
563 3311 663 3374 illius
685 3311 844 3398 fulgoris
874 3311 922 3374 sis
952 3310 1130 3374 extinctor.
1164 3310 1264 3392 Quoo'
1283 3331 1341 3395 ego
1371 3332 1413 3375 ne
1436 3312 1490 3374 in·

145 3429 257 3498 tuear,
281 3447 340 3490 uec
362 3426 492 3490 iustum
519 3427 723 3511 supplicium
752 3427 816 3490 tibi
842 3431 875 3491 et
905 3432 984 3489 tuac
1015 3425 1133 3490 domui
1161 3425 1349 3489 inbumtate
1372 3446 1393 3489 a
1416 3427 1491 3490 Deo

146 3539 398 3626 imponendum,
423 3541 476 3604 bic
498 3541 589 3605 mim
609 3542 716 3606 iubeto
739 3547 842 3626 caput
869 3542 982 3605 decuti
1008 3542 1188 3625 (monetam
1212 3542 1278 3614 hic,
1306 3539 1491 3606 fluentibus

146 3659 295 3721 ubertim
319 3659 494 3739 lacrymis,
518 3658 683 3738 deposuit,
708 3670 742 3721 et
766 3659 801 3721 in
817 3679 928 3740 genua
951 3657 1141 3739 procubuit,
1165 3659 1256 3739 quod
1274 3657 1403 3720 ididem
1419 3661 1490 3740 epi·

146 3792 272 3854 scopus
295 3782 330 3835 et
354 3783 468 3853 patres
492 3772 615 3855 egere).
640 3772 763 3836 Satius
786 3773 877 3835 enirn
900 3771 989 3835 milei
1008 3777 1059 3835 est
1072 3773 1168 3843 mari,
1186 3793 1287 3857 quam
1302 3778 1345 3836 ut
1358 3773 1491 3837 viileam

145 3887 205 3951 tui
224 3886 374 3950 nominis
397 3892 431 3951 el
452 3888 627 3951 Romanae
642 3888 737 3970 fidei
744 3887 894 3973 gloriam
910 3891 942 3950 te
957 3888 1087 3951 vocante
1103 3892 1165 3950 tna
1181 3907 1274 3950 noxa
1289 3885 1489 3952 *obscurari

146 4003 204 4066 Ex
229 4005 413 4067 multorum
438 4005 635 4074 aulicorum,
660 4005 716 4085 qui
745 4003 869 4065 lectum
900 4002 1123 4085 Imperatoris
1153 4005 1350 4085 cingebant,
1381 4005 1490 4067 oculis

145 4119 310 4183 lacrimae
345 4121 468 4182 etiam·
484 4120 643 4202 guttatim
678 4117 875 4190 effluebant3
908 4120 968 4180 sed
997 4120 1080 4199 ipse,
1109 4137 1186 4180 cum
1217 4120 1347 4199 alioqui
1371 4139 1490 4184 cereae

145 4255 185 4297 ac
210 4233 379 4297 flexibilis
402 4245 492 4297 esset
516 4233 651 4306 indolis,
675 4235 724 4295 ita
746 4234 897 4315 obriguit
919 4252 960 4295 ac
983 4235 1013 4297 si
1040 4235 1124 4296 dura
1140 4234 1230 4296 silex
1245 4244 1303 4296 aut
1320 4237 1490 4317 marpesia

145 4359 264 4414 cautes
287 4350 396 4431 ipsius
418 4358 537 4430 pectus
560 4350 759 4411 indurasset.

241 4486 290 4528 11.
316 4465 379 4528 Bis
402 4484 504 4527 manu
529 4464 646 4525 annuit
669 4472 705 4525 ut
728 4474 921 4545 surgeretur
944 4475 977 4526 et
1001 4464 1045 4525 ad
1076 4464 1112 4526 id
1144 4465 1363 4544 respondens,
1395 4469 1489 4547 quod

145 4582 250 4646 altius
274 4580 423 4643 animum
451 4578 658 4641 lancinavit:
682 4575 758 4658 Qui,
784 4578 903 4659 inquit,
928 4579 994 4641 dici
1020 4588 1132 4659 potest
1157 4598 1211 4641 me
1235 4580 1414 4644 catholicis
1438 4580 1488 4645 fa·

144 4717 265 4761 vorem
290 4716 358 4759 non
383 4693 637 4757 commodasse?
661 4690 794 4772 Quibus
818 4693 882 4756 uisi
907 4693 1036 4756 eisdem
1060 4713 1155 4755 meus
1183 4690 1281 4756 favor
1307 4696 1488 4760 addictus?

144 4812 215 4883 Sed
239 4812 407 4875 haeretici
440 4809 559 4871 multi:
592 4828 710 4869 omnes
741 4807 773 4868 in
807 4827 860 4869 me
892 4806 970 4870 fidei
1002 4809 1144 4870 obtentu
1175 4810 1354 4872 rebellant.
1390 4811 1489 4874 Nunc

143 4930 330 5012 quinquies
365 4935 423 4987 aut
454 4924 583 5004 pluries
616 4922 773 4983 millenos
803 4922 924 4984 occidi.
956 4921 1047 5003 Quot
1077 4943 1151 4986 sum
1182 4927 1379 4988 occisurus?
1403 4924 1489 4989 Cum

142 5046 286 5128 quantis
310 5039 546 5123 pugnaturus?
563 5038 633 5100 Mei
650 5058 768 5099 omnes
790 5039 952 5100 bellando
972 5049 1049 5101 sunt
1066 5040 1245 5103 delassati:
1271 5043 1315 5104 ab
1331 5044 1490 5107 omnibus

142 5162 335 5224 destituor:
360 5175 429 5218 non
453 5173 594 5236 possum
619 5153 759 5220 ulterius
782 5153 899 5218 obniti.
925 5153 1064 5219 Nullam
1089 5174 1177 5218 nunc
1200 5152 1281 5218 fidei
1302 5160 1362 5221 sed
1379 5159 1488 5223 solam

1534 4475 1669 4556 'Cautum
1685 4476 1838 4540 Imperato-

1517 4560 1557 4596 ris
1575 4560 1752 4610 responsum.
