4058 6178
61 1890 138 1944 ra.
230 1825 816 1957 EXPEDITIONIS
860 1828 1437 1959 AETHIOPICAE

508 2087 729 2195 LIBER
765 2090 1160 2200 SECUNDUS

710 2643 896 2722 CAPUT
923 2646 953 2720 1.

282 2932 643 3010 Patriarchae
685 2936 738 3010 in
779 2937 1064 3012 Dambeam
1104 2938 1377 3015 discessus

473 3078 633 3144 etcum
660 3071 912 3166 Imperatore
940 3093 1195 3167 congressus.

259 3434 287 3475 1.
321 3410 493 3494 Hyemem
524 3413 733 3497 Aethiopiae
768 3413 881 3479 iunius
911 3416 1059 3489 advehit,
1082 3418 1277 3497 september
1306 3419 1494 3500 extinguit3

157 3533 242 3594 viae
266 3538 384 3592 tamen
407 3550 428 3592 a
450 3549 558 3615 regno
580 3530 728 3615 Tigraeo
751 3534 784 3595 in
809 3532 1022 3596 Dambaeam
1047 3534 1274 3614 capessendae
1290 3534 1496 3596 incommodi

156 3658 244 3710 sunt
269 3646 412 3708 october
434 3657 469 3710 et
492 3649 644 3711 maxima
670 3668 752 3731 pars
781 3650 987 3722 novembris,
1018 3651 1142 3731 quibus
1171 3650 1199 3711 si
1229 3649 1307 3731 quis
1336 3669 1412 3712 eam
1436 3670 1495 3733 ag·

155 3763 265 3845 gredi
280 3764 473 3833 tentaverit,
497 3773 635 3845 oportet
652 3765 747 3845 prius
762 3782 839 3827 eum
856 3765 1006 3828 Libitina
1020 3774 1056 3828 et
1070 3763 1163 3828 Orco
1177 3764 1304 3827 habere
1319 3767 1494 3837 rationem,

155 3881 206 3942 ob
231 3878 361 3941 noxios
391 3877 519 3940 halitus
541 3898 587 3941 ex
610 3880 696 3941 locis
719 3881 937 3962 palustribus,
961 3891 995 3943 et
1017 3881 1290 3961 putrescentibus
1312 3880 1493 3943 herbarum

155 3995 299 4066 culmis,
323 3994 407 4055 solis
429 3992 519 4056 inter
553 4004 714 4057 montana
736 3997 911 4059 ardentius
936 3996 1119 4058 saevientis
1149 3993 1283 4059 fervore
1306 3997 1496 4059 concitatos

153 4122 194 4174 et
221 4108 312 4173 nulli
335 4127 403 4171 non
427 4108 558 4171 letales.
581 4106 692 4189 Quam
714 4112 761 4172 ob
784 4129 921 4173 causam
952 4110 1180 4181 Patriarchae,
1205 4122 1401 4174 senescente
1428 4113 1495 4175 iam

154 4224 364 4296 novembre,
387 4225 453 4287 iter
475 4221 540 4287 fuit
563 4226 844 4308 aggrediendum,
868 4245 945 4288 curn
973 4225 1039 4288 iam
1071 4227 1165 4307 prius
1194 4227 1380 4308 septembri
1414 4233 1495 4310 (quo

152 4354 322 4423 tempore
345 4341 380 4401 in
404 4338 592 4421 Aethiopia
614 4339 735 4424 Reges
757 4342 869 4404 solent
891 4341 936 4403 ad
959 4340 1051 4402 bella
1081 4341 1276 4423 procedere)
1308 4340 1497 4423 Imperator

152 4459 204 4521 ad
238 4453 398 4519 Semenis
428 4465 562 4517 montes
591 4467 703 4518 castra
738 4458 910 4527 movisset,
942 4457 986 4519 ad
1013 4453 1216 4519 fraenandos
1239 4455 1398 4527 Falernas,
1422 4460 1495 4521 sive

153 4573 322 4641 Iudaeos,
346 4590 393 4633 ex
408 4572 451 4634 iis
466 4568 619 4633 confines
634 4591 736 4653 agros
750 4572 973 4636 clandestinis
988 4571 1267 4654 praedationibus
1282 4571 1495 4637 infestantes.

152 4689 322 4751 Fratrem
346 4705 481 4768 quoque
504 4685 581 4748 Res
603 4684 685 4750 Sela
707 4684 861 4750 Christos
884 4690 917 4749 in
938 4687 1090 4750 Amarae
1102 4705 1243 4768 regnum
1259 4688 1436 4752 dimiserat
1452 4690 1495 4751 ad

151 4803 298 4868 bellum
321 4819 399 4863 cum
423 4798 495 4863 filio
518 4799 695 4882 Capraelis
717 4801 977 4865 terminandum.

257 4937 286 4980 2.
311 4914 407 4997 Quas
429 4916 517 4979 inter
540 4935 639 4979 curas
661 4916 767 4987 illam,
791 4936 877 4998 quae
901 4918 1012 4998 ipsum
1037 4936 1117 4999 prae
1141 4919 1264 4991 ceteris
1288 4920 1417 4987 urebat,
1432 4918 1495 4981 Pa·
1558 4928 1842 4991 mperatonsetttu

150 5031 337 5099 triarchae
360 5040 435 5092 tuto
457 5030 648 5094 deducendi
673 5032 862 5112 Imperator
889 5052 956 5094 non
985 5033 1151 5114 deposuit,
1180 5053 1255 5095 eam
1285 5035 1494 5115 provinciam
1522 4999 1652 5120 ἶὲαᾚο
1663 4999 1839 5049 Pammene

149 5147 379 5214 demandans
401 5147 528 5208 sororis
550 5148 665 5228 nepoti
689 5146 785 5209 Asca
808 5144 1010 5229 Gueorguis,
1035 5146 1112 5210 Ras
1135 5167 1216 5210 vero
1238 5145 1320 5212 Sele
1342 5145 1496 5211 Christos
