<?xml version="1.0" encoding="UTF-8"?>
<!DOCTYPE html PUBLIC "-//W3C//DTD XHTML 1.0 Transitional//EN"
    "http://www.w3.org/TR/xhtml1/DTD/xhtml1-transitional.dtd">
<html xmlns="http://www.w3.org/1999/xhtml" xml:lang="en" lang="en">
 <head>
  <title>
</title>
<meta http-equiv="Content-Type" content="text/html;charset=utf-8" />
  <meta name='ocr-system' content='tesseract 3.04.00' />
  <meta name='ocr-capabilities' content='ocr_page ocr_carea ocr_par ocr_line ocrx_word'/>
</head>
<body>
  <div class='ocr_page' id='page_1' title='image "./rerumaethiopica00beccgoog_0259.png"; bbox 0 0 4058 6178; ppageno 0'>
   <div class='ocr_carea' id='block_1_1' title="bbox 503 628 1493 696">
    <p class='ocr_par' dir='ltr' id='par_1_1' title="bbox 503 628 1493 696">
     <span class='ocr_line' id='line_1_1' title="bbox 503 628 1493 696; baseline 0.002 -18"><span class='ocrx_word' id='word_1_1' title='bbox 503 637 563 696; x_wconf 84' lang='lat'>190</span> <span class='ocrx_word' id='word_1_2' title='bbox 830 629 1104 680; x_wconf 81' lang='lat' dir='ltr'>EXPEDITIONIS</span> <span class='ocrx_word' id='word_1_3' title='bbox 1127 628 1389 680; x_wconf 78' lang='lat' dir='ltr'>AETIIIOPICAE</span> <span class='ocrx_word' id='word_1_4' title='bbox 1412 630 1493 681; x_wconf 86' lang='lat' dir='ltr'><strong>ETC.</strong></span> 
     </span>
    </p>
   </div>
   <div class='ocr_carea' id='block_1_2' title="bbox 151 775 2026 5259">
    <p class='ocr_par' dir='ltr' id='par_1_2' title="bbox 497 775 1829 1786">
     <span class='ocr_line' id='line_1_2' title="bbox 498 775 1826 862; baseline 0.002 -22"><span class='ocrx_word' id='word_1_5' title='bbox 498 779 632 843; x_wconf 80' lang='lat' dir='ltr'>illustre</span> <span class='ocrx_word' id='word_1_6' title='bbox 656 779 821 861; x_wconf 88' lang='lat' dir='ltr'>templum</span> <span class='ocrx_word' id='word_1_7' title='bbox 844 777 879 841; x_wconf 90' lang='lat' dir='ltr'>in</span> <span class='ocrx_word' id='word_1_8' title='bbox 894 778 1081 862; x_wconf 80' lang='lat' dir='ltr'>gratiarum</span> <span class='ocrx_word' id='word_1_9' title='bbox 1104 778 1189 841; x_wconf 84' lang='lat' dir='ltr'>tanti</span> <span class='ocrx_word' id='word_1_10' title='bbox 1205 775 1363 841; x_wconf 85' lang='lat' dir='ltr'>beneficii</span> <span class='ocrx_word' id='word_1_11' title='bbox 1379 778 1548 841; x_wconf 82' lang='lat' dir='ltr'>actionem</span> <span class='ocrx_word' id='word_1_12' title='bbox 1566 778 1674 861; x_wconf 89' lang='lat' dir='ltr'>ipsius</span> <span class='ocrx_word' id='word_1_13' title='bbox 1697 778 1826 843; x_wconf 90' lang='lat' dir='ltr'>nomini</span> 
     </span>
     <span class='ocr_line' id='line_1_3' title="bbox 497 892 1829 976; baseline 0 -19"><span class='ocrx_word' id='word_1_14' title='bbox 497 896 683 958; x_wconf 88' lang='lat' dir='ltr'>tolleretur.</span> <span class='ocrx_word' id='word_1_15' title='bbox 707 894 855 957; x_wconf 89' lang='lat' dir='ltr'>Tantum</span> <span class='ocrx_word' id='word_1_16' title='bbox 878 913 956 956; x_wconf 89' lang='lat' dir='ltr'>cum</span> <span class='ocrx_word' id='word_1_17' title='bbox 978 915 1011 976; x_wconf 92' lang='lat' dir='ltr'>p.</span> <span class='ocrx_word' id='word_1_18' title='bbox 1036 892 1193 956; x_wconf 83' lang='lat' dir='ltr'>Antonio</span> <span class='ocrx_word' id='word_1_19' title='bbox 1214 903 1295 956; x_wconf 89' lang='lat' dir='ltr'>tunc</span> <span class='ocrx_word' id='word_1_20' title='bbox 1313 895 1490 975; x_wconf 79' lang='lat' dir='ltr'>superiore</span> <span class='ocrx_word' id='word_1_21' title='bbox 1505 895 1633 957; x_wconf 87' lang='lat' dir='ltr'>duriter</span> <span class='ocrx_word' id='word_1_22' title='bbox 1651 896 1829 958; x_wconf 89' lang='lat' dir='ltr'>obnitente</span> 
     </span>
     <span class='ocr_line' id='line_1_4' title="bbox 497 1009 1827 1093; baseline 0 -19"><span class='ocrx_word' id='word_1_23' title='bbox 497 1020 636 1093; x_wconf 87' lang='lat' dir='ltr'>propter</span> <span class='ocrx_word' id='word_1_24' title='bbox 658 1011 825 1074; x_wconf 90' lang='lat' dir='ltr'>clamores</span> <span class='ocrx_word' id='word_1_25' title='bbox 848 1009 993 1081; x_wconf 92' lang='lat' dir='ltr'>illorum,</span> <span class='ocrx_word' id='word_1_26' title='bbox 1022 1009 1145 1091; x_wconf 91' lang='lat' dir='ltr'>quibus</span> <span class='ocrx_word' id='word_1_27' title='bbox 1173 1010 1279 1074; x_wconf 88' lang='lat' dir='ltr'>vicini</span> <span class='ocrx_word' id='word_1_28' title='bbox 1310 1011 1384 1092; x_wconf 81' lang='lat' dir='ltr'>agri</span> <span class='ocrx_word' id='word_1_29' title='bbox 1412 1020 1525 1073; x_wconf 88' lang='lat' dir='ltr'>essent</span> <span class='ocrx_word' id='word_1_30' title='bbox 1555 1011 1737 1083; x_wconf 89' lang='lat' dir='ltr'>avellendi,</span> <span class='ocrx_word' id='word_1_31' title='bbox 1760 1010 1827 1074; x_wconf 86' lang='lat' dir='ltr'>hac</span> 
     </span>
     <span class='ocr_line' id='line_1_5' title="bbox 498 1121 1825 1207; baseline 0 -19"><span class='ocrx_word' id='word_1_32' title='bbox 498 1127 541 1189; x_wconf 91' lang='lat' dir='ltr'>de</span> <span class='ocrx_word' id='word_1_33' title='bbox 564 1145 599 1189; x_wconf 89' lang='lat' dir='ltr'>re</span> <span class='ocrx_word' id='word_1_34' title='bbox 622 1126 767 1189; x_wconf 88' lang='lat' dir='ltr'>certavit</span> <span class='ocrx_word' id='word_1_35' title='bbox 789 1124 988 1207; x_wconf 89' lang='lat' dir='ltr'>Imperator,</span> <span class='ocrx_word' id='word_1_36' title='bbox 1012 1133 1050 1187; x_wconf 95' lang='lat' dir='ltr'>ut</span> <span class='ocrx_word' id='word_1_37' title='bbox 1073 1124 1139 1206; x_wconf 89' lang='lat' dir='ltr'>ipsi</span> <span class='ocrx_word' id='word_1_38' title='bbox 1162 1121 1265 1187; x_wconf 83' lang='lat' dir='ltr'>fuerit</span> <span class='ocrx_word' id='word_1_39' title='bbox 1287 1126 1512 1197; x_wconf 88' lang='lat' dir='ltr'>annuendum,</span> <span class='ocrx_word' id='word_1_40' title='bbox 1537 1134 1572 1187; x_wconf 90' lang='lat' dir='ltr'>et</span> <span class='ocrx_word' id='word_1_41' title='bbox 1598 1126 1717 1189; x_wconf 90' lang='lat' dir='ltr'>eodem</span> <span class='ocrx_word' id='word_1_42' title='bbox 1747 1144 1825 1188; x_wconf 90' lang='lat' dir='ltr'>cum</span> 
     </span>
     <span class='ocr_line' id='line_1_6' title="bbox 497 1239 1825 1324; baseline 0 -20"><span class='ocrx_word' id='word_1_43' title='bbox 497 1243 619 1305; x_wconf 82' lang='lat' dir='ltr'>aulicis</span> <span class='ocrx_word' id='word_1_44' title='bbox 641 1251 828 1324; x_wconf 82' lang='lat' dir='ltr'>praesente,</span> <span class='ocrx_word' id='word_1_45' title='bbox 852 1241 981 1323; x_wconf 91' lang='lat' dir='ltr'>primus</span> <span class='ocrx_word' id='word_1_46' title='bbox 1003 1239 1092 1322; x_wconf 87' lang='lat' dir='ltr'>lapis</span> <span class='ocrx_word' id='word_1_47' title='bbox 1114 1259 1135 1302; x_wconf 82' lang='lat' dir='ltr'>a</span> <span class='ocrx_word' id='word_1_48' title='bbox 1157 1239 1356 1304; x_wconf 85' lang='lat' dir='ltr'>Patrlarcba</span> <span class='ocrx_word' id='word_1_49' title='bbox 1379 1240 1524 1305; x_wconf 81' lang='lat' dir='ltr'>solemni</span> <span class='ocrx_word' id='word_1_50' title='bbox 1553 1242 1622 1305; x_wconf 89' lang='lat' dir='ltr'>ritu</span> <span class='ocrx_word' id='word_1_51' title='bbox 1652 1242 1825 1305; x_wconf 87' lang='lat' dir='ltr'>iaciendus</span> 
     </span>
     <span class='ocr_line' id='line_1_7' title="bbox 498 1345 1827 1440; baseline 0.002 -20"><span class='ocrx_word' id='word_1_52' title='bbox 498 1367 575 1440; x_wconf 87' lang='lat' dir='ltr'>post</span> <span class='ocrx_word' id='word_1_53' title='bbox 608 1356 787 1439; x_wconf 82' lang='lat' dir='ltr'>paschales</span> <span class='ocrx_word' id='word_1_54' title='bbox 819 1357 972 1420; x_wconf 87' lang='lat' dir='ltr'>eiusdem</span> <span class='ocrx_word' id='word_1_55' title='bbox 1006 1356 1086 1419; x_wconf 89' lang='lat' dir='ltr'>anni</span> <span class='ocrx_word' id='word_1_56' title='bbox 1124 1358 1206 1420; x_wconf 83' lang='lat'>1626</span> <span class='ocrx_word' id='word_1_57' title='bbox 1246 1345 1359 1430; x_wconf 83' lang='lat' dir='ltr'>ferias,</span> <span class='ocrx_word' id='word_1_58' title='bbox 1393 1358 1507 1439; x_wconf 85' lang='lat' dir='ltr'>operis</span> <span class='ocrx_word' id='word_1_59' title='bbox 1544 1357 1689 1421; x_wconf 86' lang='lat' dir='ltr'>daedalo</span> <span class='ocrx_word' id='word_1_60' title='bbox 1722 1355 1827 1422; x_wconf 86' lang='lat' dir='ltr'>fratre</span> 
     </span>
     <span class='ocr_line' id='line_1_8' title="bbox 499 1471 1827 1556; baseline 0 -20"><span class='ocrx_word' id='word_1_61' title='bbox 499 1472 625 1536; x_wconf 86' lang='lat' dir='ltr'>Ioanne</span> <span class='ocrx_word' id='word_1_62' title='bbox 655 1471 819 1537; x_wconf 72' lang='lat' dir='ltr'>Mat-tinio</span> <span class='ocrx_word' id='word_1_63' title='bbox 849 1472 1130 1536; x_wconf 82' lang='lat' dir='ltr'>architectonicas</span> <span class='ocrx_word' id='word_1_64' title='bbox 1158 1473 1342 1536; x_wconf 86' lang='lat' dir='ltr'>admodum</span> <span class='ocrx_word' id='word_1_65' title='bbox 1372 1474 1492 1555; x_wconf 78' lang='lat' dir='ltr'>perito,</span> <span class='ocrx_word' id='word_1_66' title='bbox 1518 1474 1578 1556; x_wconf 95' lang='lat' dir='ltr'>qui</span> <span class='ocrx_word' id='word_1_67' title='bbox 1604 1483 1781 1556; x_wconf 84' lang='lat' dir='ltr'>augustum</span> <span class='ocrx_word' id='word_1_68' title='bbox 1803 1493 1827 1537; x_wconf 93' lang='lat' dir='ltr'>e</span> 
     </span>
     <span class='ocr_line' id='line_1_9' title="bbox 499 1586 1822 1670; baseline 0 -20"><span class='ocrx_word' id='word_1_69' title='bbox 499 1586 628 1652; x_wconf 86' lang='lat' dir='ltr'>iomice</span> <span class='ocrx_word' id='word_1_70' title='bbox 650 1589 826 1670; x_wconf 89' lang='lat' dir='ltr'>templum,</span> <span class='ocrx_word' id='word_1_71' title='bbox 850 1598 883 1650; x_wconf 91' lang='lat' dir='ltr'>et</span> <span class='ocrx_word' id='word_1_72' title='bbox 905 1587 961 1650; x_wconf 93' lang='lat' dir='ltr'>cui</span> <span class='ocrx_word' id='word_1_73' title='bbox 983 1587 1096 1650; x_wconf 89' lang='lat' dir='ltr'>simile</span> <span class='ocrx_word' id='word_1_74' title='bbox 1119 1587 1249 1651; x_wconf 90' lang='lat' dir='ltr'>nullum</span> <span class='ocrx_word' id='word_1_75' title='bbox 1273 1589 1317 1651; x_wconf 92' lang='lat' dir='ltr'>ad</span> <span class='ocrx_word' id='word_1_76' title='bbox 1340 1607 1382 1651; x_wconf 87' lang='lat' dir='ltr'>ea</span> <span class='ocrx_word' id='word_1_77' title='bbox 1404 1599 1559 1670; x_wconf 90' lang='lat' dir='ltr'>tempora</span> <span class='ocrx_word' id='word_1_78' title='bbox 1574 1587 1693 1651; x_wconf 82' lang='lat' dir='ltr'>Indiae</span> <span class='ocrx_word' id='word_1_79' title='bbox 1707 1598 1822 1652; x_wconf 90' lang='lat' dir='ltr'>notum</span> 
     </span>
     <span class='ocr_line' id='line_1_10' title="bbox 500 1702 1138 1786; baseline -0.002 -20"><span class='ocrx_word' id='word_1_80' title='bbox 500 1702 618 1775; x_wconf 85' lang='lat' dir='ltr'>iuerat,</span> <span class='ocrx_word' id='word_1_81' title='bbox 642 1704 677 1766; x_wconf 90' lang='lat' dir='ltr'>in</span> <span class='ocrx_word' id='word_1_82' title='bbox 702 1703 821 1766; x_wconf 87' lang='lat' dir='ltr'>Diensi</span> <span class='ocrx_word' id='word_1_83' title='bbox 844 1703 994 1786; x_wconf 77' lang='lat' dir='ltr'>collegio</span> <span class='ocrx_word' id='word_1_84' title='bbox 1017 1705 1138 1766; x_wconf 82' lang='lat' dir='ltr'>erexit</span> 
     </span>
    </p>

    <p class='ocr_par' dir='ltr' id='par_1_3' title="bbox 174 1817 1827 1911">
     <span class='ocr_line' id='line_1_11' title="bbox 174 1817 1827 1911; baseline 0.002 -33"><span class='ocrx_word' id='word_1_85' title='bbox 174 1828 305 1911; x_wconf 65' lang='lat' dir='ltr'>¹attioris</span> <span class='ocrx_word' id='word_1_86' title='bbox 317 1827 413 1879; x_wconf 71' lang='lat' dir='ltr'>sacelli</span> <span class='ocrx_word' id='word_1_87' title='bbox 423 1829 471 1878; x_wconf 81' lang='lat' dir='ltr'>de-</span> <span class='ocrx_word' id='word_1_88' title='bbox 590 1840 617 1897; x_wconf 81' lang='lat'>3.</span> <span class='ocrx_word' id='word_1_89' title='bbox 642 1818 829 1882; x_wconf 88' lang='lat' dir='ltr'>Novembri</span> <span class='ocrx_word' id='word_1_90' title='bbox 852 1819 933 1881; x_wconf 86' lang='lat' dir='ltr'>anni</span> <span class='ocrx_word' id='word_1_91' title='bbox 960 1820 1052 1896; x_wconf 86' lang='lat'>1627,</span> <span class='ocrx_word' id='word_1_92' title='bbox 1078 1818 1187 1882; x_wconf 89' lang='lat' dir='ltr'>maius</span> <span class='ocrx_word' id='word_1_93' title='bbox 1209 1820 1328 1902; x_wconf 89' lang='lat' dir='ltr'>templi</span> <span class='ocrx_word' id='word_1_94' title='bbox 1345 1819 1509 1883; x_wconf 86' lang='lat' dir='ltr'>sacellum</span> <span class='ocrx_word' id='word_1_95' title='bbox 1535 1839 1638 1901; x_wconf 90' lang='lat' dir='ltr'>opere</span> <span class='ocrx_word' id='word_1_96' title='bbox 1660 1817 1827 1883; x_wconf 88' lang='lat' dir='ltr'>fornicato</span> 
     </span>
    </p>

    <p class='ocr_par' dir='ltr' id='par_1_4' title="bbox 151 1899 1830 3870">
     <span class='ocr_line' id='line_1_12' title="bbox 151 1899 1825 2019; baseline 0 -21"><span class='ocrx_word' id='word_1_97' title='bbox 151 1899 265 1950; x_wconf 73' lang='lat' dir='ltr'>mutio.</span> <span class='ocrx_word' id='word_1_98' title='bbox 460 1962 463 1967; x_wconf 42' lang='lat'><em>¹</em></span> <span class='ocrx_word' id='word_1_99' title='bbox 499 1936 691 1998; x_wconf 87' lang='lat' dir='ltr'>absolutum</span> <span class='ocrx_word' id='word_1_100' title='bbox 713 1935 869 2016; x_wconf 89' lang='lat' dir='ltr'>pluribus</span> <span class='ocrx_word' id='word_1_101' title='bbox 891 1935 1072 1998; x_wconf 87' lang='lat' dir='ltr'>caelaturis</span> <span class='ocrx_word' id='word_1_102' title='bbox 1094 1944 1128 1999; x_wconf 90' lang='lat' dir='ltr'>et</span> <span class='ocrx_word' id='word_1_103' title='bbox 1150 1934 1291 1999; x_wconf 90' lang='lat' dir='ltr'>floribus</span> <span class='ocrx_word' id='word_1_104' title='bbox 1314 1937 1530 2019; x_wconf 88' lang='lat' dir='ltr'>picturatum,</span> <span class='ocrx_word' id='word_1_105' title='bbox 1553 1936 1597 1998; x_wconf 90' lang='lat' dir='ltr'>ad</span> <span class='ocrx_word' id='word_1_106' title='bbox 1621 1936 1716 1999; x_wconf 85' lang='lat' dir='ltr'>cuius</span> <span class='ocrx_word' id='word_1_107' title='bbox 1745 1955 1825 1998; x_wconf 91' lang='lat' dir='ltr'>oon-</span> 
     </span>
     <span class='ocr_line' id='line_1_13' title="bbox 498 2050 1826 2133; baseline -0.001 -19"><span class='ocrx_word' id='word_1_108' title='bbox 498 2053 767 2133; x_wconf 86' lang='lat' dir='ltr'>templationem,</span> <span class='ocrx_word' id='word_1_109' title='bbox 791 2070 853 2114; x_wconf 89' lang='lat' dir='ltr'>ceu</span> <span class='ocrx_word' id='word_1_110' title='bbox 876 2051 926 2113; x_wconf 87' lang='lat' dir='ltr'>rei</span> <span class='ocrx_word' id='word_1_111' title='bbox 949 2050 1036 2114; x_wconf 91' lang='lat' dir='ltr'>adeo</span> <span class='ocrx_word' id='word_1_112' title='bbox 1058 2052 1246 2123; x_wconf 88' lang='lat' dir='ltr'>insolentis,</span> <span class='ocrx_word' id='word_1_113' title='bbox 1270 2052 1386 2133; x_wconf 89' lang='lat' dir='ltr'>plures</span> <span class='ocrx_word' id='word_1_114' title='bbox 1409 2052 1558 2133; x_wconf 90' lang='lat' dir='ltr'>undique</span> <span class='ocrx_word' id='word_1_115' title='bbox 1587 2052 1748 2114; x_wconf 88' lang='lat' dir='ltr'>mortales</span> <span class='ocrx_word' id='word_1_116' title='bbox 1770 2071 1826 2113; x_wconf 91' lang='lat' dir='ltr'>ac·</span> 
     </span>
     <span class='ocr_line' id='line_1_14' title="bbox 498 2164 1826 2254; baseline -0.001 -25"><span class='ocrx_word' id='word_1_117' title='bbox 498 2174 682 2237; x_wconf 88' lang='lat' dir='ltr'>currerunt,</span> <span class='ocrx_word' id='word_1_118' title='bbox 713 2167 773 2229; x_wconf 91' lang='lat' dir='ltr'>sed</span> <span class='ocrx_word' id='word_1_119' title='bbox 804 2164 924 2229; x_wconf 85' lang='lat' dir='ltr'>maiori</span> <span class='ocrx_word' id='word_1_120' title='bbox 955 2166 1213 2254; x_wconf 78' lang='lat' dir='ltr'>praecaeteris</span> <span class='ocrx_word' id='word_1_121' title='bbox 1241 2167 1419 2231; x_wconf 86' lang='lat' dir='ltr'>alacritate</span> <span class='ocrx_word' id='word_1_122' title='bbox 1450 2165 1640 2248; x_wconf 87' lang='lat' dir='ltr'>Imperator</span> <span class='ocrx_word' id='word_1_123' title='bbox 1665 2167 1708 2229; x_wconf 92' lang='lat' dir='ltr'>ad</span> <span class='ocrx_word' id='word_1_124' title='bbox 1731 2185 1826 2228; x_wconf 84' lang='lat' dir='ltr'>aram</span> 
     </span>
     <span class='ocr_line' id='line_1_15' title="bbox 497 2258 1827 2365; baseline -0.001 -20"><span class='ocrx_word' id='word_1_125' title='bbox 497 2283 692 2365; x_wconf 88' lang='lat' dir='ltr'>portatilem</span> <span class='ocrx_word' id='word_1_126' title='bbox 716 2282 749 2344; x_wconf 91' lang='lat' dir='ltr'>in</span> <span class='ocrx_word' id='word_1_127' title='bbox 775 2281 861 2345; x_wconf 91' lang='lat' dir='ltr'>illud</span> <span class='ocrx_word' id='word_1_128' title='bbox 888 2279 1109 2353; x_wconf 89' lang='lat' dir='ltr'>inferendam,</span> <span class='ocrx_word' id='word_1_129' title='bbox 1141 2302 1228 2363; x_wconf 92' lang='lat' dir='ltr'>quae</span> <span class='ocrx_word' id='word_1_130' title='bbox 1259 2285 1292 2345; x_wconf 93' lang='lat' dir='ltr'>in</span> <span class='ocrx_word' id='word_1_131' title='bbox 1316 2281 1505 2365; x_wconf 81' lang='lat' dir='ltr'>Aethiopia</span> <span class='ocrx_word' id='word_1_132' title='bbox 1535 2258 1750 2346; x_wconf 87' lang='lat' dir='ltr'>fundatorum</span> <span class='ocrx_word' id='word_1_133' title='bbox 1773 2292 1827 2344; x_wconf 90' lang='lat' dir='ltr'>est</span> 
     </span>
     <span class='ocr_line' id='line_1_16' title="bbox 498 2396 1825 2482; baseline -0.002 -21"><span class='ocrx_word' id='word_1_134' title='bbox 498 2400 748 2482; x_wconf 81' lang='lat' dir='ltr'>praerogativa.</span> <span class='ocrx_word' id='word_1_135' title='bbox 771 2396 894 2461; x_wconf 89' lang='lat' dir='ltr'>Electa</span> <span class='ocrx_word' id='word_1_136' title='bbox 916 2407 968 2461; x_wconf 90' lang='lat' dir='ltr'>est</span> <span class='ocrx_word' id='word_1_137' title='bbox 990 2400 1035 2461; x_wconf 93' lang='lat' dir='ltr'>ad</span> <span class='ocrx_word' id='word_1_138' title='bbox 1066 2397 1152 2461; x_wconf 89' lang='lat' dir='ltr'>illud</span> <span class='ocrx_word' id='word_1_139' title='bbox 1174 2399 1328 2461; x_wconf 88' lang='lat' dir='ltr'>solemne</span> <span class='ocrx_word' id='word_1_140' title='bbox 1351 2397 1426 2461; x_wconf 88' lang='lat' dir='ltr'>dies</span> <span class='ocrx_word' id='word_1_141' title='bbox 1451 2417 1489 2477; x_wconf 83' lang='lat'>²5</span> <span class='ocrx_word' id='word_1_142' title='bbox 1514 2397 1665 2461; x_wconf 87' lang='lat' dir='ltr'>eiusdem</span> <span class='ocrx_word' id='word_1_143' title='bbox 1690 2399 1825 2466; x_wconf 83' lang='lat' dir='ltr'>mensis,</span> 
     </span>
     <span class='ocr_line' id='line_1_17' title="bbox 497 2512 1829 2598; baseline -0.003 -20"><span class='ocrx_word' id='word_1_144' title='bbox 497 2516 624 2598; x_wconf 86' lang='lat' dir='ltr'>virgini</span> <span class='ocrx_word' id='word_1_145' title='bbox 647 2524 681 2576; x_wconf 85' lang='lat' dir='ltr'>ct</span> <span class='ocrx_word' id='word_1_146' title='bbox 704 2514 845 2596; x_wconf 86' lang='lat' dir='ltr'>martyri</span> <span class='ocrx_word' id='word_1_147' title='bbox 868 2512 1074 2577; x_wconf 78' lang='lat' dir='ltr'>catharinae</span> <span class='ocrx_word' id='word_1_148' title='bbox 1096 2530 1202 2586; x_wconf 84' lang='lat' dir='ltr'>sacra,</span> <span class='ocrx_word' id='word_1_149' title='bbox 1234 2523 1268 2576; x_wconf 85' lang='lat' dir='ltr'>et</span> <span class='ocrx_word' id='word_1_150' title='bbox 1291 2512 1535 2595; x_wconf 85' lang='lat' dir='ltr'>Imperatorem</span> <span class='ocrx_word' id='word_1_151' title='bbox 1566 2522 1682 2575; x_wconf 84' lang='lat' dir='ltr'>secuta</span> <span class='ocrx_word' id='word_1_152' title='bbox 1707 2514 1829 2595; x_wconf 81' lang='lat' dir='ltr'>ingens</span> 
     </span>
     <span class='ocr_line' id='line_1_18' title="bbox 498 2628 1827 2713; baseline -0.003 -20"><span class='ocrx_word' id='word_1_153' title='bbox 498 2629 688 2713; x_wconf 88' lang='lat' dir='ltr'>principum</span> <span class='ocrx_word' id='word_1_154' title='bbox 723 2639 757 2692; x_wconf 88' lang='lat' dir='ltr'>et</span> <span class='ocrx_word' id='word_1_155' title='bbox 793 2638 999 2695; x_wconf 86' lang='lat' dir='ltr'>summatum</span> <span class='ocrx_word' id='word_1_156' title='bbox 1033 2629 1216 2693; x_wconf 86' lang='lat' dir='ltr'>multitudo</span> <span class='ocrx_word' id='word_1_157' title='bbox 1245 2638 1280 2693; x_wconf 86' lang='lat' dir='ltr'>et</span> <span class='ocrx_word' id='word_1_158' title='bbox 1313 2628 1448 2709; x_wconf 78' lang='lat' dir='ltr'>aliquae</span> <span class='ocrx_word' id='word_1_159' title='bbox 1482 2628 1628 2690; x_wconf 90' lang='lat' dir='ltr'>militum</span> <span class='ocrx_word' id='word_1_160' title='bbox 1663 2628 1827 2711; x_wconf 70' lang='lat' dir='ltr'>legiones,</span> 
     </span>
     <span class='ocr_line' id='line_1_19' title="bbox 497 2743 1825 2828; baseline -0.002 -19"><span class='ocrx_word' id='word_1_161' title='bbox 497 2766 585 2828; x_wconf 87' lang='lat' dir='ltr'>quae</span> <span class='ocrx_word' id='word_1_162' title='bbox 608 2748 643 2808; x_wconf 91' lang='lat' dir='ltr'>in</span> <span class='ocrx_word' id='word_1_163' title='bbox 666 2745 755 2808; x_wconf 90' lang='lat' dir='ltr'>colle</span> <span class='ocrx_word' id='word_1_164' title='bbox 778 2747 923 2809; x_wconf 88' lang='lat' dir='ltr'>adverso</span> <span class='ocrx_word' id='word_1_165' title='bbox 945 2763 1053 2827; x_wconf 91' lang='lat' dir='ltr'>prope</span> <span class='ocrx_word' id='word_1_166' title='bbox 1075 2746 1245 2827; x_wconf 89' lang='lat' dir='ltr'>paludem,</span> <span class='ocrx_word' id='word_1_167' title='bbox 1269 2745 1327 2807; x_wconf 93' lang='lat' dir='ltr'>ubi</span> <span class='ocrx_word' id='word_1_168' title='bbox 1355 2746 1430 2825; x_wconf 88' lang='lat' dir='ltr'>ipsa</span> <span class='ocrx_word' id='word_1_169' title='bbox 1452 2743 1487 2806; x_wconf 93' lang='lat' dir='ltr'>in</span> <span class='ocrx_word' id='word_1_170' title='bbox 1517 2745 1627 2807; x_wconf 90' lang='lat' dir='ltr'>sinum</span> <span class='ocrx_word' id='word_1_171' title='bbox 1658 2754 1825 2814; x_wconf 89' lang='lat' dir='ltr'>arcuatur,</span> 
     </span>
     <span class='ocr_line' id='line_1_20' title="bbox 497 2857 1829 2941; baseline -0.003 -17"><span class='ocrx_word' id='word_1_172' title='bbox 497 2882 558 2925; x_wconf 88' lang='lat' dir='ltr'>sua</span> <span class='ocrx_word' id='word_1_173' title='bbox 580 2862 729 2925; x_wconf 90' lang='lat' dir='ltr'>tentoria</span> <span class='ocrx_word' id='word_1_174' title='bbox 750 2858 868 2924; x_wconf 81' lang='lat' dir='ltr'>fixere.</span> <span class='ocrx_word' id='word_1_175' title='bbox 891 2858 1021 2924; x_wconf 90' lang='lat' dir='ltr'>Omnes</span> <span class='ocrx_word' id='word_1_176' title='bbox 1044 2861 1147 2923; x_wconf 90' lang='lat' dir='ltr'>etiam</span> <span class='ocrx_word' id='word_1_177' title='bbox 1170 2869 1285 2941; x_wconf 86' lang='lat' dir='ltr'>patres</span> <span class='ocrx_word' id='word_1_178' title='bbox 1307 2880 1352 2922; x_wconf 82' lang='lat' dir='ltr'>ex</span> <span class='ocrx_word' id='word_1_179' title='bbox 1375 2858 1554 2922; x_wconf 86' lang='lat' dir='ltr'>Dambaca</span> <span class='ocrx_word' id='word_1_180' title='bbox 1576 2868 1611 2922; x_wconf 90' lang='lat' dir='ltr'>et</span> <span class='ocrx_word' id='word_1_181' title='bbox 1626 2857 1769 2923; x_wconf 85' lang='lat' dir='ltr'>Goiama</span> <span class='ocrx_word' id='word_1_182' title='bbox 1791 2870 1829 2920; x_wconf 95' lang='lat' dir='ltr'>et</span> 
     </span>
     <span class='ocr_line' id='line_1_21' title="bbox 498 2972 1829 3049; baseline -0.004 -8"><span class='ocrx_word' id='word_1_183' title='bbox 498 2977 705 3049; x_wconf 81' lang='lat' dir='ltr'>Patriarcba,</span> <span class='ocrx_word' id='word_1_184' title='bbox 737 2994 871 3039; x_wconf 88' lang='lat' dir='ltr'>sacrum</span> <span class='ocrx_word' id='word_1_185' title='bbox 901 2974 1054 3040; x_wconf 83' lang='lat' dir='ltr'>facturus</span> <span class='ocrx_word' id='word_1_186' title='bbox 1083 2984 1119 3038; x_wconf 85' lang='lat' dir='ltr'>et</span> <span class='ocrx_word' id='word_1_187' title='bbox 1148 2974 1346 3039; x_wconf 78' lang='lat' dir='ltr'>concionem</span> <span class='ocrx_word' id='word_1_188' title='bbox 1376 2975 1555 3038; x_wconf 85' lang='lat' dir='ltr'>habiturus</span> <span class='ocrx_word' id='word_1_189' title='bbox 1588 2977 1634 3037; x_wconf 89' lang='lat' dir='ltr'>ab</span> <span class='ocrx_word' id='word_1_190' title='bbox 1666 2972 1829 3038; x_wconf 83' lang='lat' dir='ltr'>Enirazio</span> 
     </span>
     <span class='ocr_line' id='line_1_22' title="bbox 498 3089 1826 3174; baseline -0.002 -18"><span class='ocrx_word' id='word_1_191' title='bbox 498 3093 647 3157; x_wconf 81' lang='lat' dir='ltr'>advenit.</span> <span class='ocrx_word' id='word_1_192' title='bbox 670 3093 859 3156; x_wconf 87' lang='lat' dir='ltr'>Iucundum</span> <span class='ocrx_word' id='word_1_193' title='bbox 882 3091 1009 3174; x_wconf 77' lang='lat' dir='ltr'>pariter</span> <span class='ocrx_word' id='word_1_194' title='bbox 1030 3101 1065 3155; x_wconf 89' lang='lat' dir='ltr'>et</span> <span class='ocrx_word' id='word_1_195' title='bbox 1087 3092 1210 3155; x_wconf 88' lang='lat' dir='ltr'>mirum</span> <span class='ocrx_word' id='word_1_196' title='bbox 1231 3091 1392 3155; x_wconf 88' lang='lat' dir='ltr'>omnibus</span> <span class='ocrx_word' id='word_1_197' title='bbox 1412 3091 1469 3154; x_wconf 91' lang='lat' dir='ltr'>bic</span> <span class='ocrx_word' id='word_1_198' title='bbox 1502 3089 1569 3154; x_wconf 81' lang='lat' dir='ltr'>fuit</span> <span class='ocrx_word' id='word_1_199' title='bbox 1595 3092 1826 3173; x_wconf 77' lang='lat' dir='ltr'>spectaculum</span> 
     </span>
     <span class='ocr_line' id='line_1_23' title="bbox 498 3206 1829 3292; baseline -0.003 -20"><span class='ocrx_word' id='word_1_200' title='bbox 498 3210 630 3272; x_wconf 85' lang='lat' dir='ltr'>lembus</span> <span class='ocrx_word' id='word_1_201' title='bbox 652 3210 787 3292; x_wconf 76' lang='lat' dir='ltr'>ligneus</span> <span class='ocrx_word' id='word_1_202' title='bbox 809 3209 854 3270; x_wconf 85' lang='lat' dir='ltr'>ab</span> <span class='ocrx_word' id='word_1_203' title='bbox 875 3208 996 3270; x_wconf 88' lang='lat' dir='ltr'>eodem</span> <span class='ocrx_word' id='word_1_204' title='bbox 1020 3208 1206 3271; x_wconf 86' lang='lat' dir='ltr'>architecto</span> <span class='ocrx_word' id='word_1_205' title='bbox 1227 3216 1436 3290; x_wconf 79' lang='lat' dir='ltr'>compactus,</span> <span class='ocrx_word' id='word_1_206' title='bbox 1463 3208 1566 3271; x_wconf 78' lang='lat' dir='ltr'>remla</span> <span class='ocrx_word' id='word_1_207' title='bbox 1595 3224 1637 3269; x_wconf 85' lang='lat' dir='ltr'>ac</span> <span class='ocrx_word' id='word_1_208' title='bbox 1666 3206 1754 3269; x_wconf 86' lang='lat' dir='ltr'>velis</span> <span class='ocrx_word' id='word_1_209' title='bbox 1775 3207 1829 3268; x_wconf 90' lang='lat' dir='ltr'>in·</span> 
     </span>
     <span class='ocr_line' id='line_1_24' title="bbox 497 3322 1828 3405; baseline -0.003 -16"><span class='ocrx_word' id='word_1_210' title='bbox 497 3335 653 3397; x_wconf 71' lang='lat' dir='ltr'>metus,</span> <span class='ocrx_word' id='word_1_211' title='bbox 677 3334 712 3387; x_wconf 89' lang='lat' dir='ltr'>et</span> <span class='ocrx_word' id='word_1_212' title='bbox 735 3324 769 3385; x_wconf 88' lang='lat' dir='ltr'>in</span> <span class='ocrx_word' id='word_1_213' title='bbox 794 3324 893 3386; x_wconf 87' lang='lat' dir='ltr'>dulce</span> <span class='ocrx_word' id='word_1_214' title='bbox 915 3323 1001 3386; x_wconf 90' lang='lat' dir='ltr'>illud</span> <span class='ocrx_word' id='word_1_215' title='bbox 1025 3340 1118 3386; x_wconf 87' lang='lat' dir='ltr'>mare</span> <span class='ocrx_word' id='word_1_216' title='bbox 1142 3324 1259 3395; x_wconf 70' lang='lat' dir='ltr'>iactus</span> <span class='ocrx_word' id='word_1_217' title='bbox 1273 3324 1342 3405; x_wconf 86' lang='lat' dir='ltr'>qui,</span> <span class='ocrx_word' id='word_1_218' title='bbox 1363 3322 1392 3385; x_wconf 88' lang='lat' dir='ltr'>sl</span> <span class='ocrx_word' id='word_1_219' title='bbox 1407 3323 1497 3385; x_wconf 83' lang='lat' dir='ltr'>velis</span> <span class='ocrx_word' id='word_1_220' title='bbox 1511 3340 1598 3404; x_wconf 87' lang='lat' dir='ltr'>opus</span> <span class='ocrx_word' id='word_1_221' title='bbox 1623 3332 1725 3391; x_wconf 83' lang='lat' dir='ltr'>esset,</span> <span class='ocrx_word' id='word_1_222' title='bbox 1740 3323 1828 3385; x_wconf 85' lang='lat' dir='ltr'>bene</span> 
     </span>
     <span class='ocr_line' id='line_1_25' title="bbox 498 3438 1827 3520; baseline -0.002 -17"><span class='ocrx_word' id='word_1_223' title='bbox 498 3442 673 3504; x_wconf 89' lang='lat' dir='ltr'>minimam</span> <span class='ocrx_word' id='word_1_224' title='bbox 696 3440 740 3502; x_wconf 80' lang='lat' dir='ltr'>ad</span> <span class='ocrx_word' id='word_1_225' title='bbox 763 3458 880 3501; x_wconf 91' lang='lat' dir='ltr'>auram</span> <span class='ocrx_word' id='word_1_226' title='bbox 904 3440 1062 3513; x_wconf 84' lang='lat' dir='ltr'>volabat;</span> <span class='ocrx_word' id='word_1_227' title='bbox 1084 3441 1113 3502; x_wconf 96' lang='lat' dir='ltr'>si</span> <span class='ocrx_word' id='word_1_228' title='bbox 1137 3440 1251 3512; x_wconf 85' lang='lat' dir='ltr'>remis,</span> <span class='ocrx_word' id='word_1_229' title='bbox 1272 3440 1338 3502; x_wconf 82' lang='lat' dir='ltr'>iter</span> <span class='ocrx_word' id='word_1_230' title='bbox 1352 3438 1515 3520; x_wconf 85' lang='lat' dir='ltr'>expedite</span> <span class='ocrx_word' id='word_1_231' title='bbox 1541 3438 1732 3520; x_wconf 75' lang='lat' dir='ltr'>remigibus</span> <span class='ocrx_word' id='word_1_232' title='bbox 1755 3456 1827 3500; x_wconf 85' lang='lat' dir='ltr'>car·</span> 
     </span>
     <span class='ocr_line' id='line_1_26' title="bbox 497 3553 1830 3637; baseline -0.003 -18"><span class='ocrx_word' id='word_1_233' title='bbox 497 3557 610 3637; x_wconf 75' lang='lat' dir='ltr'>pebat.</span> <span class='ocrx_word' id='word_1_234' title='bbox 635 3554 747 3617; x_wconf 85' lang='lat' dir='ltr'>Nemo</span> <span class='ocrx_word' id='word_1_235' title='bbox 768 3553 860 3617; x_wconf 86' lang='lat' dir='ltr'>enirn</span> <span class='ocrx_word' id='word_1_236' title='bbox 884 3554 917 3616; x_wconf 88' lang='lat' dir='ltr'>iu</span> <span class='ocrx_word' id='word_1_237' title='bbox 941 3572 985 3617; x_wconf 84' lang='lat' dir='ltr'>oo</span> <span class='ocrx_word' id='word_1_238' title='bbox 1006 3555 1092 3617; x_wconf 85' lang='lat' dir='ltr'>mari</span> <span class='ocrx_word' id='word_1_239' title='bbox 1114 3554 1172 3618; x_wconf 88' lang='lat' dir='ltr'>vel</span> <span class='ocrx_word' id='word_1_240' title='bbox 1195 3554 1282 3627; x_wconf 85' lang='lat' dir='ltr'>aliis,</span> <span class='ocrx_word' id='word_1_241' title='bbox 1306 3570 1394 3637; x_wconf 85' lang='lat' dir='ltr'>quae</span> <span class='ocrx_word' id='word_1_242' title='bbox 1416 3554 1578 3637; x_wconf 69' lang='lat' dir='ltr'>regiones</span> <span class='ocrx_word' id='word_1_243' title='bbox 1602 3553 1734 3634; x_wconf 85' lang='lat' dir='ltr'>aliquas</span> <span class='ocrx_word' id='word_1_244' title='bbox 1758 3573 1830 3616; x_wconf 87' lang='lat' dir='ltr'>me·</span> 
     </span>
     <span class='ocr_line' id='line_1_27' title="bbox 497 3668 1828 3755; baseline 0.002 -20"><span class='ocrx_word' id='word_1_245' title='bbox 497 3672 709 3735; x_wconf 83' lang='lat' dir='ltr'>diterraneas</span> <span class='ocrx_word' id='word_1_246' title='bbox 730 3670 873 3741; x_wconf 84' lang='lat' dir='ltr'>alluunt,</span> <span class='ocrx_word' id='word_1_247' title='bbox 896 3688 1045 3751; x_wconf 79' lang='lat' dir='ltr'>uuquam</span> <span class='ocrx_word' id='word_1_248' title='bbox 1068 3670 1205 3734; x_wconf 86' lang='lat' dir='ltr'>lintrem</span> <span class='ocrx_word' id='word_1_249' title='bbox 1228 3692 1248 3734; x_wconf 87' lang='lat' dir='ltr'>e</span> <span class='ocrx_word' id='word_1_250' title='bbox 1270 3671 1386 3755; x_wconf 77' lang='lat' dir='ltr'>lignis,</span> <span class='ocrx_word' id='word_1_251' title='bbox 1409 3670 1470 3733; x_wconf 84' lang='lat' dir='ltr'>sod</span> <span class='ocrx_word' id='word_1_252' title='bbox 1492 3668 1664 3751; x_wconf 82' lang='lat' dir='ltr'>plicatiles</span> <span class='ocrx_word' id='word_1_253' title='bbox 1686 3679 1828 3737; x_wconf 83' lang='lat' dir='ltr'>tantum.</span> 
     </span>
     <span class='ocr_line' id='line_1_28' title="bbox 497 3787 1281 3870; baseline 0.001 -21"><span class='ocrx_word' id='word_1_254' title='bbox 497 3804 632 3870; x_wconf 86' lang='lat' dir='ltr'>papyro</span> <span class='ocrx_word' id='word_1_255' title='bbox 654 3795 688 3849; x_wconf 88' lang='lat' dir='ltr'>et</span> <span class='ocrx_word' id='word_1_256' title='bbox 710 3787 813 3849; x_wconf 89' lang='lat' dir='ltr'>iunco</span> <span class='ocrx_word' id='word_1_257' title='bbox 834 3804 954 3858; x_wconf 76' lang='lat' dir='ltr'>nexos,</span> <span class='ocrx_word' id='word_1_258' title='bbox 978 3795 1032 3849; x_wconf 86' lang='lat' dir='ltr'>est</span> <span class='ocrx_word' id='word_1_259' title='bbox 1054 3788 1281 3868; x_wconf 76' lang='lat' dir='ltr'>conspicatus</span> 
     </span>
    </p>

    <p class='ocr_par' dir='ltr' id='par_1_5' title="bbox 188 3899 1830 3985">
     <span class='ocr_line' id='line_1_29' title="bbox 188 3899 1830 3985; baseline 0 -21"><span class='ocrx_word' id='word_1_260' title='bbox 188 3914 291 3964; x_wconf 75' lang='lat' dir='ltr'>sacelli</span> <span class='ocrx_word' id='word_1_261' title='bbox 321 3929 354 3965; x_wconf 74' lang='lat' dir='ltr'>ex</span> <span class='ocrx_word' id='word_1_262' title='bbox 386 3928 471 3978; x_wconf 75' lang='lat' dir='ltr'>opere</span> <span class='ocrx_word' id='word_1_263' title='bbox 592 3925 623 3980; x_wconf 82' lang='lat'>4.</span> <span class='ocrx_word' id='word_1_264' title='bbox 646 3901 792 3966; x_wconf 86' lang='lat' dir='ltr'>Noctem</span> <span class='ocrx_word' id='word_1_265' title='bbox 823 3902 919 3965; x_wconf 86' lang='lat' dir='ltr'>illam</span> <span class='ocrx_word' id='word_1_266' title='bbox 951 3902 1059 3964; x_wconf 88' lang='lat' dir='ltr'>multa</span> <span class='ocrx_word' id='word_1_267' title='bbox 1089 3903 1180 3985; x_wconf 78' lang='lat' dir='ltr'>ignis</span> <span class='ocrx_word' id='word_1_268' title='bbox 1209 3899 1334 3965; x_wconf 79' lang='lat' dir='ltr'>factitii</span> <span class='ocrx_word' id='word_1_269' title='bbox 1362 3901 1636 3964; x_wconf 78' lang='lat' dir='ltr'>machinamenta</span> <span class='ocrx_word' id='word_1_270' title='bbox 1665 3900 1830 3964; x_wconf 66' lang='lat' dir='ltr'>montem</span> 
     </span>
    </p>

    <p class='ocr_par' dir='ltr' id='par_1_6' title="bbox 153 3984 2026 5259">
     <span class='ocr_line' id='line_1_30' title="bbox 153 3984 1827 4118; baseline -0.001 -40"><span class='ocrx_word' id='word_1_271' title='bbox 153 3984 302 4118; x_wconf 55' lang='lat' dir='ltr'>{m}</span> <span class='ocrx_word' id='word_1_272' title='bbox 315 3985 427 4037; x_wconf 72' lang='lat'>¹²⁰&#39;¹“·</span> <span class='ocrx_word' id='word_1_273' title='bbox 444 3995 472 4036; x_wconf 75' lang='lat'><strong>“</strong></span> <span class='ocrx_word' id='word_1_274' title='bbox 498 4017 688 4089; x_wconf 59' lang='lat' dir='ltr'>leduinus,</span> <span class='ocrx_word' id='word_1_275' title='bbox 710 4016 842 4080; x_wconf 65' lang='lat' dir='ltr'>ernam</span> <span class='ocrx_word' id='word_1_276' title='bbox 863 4017 1065 4081; x_wconf 64' lang='lat' dir='ltr'>ammaum</span> <span class='ocrx_word' id='word_1_277' title='bbox 1088 4017 1299 4087; x_wconf 70' lang='lat' dir='ltr'>internodia,</span> <span class='ocrx_word' id='word_1_278' title='bbox 1314 4017 1457 4098; x_wconf 66' lang='lat' dir='ltr'>pulvere</span> <span class='ocrx_word' id='word_1_279' title='bbox 1482 3990 1704 4079; x_wconf 65' lang='lat' dir='ltr'>ormam</span> <span class='ocrx_word' id='word_1_280' title='bbox 1719 4012 1827 4087; x_wconf 62' lang='lat' dir='ltr'>fuas,</span> 
     </span>
     <span class='ocr_line' id='line_1_31' title="bbox 499 4131 1827 4215; baseline 0 -22"><span class='ocrx_word' id='word_1_281' title='bbox 499 4133 534 4194; x_wconf 92' lang='lat' dir='ltr'>in</span> <span class='ocrx_word' id='word_1_282' title='bbox 557 4133 664 4196; x_wconf 90' lang='lat' dir='ltr'>altum</span> <span class='ocrx_word' id='word_1_283' title='bbox 686 4134 882 4196; x_wconf 87' lang='lat' dir='ltr'>volantibus</span> <span class='ocrx_word' id='word_1_284' title='bbox 904 4143 938 4197; x_wconf 88' lang='lat' dir='ltr'>et</span> <span class='ocrx_word' id='word_1_285' title='bbox 963 4132 1041 4196; x_wconf 89' lang='lat' dir='ltr'>inde</span> <span class='ocrx_word' id='word_1_286' title='bbox 1063 4141 1142 4214; x_wconf 90' lang='lat' dir='ltr'>post</span> <span class='ocrx_word' id='word_1_287' title='bbox 1165 4131 1337 4215; x_wconf 80' lang='lat' dir='ltr'>ingentem</span> <span class='ocrx_word' id='word_1_288' title='bbox 1368 4132 1534 4214; x_wconf 87' lang='lat' dir='ltr'>crepitum</span> <span class='ocrx_word' id='word_1_289' title='bbox 1563 4133 1680 4214; x_wconf 81' lang='lat' dir='ltr'>plures</span> <span class='ocrx_word' id='word_1_290' title='bbox 1709 4131 1827 4194; x_wconf 81' lang='lat' dir='ltr'>stellas</span> 
     </span>
     <span class='ocr_line' id='line_1_32' title="bbox 498 4247 1826 4331; baseline 0 -21"><span class='ocrx_word' id='word_1_291' title='bbox 498 4247 720 4320; x_wconf 68' lang='lat' dir='ltr'>vibrantibus,</span> <span class='ocrx_word' id='word_1_292' title='bbox 744 4258 778 4312; x_wconf 83' lang='lat' dir='ltr'>et</span> <span class='ocrx_word' id='word_1_293' title='bbox 801 4250 879 4313; x_wconf 81' lang='lat' dir='ltr'>aliis</span> <span class='ocrx_word' id='word_1_294' title='bbox 901 4248 996 4311; x_wconf 85' lang='lat' dir='ltr'>humi</span> <span class='ocrx_word' id='word_1_295' title='bbox 1019 4248 1225 4331; x_wconf 74' lang='lat' dir='ltr'>repentibus</span> <span class='ocrx_word' id='word_1_296' title='bbox 1248 4257 1282 4310; x_wconf 86' lang='lat' dir='ltr'>et</span> <span class='ocrx_word' id='word_1_297' title='bbox 1305 4249 1340 4310; x_wconf 88' lang='lat' dir='ltr'>in</span> <span class='ocrx_word' id='word_1_298' title='bbox 1368 4247 1614 4331; x_wconf 72' lang='lat' dir='ltr'>negligentium</span> <span class='ocrx_word' id='word_1_299' title='bbox 1641 4247 1748 4328; x_wconf 77' lang='lat' dir='ltr'>pedes</span> <span class='ocrx_word' id='word_1_300' title='bbox 1773 4266 1826 4310; x_wconf 89' lang='lat' dir='ltr'>er·</span> 
     </span>
     <span class='ocr_line' id='line_1_33' title="bbox 498 4362 1823 4446; baseline 0.001 -22"><span class='ocrx_word' id='word_1_301' title='bbox 498 4365 606 4425; x_wconf 88' lang='lat' dir='ltr'>ratico</span> <span class='ocrx_word' id='word_1_302' title='bbox 629 4365 726 4446; x_wconf 85' lang='lat' dir='ltr'>lapsu</span> <span class='ocrx_word' id='word_1_303' title='bbox 748 4364 914 4427; x_wconf 81' lang='lat' dir='ltr'>insidiose</span> <span class='ocrx_word' id='word_1_304' title='bbox 933 4364 1179 4428; x_wconf 80' lang='lat' dir='ltr'>assultantibus</span> <span class='ocrx_word' id='word_1_305' title='bbox 1200 4372 1235 4427; x_wconf 84' lang='lat' dir='ltr'>et</span> <span class='ocrx_word' id='word_1_306' title='bbox 1257 4363 1397 4426; x_wconf 87' lang='lat' dir='ltr'>tandem</span> <span class='ocrx_word' id='word_1_307' title='bbox 1412 4363 1491 4426; x_wconf 84' lang='lat' dir='ltr'>aliis</span> <span class='ocrx_word' id='word_1_308' title='bbox 1505 4372 1600 4425; x_wconf 80' lang='lat' dir='ltr'>rotae</span> <span class='ocrx_word' id='word_1_309' title='bbox 1622 4362 1823 4435; x_wconf 81' lang='lat' dir='ltr'>substrictis,</span> 
     </span>
     <span class='ocr_line' id='line_1_34' title="bbox 498 4476 2026 4567; baseline -0.001 -26"><span class='ocrx_word' id='word_1_310' title='bbox 498 4488 532 4541; x_wconf 82' lang='lat' dir='ltr'>et</span> <span class='ocrx_word' id='word_1_311' title='bbox 557 4480 592 4541; x_wconf 87' lang='lat' dir='ltr'>iu</span> <span class='ocrx_word' id='word_1_312' title='bbox 615 4494 741 4562; x_wconf 77' lang='lat' dir='ltr'>gyrum</span> <span class='ocrx_word' id='word_1_313' title='bbox 763 4481 857 4563; x_wconf 82' lang='lat' dir='ltr'>ignis</span> <span class='ocrx_word' id='word_1_314' title='bbox 879 4480 1094 4561; x_wconf 78' lang='lat' dir='ltr'>impatientia</span> <span class='ocrx_word' id='word_1_315' title='bbox 1122 4480 1326 4543; x_wconf 84' lang='lat' dir='ltr'>convolutis.</span> <span class='ocrx_word' id='word_1_316' title='bbox 1356 4476 1522 4560; x_wconf 79' lang='lat' dir='ltr'>Sequenti</span> <span class='ocrx_word' id='word_1_317' title='bbox 1550 4478 1607 4541; x_wconf 86' lang='lat' dir='ltr'>die</span> <span class='ocrx_word' id='word_1_318' title='bbox 1637 4477 1829 4560; x_wconf 81' lang='lat' dir='ltr'>Imperator</span> <span class='ocrx_word' id='word_1_319' title='bbox 2025 4558 2026 4567; x_wconf 8' lang='grc' dir='ltr'>ἵ</span> 
     </span>
     <span class='ocr_line' id='line_1_35' title="bbox 498 4593 1828 4677; baseline 0.001 -21"><span class='ocrx_word' id='word_1_320' title='bbox 498 4594 616 4675; x_wconf 89' lang='lat' dir='ltr'>procul</span> <span class='ocrx_word' id='word_1_321' title='bbox 647 4614 668 4657; x_wconf 82' lang='lat' dir='ltr'>a</span> <span class='ocrx_word' id='word_1_322' title='bbox 696 4596 817 4677; x_wconf 84' lang='lat' dir='ltr'>templi</span> <span class='ocrx_word' id='word_1_323' title='bbox 845 4593 985 4667; x_wconf 68' lang='lat' dir='ltr'>foribus</span> <span class='ocrx_word' id='word_1_324' title='bbox 1017 4612 1105 4677; x_wconf 76' lang='lat' dir='ltr'>aquo</span> <span class='ocrx_word' id='word_1_325' title='bbox 1135 4596 1359 4667; x_wconf 72' lang='lat' dir='ltr'>execandam,</span> <span class='ocrx_word' id='word_1_326' title='bbox 1390 4595 1425 4657; x_wconf 92' lang='lat' dir='ltr'>in</span> <span class='ocrx_word' id='word_1_327' title='bbox 1456 4593 1543 4656; x_wconf 85' lang='lat' dir='ltr'>illud</span> <span class='ocrx_word' id='word_1_328' title='bbox 1573 4610 1612 4656; x_wconf 84' lang='lat' dir='ltr'>so</span> <span class='ocrx_word' id='word_1_329' title='bbox 1641 4593 1764 4665; x_wconf 76' lang='lat' dir='ltr'>intulit,</span> <span class='ocrx_word' id='word_1_330' title='bbox 1792 4606 1828 4658; x_wconf 82' lang='lat' dir='ltr'>et</span> 
     </span>
     <span class='ocr_line' id='line_1_36' title="bbox 497 4704 1826 4793; baseline -0.002 -20"><span class='ocrx_word' id='word_1_331' title='bbox 497 4719 578 4792; x_wconf 85' lang='lat' dir='ltr'>post</span> <span class='ocrx_word' id='word_1_332' title='bbox 588 4711 724 4773; x_wconf 83' lang='lat' dir='ltr'>oblatas</span> <span class='ocrx_word' id='word_1_333' title='bbox 734 4710 810 4773; x_wconf 91' lang='lat' dir='ltr'>Deo</span> <span class='ocrx_word' id='word_1_334' title='bbox 821 4726 942 4793; x_wconf 84' lang='lat' dir='ltr'>proces</span> <span class='ocrx_word' id='word_1_335' title='bbox 954 4712 1074 4774; x_wconf 85' lang='lat' dir='ltr'>oculos</span> <span class='ocrx_word' id='word_1_336' title='bbox 1083 4710 1273 4774; x_wconf 71' lang='lat' dir='ltr'>nonmalil</span> <span class='ocrx_word' id='word_1_337' title='bbox 1285 4708 1319 4773; x_wconf 91' lang='lat' dir='ltr'>in</span> <span class='ocrx_word' id='word_1_338' title='bbox 1331 4712 1543 4773; x_wconf 76' lang='lat' dir='ltr'>bracteatum</span> <span class='ocrx_word' id='word_1_339' title='bbox 1553 4710 1744 4791; x_wconf 79' lang='lat' dir='ltr'>patientum</span> <span class='ocrx_word' id='word_1_340' title='bbox 1752 4704 1826 4789; x_wconf 65' lang='lat' dir='ltr'>[sac]</span> 
     </span>
     <span class='ocr_line' id='line_1_37' title="bbox 497 4820 1970 4908; baseline -0.006 -18"><span class='ocrx_word' id='word_1_341' title='bbox 497 4836 653 4890; x_wconf 85' lang='lat' dir='ltr'>ornatum</span> <span class='ocrx_word' id='word_1_342' title='bbox 676 4828 737 4889; x_wconf 88' lang='lat' dir='ltr'>sed</span> <span class='ocrx_word' id='word_1_343' title='bbox 760 4829 794 4889; x_wconf 91' lang='lat' dir='ltr'>in</span> <span class='ocrx_word' id='word_1_344' title='bbox 818 4824 960 4891; x_wconf 76' lang='lat' dir='ltr'>formeis</span> <span class='ocrx_word' id='word_1_345' title='bbox 981 4824 1145 4890; x_wconf 73' lang='lat' dir='ltr'>tes&#39;seras</span> <span class='ocrx_word' id='word_1_346' title='bbox 1167 4827 1516 4908; x_wconf 79' lang='lat' dir='ltr'>incruststionemque</span> <span class='ocrx_word' id='word_1_347' title='bbox 1533 4823 1698 4908; x_wconf 62' lang='lat' dir='ltr'>dfflgeus,</span> <span class='ocrx_word' id='word_1_348' title='bbox 1714 4820 1827 4906; x_wconf 72' lang='lat' dir='ltr'>operi·</span> <span class='ocrx_word' id='word_1_349' title='bbox 1857 4833 1880 4885; x_wconf 78' lang='lat' dir='ltr'>r.</span> <span class='ocrx_word' id='word_1_350' title='bbox 1898 4844 1970 4895; x_wconf 60' lang='lat'>9¹³·</span> 
     </span>
     <span class='ocr_line' id='line_1_38' title="bbox 498 4939 1825 5023; baseline 0 -20"><span class='ocrx_word' id='word_1_351' title='bbox 498 4943 684 5004; x_wconf 79' lang='lat' dir='ltr'>novitatem</span> <span class='ocrx_word' id='word_1_352' title='bbox 706 4953 741 5005; x_wconf 85' lang='lat' dir='ltr'>ct</span> <span class='ocrx_word' id='word_1_353' title='bbox 767 4943 1010 5007; x_wconf 79' lang='lat' dir='ltr'>excellentiam</span> <span class='ocrx_word' id='word_1_354' title='bbox 1038 4942 1234 5004; x_wconf 79' lang='lat' dir='ltr'>mirabatur.</span> <span class='ocrx_word' id='word_1_355' title='bbox 1266 4941 1352 5004; x_wconf 78' lang='lat' dir='ltr'>Inda</span> <span class='ocrx_word' id='word_1_356' title='bbox 1380 4940 1425 5003; x_wconf 82' lang='lat' dir='ltr'>ad</span> <span class='ocrx_word' id='word_1_357' title='bbox 1454 4939 1631 5023; x_wconf 71' lang='lat' dir='ltr'>antiquum</span> <span class='ocrx_word' id='word_1_358' title='bbox 1661 4942 1825 5023; x_wconf 78' lang='lat' dir='ltr'>templum</span> 
     </span>
     <span class='ocr_line' id='line_1_39' title="bbox 497 5056 1825 5140; baseline 0 -21"><span class='ocrx_word' id='word_1_359' title='bbox 497 5058 667 5121; x_wconf 73' lang='lat' dir='ltr'>cubricum</span> <span class='ocrx_word' id='word_1_360' title='bbox 690 5068 724 5121; x_wconf 82' lang='lat' dir='ltr'>ot</span> <span class='ocrx_word' id='word_1_361' title='bbox 747 5076 809 5121; x_wconf 83' lang='lat' dir='ltr'>suo</span> <span class='ocrx_word' id='word_1_362' title='bbox 832 5074 925 5121; x_wconf 83' lang='lat' dir='ltr'>ruore</span> <span class='ocrx_word' id='word_1_363' title='bbox 948 5057 1130 5121; x_wconf 83' lang='lat' dir='ltr'>rotundum</span> <span class='ocrx_word' id='word_1_364' title='bbox 1153 5057 1336 5140; x_wconf 76' lang='lat' dir='ltr'>digressus</span> <span class='ocrx_word' id='word_1_365' title='bbox 1361 5058 1399 5120; x_wconf 76' lang='lat' dir='ltr'>ir</span> <span class='ocrx_word' id='word_1_366' title='bbox 1423 5076 1467 5121; x_wconf 87' lang='lat' dir='ltr'>eo</span> <span class='ocrx_word' id='word_1_367' title='bbox 1494 5074 1589 5120; x_wconf 79' lang='lat' dir='ltr'>aram</span> <span class='ocrx_word' id='word_1_368' title='bbox 1620 5056 1825 5139; x_wconf 70' lang='lat' dir='ltr'>potestibus,</span> 
     </span>
     <span class='ocr_line' id='line_1_40' title="bbox 497 5172 1827 5259; baseline 0 -23"><span class='ocrx_word' id='word_1_369' title='bbox 497 5175 616 5238; x_wconf 88' lang='lat' dir='ltr'>multis</span> <span class='ocrx_word' id='word_1_370' title='bbox 636 5175 833 5238; x_wconf 71' lang='lat' dir='ltr'>obvelatam</span> <span class='ocrx_word' id='word_1_371' title='bbox 853 5175 1061 5257; x_wconf 70' lang='lat' dir='ltr'>tegumentis</span> <span class='ocrx_word' id='word_1_372' title='bbox 1075 5188 1158 5256; x_wconf 78' lang='lat' dir='ltr'>prae</span> <span class='ocrx_word' id='word_1_373' title='bbox 1173 5173 1333 5236; x_wconf 79' lang='lat' dir='ltr'>manibus</span> <span class='ocrx_word' id='word_1_374' title='bbox 1343 5174 1499 5256; x_wconf 62' lang='lat' dir='ltr'>sunum,</span> <span class='ocrx_word' id='word_1_375' title='bbox 1514 5183 1551 5235; x_wconf 77' lang='lat' dir='ltr'>st</span> <span class='ocrx_word' id='word_1_376' title='bbox 1569 5175 1704 5255; x_wconf 75' lang='lat' dir='ltr'>aequali</span> <span class='ocrx_word' id='word_1_377' title='bbox 1720 5172 1827 5259; x_wconf 68' lang='lat' dir='ltr'>gradu</span> 
     </span>
    </p>
   </div>
   <div class='ocr_carea' id='block_1_3' title="bbox 2003 5936 2023 6160">
    <p class='ocr_par' dir='ltr' id='par_1_7' title="bbox 2003 5922 2023 6160">
     <span class='ocr_line' id='line_1_41' title="bbox 2003 5936 2023 6160; baseline 0 0"><span class='ocrx_word' id='word_1_378' title='bbox 2003 5936 2023 6160; x_wconf 94' lang='lat' dir='ltr'>l</span> 
     </span>
    </p>
   </div>
   <div class='ocr_carea' id='block_1_4' title="bbox 0 0 2035 6178">
    <p class='ocr_par' dir='ltr' id='par_1_8' title="bbox 0 0 2035 6178">
     <span class='ocr_line' id='line_1_42' title="bbox 0 0 2035 6178; baseline 0 0"><span class='ocrx_word' id='word_1_379' title='bbox 0 0 2035 6178; x_wconf 95' lang='lat' dir='ltr'> </span> 
     </span>
    </p>
   </div>
  </div>
 </body>
</html>
