4066 6174
597 608 713 658 LIBER
737 609 775 667 II,
800 607 925 657 CAPUT
952 608 1052 659 XXX.
1428 614 1491 675 359

153 739 374 834 panderetur,
398 756 443 818 ad
466 757 568 837 ipsos,
596 754 809 837 Imperatore
839 758 986 828 desert0,
1017 756 1248 819 transiturum.
1275 755 1385 837 Apud
1415 776 1491 818 eum

34 876 127 937 t.169,v.
152 868 276 932 vicena
298 871 507 934 bellatorum
530 871 639 934 millia
661 873 928 953 reperiebantur,
944 880 978 933 et
995 871 1029 934 in
1054 872 1095 934 iis
1111 872 1242 934 milleni
1259 869 1392 945 Gallae,
1415 870 1491 954 *qui

152 986 251 1067 equis
275 986 505 1050 merebantur.
528 996 562 1050 et
584 988 727 1050 totidem
752 987 956 1051 illustriores
985 987 1161 1061 Abassini,
1186 997 1220 1051 et
1242 988 1332 1050 inter
1354 1007 1414 1051 eos
1437 1007 1491 1051 ca·

150 1100 274 1163 tholici
290 1102 524 1182 probatissimi
536 1103 579 1165 ad
591 1112 771 1177 trecentos,
784 1104 829 1166 ad
841 1104 1060 1186 pugnandum
1078 1104 1359 1184 moriendumque
1371 1105 1490 1184 parati,

150 1218 210 1298 qui
236 1218 391 1281 maxima
414 1236 494 1300 pars
516 1219 682 1282 victoriae
705 1217 852 1283 fuerunt.
886 1219 1039 1283 Caeteris
1062 1219 1232 1302 peditibus
1255 1229 1290 1283 et
1318 1220 1490 1301 equitibus

149 1349 273 1413 parum
296 1320 482 1406 fidendum,
498 1352 577 1396 nam
593 1335 649 1396 vel
665 1336 845 1398 rusticanis
860 1334 950 1397 ultro
965 1335 1159 1407 adiiciendi,
1176 1334 1242 1405 vel,
1260 1335 1289 1397 si
1305 1335 1372 1416 ipsi
1393 1335 1490 1415 quid·

149 1466 254 1528 quam
278 1449 494 1521 obsisterent,
518 1450 553 1512 in
578 1469 658 1513 suos
680 1451 785 1532 pedes
807 1458 905 1513 erant
928 1451 1141 1512 coniiciendi.

242 1565 273 1625 6.
297 1563 499 1645 Imperator,
522 1565 581 1627 ubi
604 1566 752 1647 septima
775 1564 858 1627 iunii
881 1563 965 1638 dies,
988 1584 1075 1645 quae
1091 1564 1191 1627 lunae
1214 1572 1296 1637 erat,
1313 1566 1393 1627 anni
1413 1565 1489 1627 mil·
1552 1569 1669 1621 Pietati·
1692 1573 1835 1635 specimen

149 1678 264 1741 lesimi
288 1679 530 1743 sexcentesimi
562 1680 731 1764 trigesimi
753 1681 894 1744 secundi
918 1681 1044 1752 illuxit,
1069 1689 1313 1753 antecursores,
1337 1654 1486 1744 hostiurn
1516 1652 1544 1691 οἳ
1562 1640 1727 1693 mmm*

148 1814 169 1856 a
192 1814 232 1857 se
256 1796 474 1858 intervallum
498 1805 532 1859 et
555 1795 658 1860 situm
689 1797 917 1878 exploratum,
941 1796 1081 1859 dimisit.
1116 1793 1203 1857 Mox
1233 1814 1331 1859 sacro
1352 1804 1386 1858 et
1410 1814 1487 1858 con·

148 1908 243 1971 cioni
266 1908 432 1982 interfuit,
457 1910 493 1973 in
514 1931 584 1994 qua
598 1932 631 1994 p.
649 1910 801 1975 Didacus
817 1932 943 1996 magna
966 1913 1105 1995 spiritus
1120 1911 1322 1975 efficacitate
1346 1921 1488 1975 cunctos

147 2027 193 2090 ad
218 2028 450 2110 pugnandum,
481 2037 516 2091 et
539 2038 596 2091 aut
620 2028 770 2111 gloriose
794 2030 1008 2102 vincendum,
1033 2041 1092 2092 aut
1116 2027 1250 2092 fortiter
1273 2028 1487 2092 moriendum

147 2163 213 2226 pro
237 2143 372 2226 imperii
396 2152 431 2206 et
453 2140 533 2207 fidei
549 2146 784 2208 incolumitate
800 2146 964 2209 incitavit.
980 2146 1231 2228 Exploratores
1253 2146 1487 2208 renuntiarunt

147 2259 268 2323 hostes
285 2278 353 2321 non
369 2261 487 2340 procul
503 2260 633 2333 abesse,
649 2268 684 2323 et
699 2261 822 2342 pedem
839 2281 957 2324 versus
973 2261 1217 2343 Imperatorem
1234 2258 1399 2324 conferre.
1416 2259 1486 2322 Ex-

146 2375 281 2458 templo
305 2373 475 2456 dispansis
498 2376 648 2449 vexillis,
680 2386 714 2439 et
737 2376 897 2458 praeliari
921 2378 1041 2440 ordine
1072 2375 1260 2458 imperialis
1288 2375 1379 2439 acies
1408 2395 1485 2457 pro-

145 2492 271 2555 cedere
295 2492 417 2572 coepit‚
442 2499 477 2553 et
499 2492 573 2573 ipse
597 2491 740 2555 meridie
756 2493 789 2554 in
814 2493 903 2556 colle
926 2494 970 2555 ad
986 2493 1157 2555 sinistram
1181 2492 1355 2574 paululum
1376 2511 1486 2554 assur·

145 2617 252 2690 gente
287 2606 515 2688 interquievit.
547 2605 682 2670 Moram
716 2607 833 2670 hostes
857 2608 986 2671 nullam
1017 2609 1258 2690 interposuere,
1293 2609 1353 2671 sed
1388 2608 1486 2671 brevi

145 2742 227 2787 suas
249 2723 410 2784 cohortes
431 2741 537 2804 prope
553 2723 709 2786 eumdem
726 2733 876 2786 montem
892 2723 1080 2787 intulerunt
1095 2733 1130 2786 et
1145 2733 1312 2806 tympana
1328 2743 1368 2786 ac
1384 2725 1485 2786 tubae

144 2838 312 2901 bellicum
335 2839 494 2920 utrinque
517 2838 721 2901 cecinerunt.
745 2838 906 2902 Proxime
929 2848 1113 2922 antequam
1140 2839 1307 2921 proelium
1331 2838 1483 2910 iniretur,

144 2954 351 3036 Imperator,
375 2954 534 3035 princeps
557 2964 591 3017 et
615 2954 675 3016 alii
691 2973 737 3017 ex
753 2954 972 3038 magnatibus
994 2974 1147 3018 summae
1162 2956 1299 3037 pietatis
1314 2952 1484 3038 significa·

98 3056 103 3065 ’
145 3072 240 3133 tione
265 3069 508 3133 conscientiam
532 3070 769 3153 exomologesi
793 3090 869 3133 cum
894 3091 927 3152 p.
944 3070 1078 3133 Didaco
1102 3080 1338 3153 repurgarunt,
1363 3071 1485 3133 iureiu-

145 3187 255 3250 rando
279 3184 381 3249 fidem
404 3204 501 3249 suam
516 3187 780 3269 obstringentes,
804 3206 852 3258 se,
869 3186 898 3249 si
921 3188 1071 3250 victores
1086 3187 1281 3257 evaderent,
1301 3183 1376 3248 fore
1392 3187 1484 3249 inde·

144 3299 258 3364 fessos
288 3301 478 3364 catholicae
506 3300 586 3365 fidei
619 3300 777 3373 fautores,
810 3311 843 3365 et
877 3304 911 3364 in
943 3300 1029 3366 fines
1059 3301 1194 3384 imperii
1226 3311 1482 3386 propagatores.

145 3415 290 3480 Utinam
314 3413 460 3480 fuissent
482 3418 706 3481 executores!

237 3550 268 3611 7.
292 3531 484 3613 EquitibuS,
509 3534 542 3594 in
567 3535 691 3614 quibus
714 3543 785 3596 tota
810 3543 883 3596 erat
911 3531 1045 3606 fiducia,
1074 3535 1276 3616 imperatum
1304 3534 1407 3617 (quod
1432 3535 1483 3596 vi·
1545 3538 1688 3603 aquitani
1706 3541 1774 3590 haec
1789 3540 1832 3591 vl·

144 3649 273 3711 ctoriae
297 3657 400 3730 caput
422 3646 508 3732 fuit),
530 3661 566 3712 ut
598 3669 717 3712 omnes
740 3650 877 3747 ordines
905 3651 1093 3732 praeirent;
1124 3651 1267 3713 sienim
1290 3651 1424 3731 pedites
1447 3652 1482 3712 in
1509 3610 1599 3662 Μὴ
1616 3610 1778 3662 deterens..

143 3763 326 3846 principiis
349 3765 551 3837 locarentur,
579 3774 614 3826 et
636 3765 746 3828 hostis
776 3766 997 3835 obniteretur,
1028 3776 1085 3829 aut
1109 3778 1208 3850 terga
1232 3765 1343 3829 daturi
1374 3775 1481 3839 erant,
1516 3826 1521 3837 ,

144 3888 203 3942 aut
226 3877 281 3941 illi
304 3898 340 3941 se
364 3888 398 3942 et
421 3898 516 3942 arma
539 3880 698 3944 dedituri.
722 3878 792 3942 Ubi
816 3881 987 3963 equitatus
1011 3884 1053 3944 ad
1077 3882 1137 3944 teli
1153 3882 1280 3944 iactum
1302 3882 1482 3964 processit,

142 3996 304 4075 utrinque
327 3994 475 4057 incursio
499 4015 664 4077 suspenso
687 3996 796 4077 gradu
820 3996 974 4069 inhibita,
998 3996 1221 4060 Lastensibus
1244 3998 1482 4078 trepidationis

144 4107 273 4172 indicia
296 4108 549 4189 praebentibus,
573 4118 609 4171 et
632 4110 867 4192 imperialibus
890 4111 1115 4194 aggrediendi
1136 4112 1271 4194 signum
1295 4121 1479 4192 expectan-

141 4226 247 4288 tibus.
273 4223 391 4286 Duces
406 4224 512 4306 aliqui
529 4225 774 4309 generosiores,
791 4225 1036 4308 Imperatorem
1056 4228 1229 4297 adeuntes,
1253 4245 1414 4289 monuere
1438 4248 1481 4289 ne

140 4351 304 4424 punctum
328 4350 551 4413 cunctaretur,
577 4340 688 4404 Deum
704 4343 795 4404 enim
813 4340 980 4405 fautorem
1004 4342 1208 4405 habiturum.
1234 4342 1371 4405 Primus
1396 4341 1480 4423 ipse,

142 4458 244 4540 signo
268 4474 404 4539 pugnae
427 4457 519 4529 dato,
551 4476 677 4537 equum
700 4459 734 4519 in
759 4455 1028 4520 confertissimos
1052 4459 1176 4540 globos
1199 4456 1387 4540 instigavit.
1411 4454 1482 4520 Sed

142 4570 293 4635 medium
318 4590 356 4633 se
379 4571 505 4634 obiecit
528 4573 641 4634 senior
665 4572 770 4653 ipsius
793 4570 898 4635 frater
922 4571 997 4634 Ras
1020 4571 1152 4635 Emana
1175 4571 1330 4635 Christos
1354 4581 1392 4634 ut
1407 4582 1480 4635 tan·

141 4688 259 4770 tisper,
283 4687 381 4768 quasi
404 4688 448 4749 ad
463 4686 651 4769 periculum
669 4685 892 4750 differendum
910 4697 1111 4761 moraretur3
1136 4687 1195 4749 ille
1219 4697 1333 4751 tamen
1351 4688 1478 4770 insigni

141 4802 328 4867 turbatoris
351 4801 573 4884 despicientia
596 4822 719 4885 equum
744 4804 855 4865 acrius
880 4803 1119 4876 instimulavit;
1143 4812 1176 4866 et
1193 4823 1275 4865 mox
1298 4804 1480 4885 equitatus

142 4937 209 4980 non
242 4913 406 4980 Sanctum
438 4916 599 4981 Iacobum
631 4925 748 4979 nostro
779 4938 881 4989 more,
906 4919 967 4979 sed
994 4916 1072 4979 Iesu
1103 4937 1237 4989 nomen,
1268 4937 1314 4980 ex
1345 4928 1479 4999 patrum

140 5034 299 5098 doctrina
322 5031 531 5107 inclamavit,
555 5043 589 5097 et
605 5033 773 5096 auxilium
790 5034 988 5115 imploravit
996 5052 1004 5107 ;
1029 5032 1184 5115 idemque
1201 5031 1266 5097 fuit
1289 5034 1477 5117 irrumpere

24 5164 113 5225 [170.
140 5148 236 5231 quod
260 5143 428 5219 *vincere
453 5150 601 5212 clamare
625 5149 715 5229 quod
732 5167 904 5230 superare.
924 5148 1009 5211 Cum
1026 5151 1115 5211 enim
1133 5150 1312 5212 vulnerare
1338 5150 1479 5224 vellent,
