<?xml version="1.0" encoding="UTF-8"?>
<!DOCTYPE html PUBLIC "-//W3C//DTD XHTML 1.0 Transitional//EN"
    "http://www.w3.org/TR/xhtml1/DTD/xhtml1-transitional.dtd">
<html xmlns="http://www.w3.org/1999/xhtml" xml:lang="en" lang="en">
 <head>
  <title>
</title>
<meta http-equiv="Content-Type" content="text/html;charset=utf-8" />
  <meta name='ocr-system' content='tesseract 3.04.00' />
  <meta name='ocr-capabilities' content='ocr_page ocr_carea ocr_par ocr_line ocrx_word'/>
</head>
<body>
  <div class='ocr_page' id='page_1' title='image "./rerumaethiopica00beccgoog_0302.png"; bbox 0 0 4058 6178; ppageno 0'>
   <div class='ocr_carea' id='block_1_1' title="bbox 606 526 1471 593">
    <p class='ocr_par' dir='ltr' id='par_1_1' title="bbox 606 526 1471 593">
     <span class='ocr_line' id='line_1_1' title="bbox 606 526 1471 593; baseline 0.001 -18"><span class='ocrx_word' id='word_1_1' title='bbox 606 526 722 575; x_wconf 73' lang='lat' dir='ltr'>Lmen</span> <span class='ocrx_word' id='word_1_2' title='bbox 745 527 784 586; x_wconf 92' lang='lat'>11,</span> <span class='ocrx_word' id='word_1_3' title='bbox 808 526 933 576; x_wconf 71' lang='lat' dir='ltr'>capua</span> <span class='ocrx_word' id='word_1_4' title='bbox 956 527 1026 576; x_wconf 71' lang='grc' dir='ltr'>ΧΗ.</span> <span class='ocrx_word' id='word_1_5' title='bbox 1408 533 1471 593; x_wconf 84' lang='lat'>²33</span> 
     </span>
    </p>
   </div>
   <div class='ocr_carea' id='block_1_2' title="bbox 136 672 1473 2501">
    <p class='ocr_par' dir='ltr' id='par_1_2' title="bbox 136 672 1472 1781">
     <span class='ocr_line' id='line_1_2' title="bbox 137 672 1471 758; baseline 0.002 -23"><span class='ocrx_word' id='word_1_6' title='bbox 137 682 248 736; x_wconf 91' lang='lat' dir='ltr'>turum</span> <span class='ocrx_word' id='word_1_7' title='bbox 273 675 337 737; x_wconf 90' lang='lat' dir='ltr'>sed</span> <span class='ocrx_word' id='word_1_8' title='bbox 359 677 435 756; x_wconf 91' lang='lat' dir='ltr'>puri</span> <span class='ocrx_word' id='word_1_9' title='bbox 458 673 606 738; x_wconf 90' lang='lat' dir='ltr'>hominis</span> <span class='ocrx_word' id='word_1_10' title='bbox 629 694 733 738; x_wconf 90' lang='lat' dir='ltr'>censu</span> <span class='ocrx_word' id='word_1_11' title='bbox 757 675 966 738; x_wconf 87' lang='lat' dir='ltr'>conclusum.</span> <span class='ocrx_word' id='word_1_12' title='bbox 990 672 1037 739; x_wconf 91' lang='lat' dir='ltr'>Se</span> <span class='ocrx_word' id='word_1_13' title='bbox 1052 676 1247 739; x_wconf 88' lang='lat' dir='ltr'>convictum</span> <span class='ocrx_word' id='word_1_14' title='bbox 1264 676 1324 739; x_wconf 92' lang='lat' dir='ltr'>ille</span> <span class='ocrx_word' id='word_1_15' title='bbox 1339 676 1471 758; x_wconf 91' lang='lat' dir='ltr'>perspi-</span> 
     </span>
     <span class='ocr_line' id='line_1_3' title="bbox 137 783 1472 875; baseline 0.004 -24"><span class='ocrx_word' id='word_1_16' title='bbox 137 789 238 875; x_wconf 80' lang='lat' dir='ltr'>ciens,</span> <span class='ocrx_word' id='word_1_17' title='bbox 264 790 367 864; x_wconf 76' lang='lat' dir='ltr'>dixit,</span> <span class='ocrx_word' id='word_1_18' title='bbox 390 809 438 863; x_wconf 88' lang='lat' dir='ltr'>se,</span> <span class='ocrx_word' id='word_1_19' title='bbox 454 791 484 853; x_wconf 85' lang='lat' dir='ltr'>si</span> <span class='ocrx_word' id='word_1_20' title='bbox 500 791 584 872; x_wconf 91' lang='lat' dir='ltr'>quid</span> <span class='ocrx_word' id='word_1_21' title='bbox 599 791 747 863; x_wconf 88' lang='lat' dir='ltr'>doceret,</span> <span class='ocrx_word' id='word_1_22' title='bbox 763 791 856 854; x_wconf 91' lang='lat' dir='ltr'>domi</span> <span class='ocrx_word' id='word_1_23' title='bbox 871 810 953 855; x_wconf 89' lang='lat' dir='ltr'>suae</span> <span class='ocrx_word' id='word_1_24' title='bbox 966 791 1168 866; x_wconf 86' lang='lat' dir='ltr'>tradidisse,</span> <span class='ocrx_word' id='word_1_25' title='bbox 1183 808 1247 855; x_wconf 91' lang='lat' dir='ltr'>nec</span> <span class='ocrx_word' id='word_1_26' title='bbox 1270 783 1472 875; x_wconf 85' lang='lat' dir='ltr'>cuiusquam</span> 
     </span>
     <span class='ocr_line' id='line_1_4' title="bbox 136 900 1470 989; baseline 0.002 -22"><span class='ocrx_word' id='word_1_27' title='bbox 136 906 345 969; x_wconf 87' lang='lat' dir='ltr'>audientiam</span> <span class='ocrx_word' id='word_1_28' title='bbox 369 915 470 971; x_wconf 87' lang='lat' dir='ltr'>extra</span> <span class='ocrx_word' id='word_1_29' title='bbox 491 900 590 970; x_wconf 75' lang='lat' dir='ltr'>illam&#39;</span> <span class='ocrx_word' id='word_1_30' title='bbox 611 915 827 989; x_wconf 86' lang='lat' dir='ltr'>aucupatum.</span> <span class='ocrx_word' id='word_1_31' title='bbox 855 903 919 970; x_wconf 92' lang='lat' dir='ltr'>Cui</span> <span class='ocrx_word' id='word_1_32' title='bbox 941 900 1154 970; x_wconf 83' lang='lat' dir='ltr'>Patriarcha:</span> <span class='ocrx_word' id='word_1_33' title='bbox 1177 902 1319 980; x_wconf 89' lang='lat' dir='ltr'>Eadem,</span> <span class='ocrx_word' id='word_1_34' title='bbox 1350 906 1470 989; x_wconf 91' lang='lat' dir='ltr'>inquit,</span> 
     </span>
     <span class='ocr_line' id='line_1_5' title="bbox 136 1018 1472 1107; baseline 0.004 -24"><span class='ocrx_word' id='word_1_35' title='bbox 136 1018 312 1095; x_wconf 80' lang='lat' dir='ltr'>Salomon,</span> <span class='ocrx_word' id='word_1_36' title='bbox 336 1022 390 1084; x_wconf 93' lang='lat' dir='ltr'>illi</span> <span class='ocrx_word' id='word_1_37' title='bbox 412 1042 521 1104; x_wconf 86' lang='lat' dir='ltr'>poena</span> <span class='ocrx_word' id='word_1_38' title='bbox 544 1023 725 1107; x_wconf 88' lang='lat' dir='ltr'>irrogatur,</span> <span class='ocrx_word' id='word_1_39' title='bbox 748 1024 808 1105; x_wconf 92' lang='lat' dir='ltr'>qui</span> <span class='ocrx_word' id='word_1_40' title='bbox 831 1022 1058 1087; x_wconf 80' lang='lat' dir='ltr'>adulterinam</span> <span class='ocrx_word' id='word_1_41' title='bbox 1073 1024 1253 1106; x_wconf 86' lang='lat' dir='ltr'>pecuniam</span> <span class='ocrx_word' id='word_1_42' title='bbox 1273 1024 1366 1087; x_wconf 92' lang='lat' dir='ltr'>domi</span> <span class='ocrx_word' id='word_1_43' title='bbox 1389 1044 1472 1088; x_wconf 92' lang='lat' dir='ltr'>suae</span> 
     </span>
     <span class='ocr_line' id='line_1_6' title="bbox 137 1134 1470 1222; baseline 0.003 -23"><span class='ocrx_word' id='word_1_44' title='bbox 137 1136 228 1200; x_wconf 90' lang='lat' dir='ltr'>cudit</span> <span class='ocrx_word' id='word_1_45' title='bbox 252 1146 288 1201; x_wconf 91' lang='lat' dir='ltr'>et</span> <span class='ocrx_word' id='word_1_46' title='bbox 312 1136 375 1210; x_wconf 90' lang='lat' dir='ltr'>illi,</span> <span class='ocrx_word' id='word_1_47' title='bbox 397 1139 456 1221; x_wconf 89' lang='lat' dir='ltr'>qui</span> <span class='ocrx_word' id='word_1_48' title='bbox 486 1139 644 1202; x_wconf 89' lang='lat' dir='ltr'>venalem</span> <span class='ocrx_word' id='word_1_49' title='bbox 674 1141 710 1201; x_wconf 92' lang='lat' dir='ltr'>in</span> <span class='ocrx_word' id='word_1_50' title='bbox 733 1136 844 1202; x_wconf 88' lang='lat' dir='ltr'>forum</span> <span class='ocrx_word' id='word_1_51' title='bbox 875 1134 1043 1222; x_wconf 88' lang='lat' dir='ltr'>producit.</span> <span class='ocrx_word' id='word_1_52' title='bbox 1074 1138 1147 1203; x_wconf 89' lang='lat' dir='ltr'>Nec</span> <span class='ocrx_word' id='word_1_53' title='bbox 1178 1140 1271 1203; x_wconf 94' lang='lat' dir='ltr'>domi</span> <span class='ocrx_word' id='word_1_54' title='bbox 1300 1159 1362 1203; x_wconf 89' lang='lat' dir='ltr'>nec</span> <span class='ocrx_word' id='word_1_55' title='bbox 1384 1137 1470 1204; x_wconf 89' lang='lat' dir='ltr'>foris</span> 
     </span>
     <span class='ocr_line' id='line_1_7' title="bbox 136 1253 1472 1339; baseline 0.003 -24"><span class='ocrx_word' id='word_1_56' title='bbox 136 1253 393 1317; x_wconf 81' lang='lat' dir='ltr'>mendaciorum</span> <span class='ocrx_word' id='word_1_57' title='bbox 417 1255 594 1318; x_wconf 88' lang='lat' dir='ltr'>doctorem</span> <span class='ocrx_word' id='word_1_58' title='bbox 624 1272 708 1339; x_wconf 90' lang='lat' dir='ltr'>agas</span> <span class='ocrx_word' id='word_1_59' title='bbox 731 1256 784 1319; x_wconf 91' lang='lat' dir='ltr'>sin</span> <span class='ocrx_word' id='word_1_60' title='bbox 817 1255 928 1321; x_wconf 89' lang='lat' dir='ltr'>minus</span> <span class='ocrx_word' id='word_1_61' title='bbox 950 1256 1040 1319; x_wconf 89' lang='lat' dir='ltr'>scias</span> <span class='ocrx_word' id='word_1_62' title='bbox 1069 1264 1106 1319; x_wconf 88' lang='lat' dir='ltr'>te</span> <span class='ocrx_word' id='word_1_63' title='bbox 1129 1256 1262 1319; x_wconf 89' lang='lat' dir='ltr'>debitas</span> <span class='ocrx_word' id='word_1_64' title='bbox 1287 1264 1368 1319; x_wconf 90' lang='lat' dir='ltr'>tuae</span> <span class='ocrx_word' id='word_1_65' title='bbox 1391 1274 1472 1338; x_wconf 93' lang='lat' dir='ltr'>pro·</span> 
     </span>
     <span class='ocr_line' id='line_1_8' title="bbox 136 1363 1472 1454; baseline -0.002 -17"><span class='ocrx_word' id='word_1_66' title='bbox 136 1369 266 1437; x_wconf 75' lang='lat' dir='ltr'>ter-viae</span> <span class='ocrx_word' id='word_1_67' title='bbox 290 1389 419 1453; x_wconf 88' lang='lat' dir='ltr'>poenas</span> <span class='ocrx_word' id='word_1_68' title='bbox 442 1363 610 1444; x_wconf 78' lang='lat' dir='ltr'>daturum,</span> <span class='ocrx_word' id='word_1_69' title='bbox 634 1371 691 1454; x_wconf 90' lang='lat' dir='ltr'>qui</span> <span class='ocrx_word' id='word_1_70' title='bbox 716 1391 785 1435; x_wconf 94' lang='lat' dir='ltr'>non</span> <span class='ocrx_word' id='word_1_71' title='bbox 808 1364 919 1434; x_wconf 88' lang='lat' dir='ltr'>solum</span> <span class='ocrx_word' id='word_1_72' title='bbox 944 1364 1148 1445; x_wconf 83' lang='lat' dir='ltr'>christianis,</span> <span class='ocrx_word' id='word_1_73' title='bbox 1172 1372 1233 1435; x_wconf 87' lang='lat' dir='ltr'>sed</span> <span class='ocrx_word' id='word_1_74' title='bbox 1259 1372 1323 1435; x_wconf 92' lang='lat' dir='ltr'>tibi</span> <span class='ocrx_word' id='word_1_75' title='bbox 1347 1364 1472 1435; x_wconf 88' lang='lat' dir='ltr'>actuo</span> 
     </span>
     <span class='ocr_line' id='line_1_9' title="bbox 136 1485 1471 1568; baseline 0.002 -20"><span class='ocrx_word' id='word_1_76' title='bbox 136 1485 253 1568; x_wconf 82' lang='lat' dir='ltr'>generi</span> <span class='ocrx_word' id='word_1_77' title='bbox 276 1486 326 1548; x_wconf 91' lang='lat' dir='ltr'>sis</span> <span class='ocrx_word' id='word_1_78' title='bbox 348 1485 500 1560; x_wconf 89' lang='lat' dir='ltr'>iniurius,</span> <span class='ocrx_word' id='word_1_79' title='bbox 523 1496 571 1561; x_wconf 93' lang='lat' dir='ltr'>ut,</span> <span class='ocrx_word' id='word_1_80' title='bbox 596 1506 674 1551; x_wconf 92' lang='lat' dir='ltr'>cum</span> <span class='ocrx_word' id='word_1_81' title='bbox 696 1487 773 1552; x_wconf 89' lang='lat' dir='ltr'>Deo</span> <span class='ocrx_word' id='word_1_82' title='bbox 795 1506 836 1550; x_wconf 95' lang='lat' dir='ltr'>ac</span> <span class='ocrx_word' id='word_1_83' title='bbox 867 1486 934 1550; x_wconf 88' lang='lat' dir='ltr'>Dei</span> <span class='ocrx_word' id='word_1_84' title='bbox 952 1486 1030 1549; x_wconf 86' lang='lat' dir='ltr'>·filio</span> <span class='ocrx_word' id='word_1_85' title='bbox 1056 1497 1191 1551; x_wconf 89' lang='lat' dir='ltr'>vestrae</span> <span class='ocrx_word' id='word_1_86' title='bbox 1221 1489 1395 1552; x_wconf 88' lang='lat' dir='ltr'>servitutis</span> <span class='ocrx_word' id='word_1_87' title='bbox 1417 1508 1471 1551; x_wconf 88' lang='lat' dir='ltr'>as·</span> 
     </span>
     <span class='ocr_line' id='line_1_10' title="bbox 136 1598 1472 1687; baseline 0.001 -23"><span class='ocrx_word' id='word_1_88' title='bbox 136 1611 267 1664; x_wconf 88' lang='lat' dir='ltr'>sertore</span> <span class='ocrx_word' id='word_1_89' title='bbox 292 1602 434 1685; x_wconf 89' lang='lat' dir='ltr'>gloriari</span> <span class='ocrx_word' id='word_1_90' title='bbox 457 1602 608 1685; x_wconf 85' lang='lat' dir='ltr'>possitis,</span> <span class='ocrx_word' id='word_1_91' title='bbox 638 1623 828 1687; x_wconf 88' lang='lat' dir='ltr'>pannosum</span> <span class='ocrx_word' id='word_1_92' title='bbox 859 1603 1007 1685; x_wconf 83' lang='lat' dir='ltr'>hominis</span> <span class='ocrx_word' id='word_1_93' title='bbox 1038 1598 1313 1668; x_wconf 89' lang='lat' dir='ltr'>mendicabulum</span> <span class='ocrx_word' id='word_1_94' title='bbox 1345 1604 1472 1668; x_wconf 85' lang='lat' dir='ltr'>habere</span> 
     </span>
     <span class='ocr_line' id='line_1_11' title="bbox 136 1715 278 1781; baseline 0.021 -3"><span class='ocrx_word' id='word_1_95' title='bbox 136 1715 278 1781; x_wconf 86' lang='lat' dir='ltr'>malitis.</span> 
     </span>
    </p>

    <p class='ocr_par' dir='ltr' id='par_1_3' title="bbox 136 1831 1473 2501">
     <span class='ocr_line' id='line_1_12' title="bbox 224 1831 1469 1919; baseline 0.002 -23"><span class='ocrx_word' id='word_1_96' title='bbox 224 1854 255 1912; x_wconf 82' lang='lat'>4.</span> <span class='ocrx_word' id='word_1_97' title='bbox 281 1833 352 1897; x_wconf 90' lang='lat' dir='ltr'>Hic</span> <span class='ocrx_word' id='word_1_98' title='bbox 375 1831 557 1898; x_wconf 90' lang='lat' dir='ltr'>Salomon:</span> <span class='ocrx_word' id='word_1_99' title='bbox 582 1833 683 1917; x_wconf 79' lang='lat' dir='ltr'>Quid,</span> <span class='ocrx_word' id='word_1_100' title='bbox 706 1837 826 1918; x_wconf 91' lang='lat' dir='ltr'>inquit,</span> <span class='ocrx_word' id='word_1_101' title='bbox 851 1847 929 1900; x_wconf 92' lang='lat' dir='ltr'>sunt</span> <span class='ocrx_word' id='word_1_102' title='bbox 951 1836 1103 1900; x_wconf 82' lang='lat' dir='ltr'>isthaec?</span> <span class='ocrx_word' id='word_1_103' title='bbox 1127 1835 1217 1919; x_wconf 81' lang='lat' dir='ltr'>Quid</span> <span class='ocrx_word' id='word_1_104' title='bbox 1242 1835 1387 1900; x_wconf 83' lang='lat' dir='ltr'>Messias</span> <span class='ocrx_word' id='word_1_105' title='bbox 1404 1835 1469 1900; x_wconf 88' lang='lat' dir='ltr'>Dei</span> 
     </span>
     <span class='ocr_line' id='line_1_13' title="bbox 136 1944 1472 2035; baseline 0.004 -24"><span class='ocrx_word' id='word_1_106' title='bbox 136 1947 250 2012; x_wconf 81' lang='lat' dir='ltr'>filius?</span> <span class='ocrx_word' id='word_1_107' title='bbox 274 1947 368 2032; x_wconf 85' lang='lat' dir='ltr'>Quid</span> <span class='ocrx_word' id='word_1_108' title='bbox 390 1949 467 2013; x_wconf 89' lang='lat' dir='ltr'>Deo</span> <span class='ocrx_word' id='word_1_109' title='bbox 490 1949 608 2023; x_wconf 91' lang='lat' dir='ltr'>filium,</span> <span class='ocrx_word' id='word_1_110' title='bbox 633 1952 731 2033; x_wconf 88' lang='lat' dir='ltr'>quasi</span> <span class='ocrx_word' id='word_1_111' title='bbox 754 1953 874 2016; x_wconf 88' lang='lat' dir='ltr'>arbore</span> <span class='ocrx_word' id='word_1_112' title='bbox 896 1953 1066 2016; x_wconf 90' lang='lat' dir='ltr'>stolonem</span> <span class='ocrx_word' id='word_1_113' title='bbox 1089 1952 1272 2017; x_wconf 85' lang='lat' dir='ltr'>subnasci?</span> <span class='ocrx_word' id='word_1_114' title='bbox 1296 1951 1362 2035; x_wconf 82' lang='lat' dir='ltr'>Qui</span> <span class='ocrx_word' id='word_1_115' title='bbox 1393 1944 1472 2035; x_wconf 88' lang='lat' dir='ltr'>pos-</span> 
     </span>
     <span class='ocr_line' id='line_1_14' title="bbox 136 2065 1472 2152; baseline 0.001 -24"><span class='ocrx_word' id='word_1_116' title='bbox 136 2065 203 2129; x_wconf 93' lang='lat' dir='ltr'>sint</span> <span class='ocrx_word' id='word_1_117' title='bbox 227 2065 263 2129; x_wconf 94' lang='lat' dir='ltr'>in</span> <span class='ocrx_word' id='word_1_118' title='bbox 288 2066 365 2129; x_wconf 90' lang='lat' dir='ltr'>Deo</span> <span class='ocrx_word' id='word_1_119' title='bbox 388 2067 473 2130; x_wconf 90' lang='lat' dir='ltr'>haec</span> <span class='ocrx_word' id='word_1_120' title='bbox 495 2067 643 2132; x_wconf 88' lang='lat' dir='ltr'>absurda</span> <span class='ocrx_word' id='word_1_121' title='bbox 665 2069 848 2150; x_wconf 85' lang='lat' dir='ltr'>componi?</span> <span class='ocrx_word' id='word_1_122' title='bbox 863 2065 1064 2151; x_wconf 77' lang='lat' dir='ltr'>Composuit</span> <span class='ocrx_word' id='word_1_123' title='bbox 1088 2068 1147 2152; x_wconf 89' lang='lat' dir='ltr'>(ait</span> <span class='ocrx_word' id='word_1_124' title='bbox 1162 2068 1370 2150; x_wconf 82' lang='lat' dir='ltr'>Patriarcha)</span> <span class='ocrx_word' id='word_1_125' title='bbox 1386 2077 1421 2133; x_wconf 92' lang='lat' dir='ltr'>te</span> <span class='ocrx_word' id='word_1_126' title='bbox 1436 2078 1472 2132; x_wconf 91' lang='lat' dir='ltr'>et</span> 
     </span>
     <span class='ocr_line' id='line_1_15' title="bbox 137 2172 1472 2268; baseline 0.002 -24"><span class='ocrx_word' id='word_1_127' title='bbox 137 2183 237 2246; x_wconf 90' lang='lat' dir='ltr'>nobis</span> <span class='ocrx_word' id='word_1_128' title='bbox 260 2191 296 2246; x_wconf 88' lang='lat' dir='ltr'>et</span> <span class='ocrx_word' id='word_1_129' title='bbox 320 2181 450 2246; x_wconf 88' lang='lat' dir='ltr'>cunctis</span> <span class='ocrx_word' id='word_1_130' title='bbox 472 2182 667 2247; x_wconf 76' lang='lat' dir='ltr'>hominibus</span> <span class='ocrx_word' id='word_1_131' title='bbox 691 2184 799 2247; x_wconf 91' lang='lat' dir='ltr'>multo</span> <span class='ocrx_word' id='word_1_132' title='bbox 832 2185 1030 2266; x_wconf 87' lang='lat' dir='ltr'>sapientior,</span> <span class='ocrx_word' id='word_1_133' title='bbox 1053 2183 1118 2248; x_wconf 92' lang='lat' dir='ltr'>tibi</span> <span class='ocrx_word' id='word_1_134' title='bbox 1148 2203 1320 2268; x_wconf 90' lang='lat' dir='ltr'>congener</span> <span class='ocrx_word' id='word_1_135' title='bbox 1350 2172 1385 2247; x_wconf 85' lang='lat' dir='ltr'>et</span> <span class='ocrx_word' id='word_1_136' title='bbox 1415 2203 1472 2247; x_wconf 90' lang='lat' dir='ltr'>co·</span> 
     </span>
     <span class='ocr_line' id='line_1_16' title="bbox 136 2295 1473 2383; baseline 0.001 -21"><span class='ocrx_word' id='word_1_137' title='bbox 136 2299 311 2382; x_wconf 76' lang='lat' dir='ltr'>gnominis</span> <span class='ocrx_word' id='word_1_138' title='bbox 333 2295 498 2363; x_wconf 87' lang='lat' dir='ltr'>Salomon</span> <span class='ocrx_word' id='word_1_139' title='bbox 521 2300 557 2361; x_wconf 91' lang='lat' dir='ltr'>in</span> <span class='ocrx_word' id='word_1_140' title='bbox 580 2299 782 2381; x_wconf 85' lang='lat' dir='ltr'>proverbiis,</span> <span class='ocrx_word' id='word_1_141' title='bbox 807 2320 884 2364; x_wconf 90' lang='lat' dir='ltr'>cum</span> <span class='ocrx_word' id='word_1_142' title='bbox 908 2300 1016 2364; x_wconf 78' lang='lat' dir='ltr'>dixit:</span> <span class='ocrx_word' id='word_1_143' title='bbox 1048 2297 1147 2383; x_wconf 82' lang='lat' dir='ltr'>Quod</span> <span class='ocrx_word' id='word_1_144' title='bbox 1172 2320 1292 2364; x_wconf 79' lang='lat' dir='ltr'>nomen</span> <span class='ocrx_word' id='word_1_145' title='bbox 1322 2305 1372 2364; x_wconf 77' lang='lat' dir='ltr'>art</span> <span class='ocrx_word' id='word_1_146' title='bbox 1399 2299 1473 2364; x_wconf 73' lang='lat' dir='ltr'>eriis</span> 
     </span>
     <span class='ocr_line' id='line_1_17' title="bbox 136 2412 1470 2501; baseline 0.001 -23"><span class='ocrx_word' id='word_1_147' title='bbox 136 2419 169 2478; x_wconf 80' lang='lat' dir='ltr'>et</span> <span class='ocrx_word' id='word_1_148' title='bbox 190 2412 280 2500; x_wconf 77' lang='lat' dir='ltr'>quod</span> <span class='ocrx_word' id='word_1_149' title='bbox 299 2435 419 2480; x_wconf 75' lang='lat' dir='ltr'>nornen</span> <span class='ocrx_word' id='word_1_150' title='bbox 433 2415 516 2499; x_wconf 78' lang='lat' dir='ltr'>filii</span> <span class='ocrx_word' id='word_1_151' title='bbox 535 2414 610 2480; x_wconf 67' lang='lat' dir='ltr'>etur</span> <span class='ocrx_word' id='word_1_152' title='bbox 630 2416 667 2480; x_wconf 86' lang='lat' dir='ltr'>si</span> <span class='ocrx_word' id='word_1_153' title='bbox 684 2417 801 2481; x_wconf 78' lang='lat' dir='ltr'>nosti?</span> <span class='ocrx_word' id='word_1_154' title='bbox 824 2415 869 2501; x_wconf 85' lang='grc' dir='ltr'>(ι)</span> <span class='ocrx_word' id='word_1_155' title='bbox 892 2415 987 2500; x_wconf 91' lang='lat' dir='ltr'>Ergo</span> <span class='ocrx_word' id='word_1_156' title='bbox 1018 2426 1055 2481; x_wconf 93' lang='lat' dir='ltr'>ut</span> <span class='ocrx_word' id='word_1_157' title='bbox 1089 2416 1184 2481; x_wconf 89' lang='lat' dir='ltr'>Deus</span> <span class='ocrx_word' id='word_1_158' title='bbox 1208 2417 1311 2481; x_wconf 87' lang='lat' dir='ltr'>habet</span> <span class='ocrx_word' id='word_1_159' title='bbox 1335 2437 1470 2490; x_wconf 89' lang='lat' dir='ltr'>nomen,</span> 
     </span>
    </p>
   </div>
   <div class='ocr_carea' id='block_1_3' title="bbox 16 2531 1470 2616">
    <p class='ocr_par' dir='ltr' id='par_1_4' title="bbox 16 2531 1470 2616">
     <span class='ocr_line' id='line_1_18' title="bbox 16 2531 1470 2616; baseline 0.003 -23"><span class='ocrx_word' id='word_1_160' title='bbox 16 2538 17 2543; x_wconf 77' lang='grc'>’</span> <span class='ocrx_word' id='word_1_161' title='bbox 136 2532 179 2593; x_wconf 91' lang='lat' dir='ltr'>de</span> <span class='ocrx_word' id='word_1_162' title='bbox 202 2552 273 2613; x_wconf 91' lang='lat' dir='ltr'>quo</span> <span class='ocrx_word' id='word_1_163' title='bbox 297 2531 371 2613; x_wconf 88' lang='lat' dir='ltr'>ipse</span> <span class='ocrx_word' id='word_1_164' title='bbox 394 2533 437 2594; x_wconf 89' lang='lat' dir='ltr'>ad</span> <span class='ocrx_word' id='word_1_165' title='bbox 460 2531 629 2614; x_wconf 91' lang='lat' dir='ltr'>Moysem‚</span> <span class='ocrx_word' id='word_1_166' title='bbox 643 2533 728 2596; x_wconf 68' lang='lat' dir='ltr'>&#39;Hoc</span> <span class='ocrx_word' id='word_1_167' title='bbox 749 2553 870 2597; x_wconf 71' lang='lat' dir='ltr'>nomen</span> <span class='ocrx_word' id='word_1_168' title='bbox 892 2533 983 2598; x_wconf 82' lang='lat' dir='ltr'>mihi</span> <span class='ocrx_word' id='word_1_169' title='bbox 1002 2538 1053 2597; x_wconf 80' lang='lat' dir='ltr'>est</span> <span class='ocrx_word' id='word_1_170' title='bbox 1074 2531 1112 2597; x_wconf 86' lang='lat' dir='ltr'>in</span> <span class='ocrx_word' id='word_1_171' title='bbox 1136 2538 1312 2597; x_wconf 73' lang='lat' dir='ltr'>aeternum</span> <span class='ocrx_word' id='word_1_172' title='bbox 1331 2532 1387 2616; x_wconf 84' lang='lat'>(2),</span> <span class='ocrx_word' id='word_1_173' title='bbox 1410 2535 1470 2607; x_wconf 91' lang='lat' dir='ltr'>sic,</span> 
     </span>
    </p>
   </div>
   <div class='ocr_carea' id='block_1_4' title="bbox 134 2645 1474 4478">
    <p class='ocr_par' dir='ltr' id='par_1_5' title="bbox 134 2645 1474 4478">
     <span class='ocr_line' id='line_1_19' title="bbox 136 2645 1471 2732; baseline 0.002 -22"><span class='ocrx_word' id='word_1_174' title='bbox 136 2657 170 2711; x_wconf 88' lang='lat' dir='ltr'>et</span> <span class='ocrx_word' id='word_1_175' title='bbox 193 2646 264 2711; x_wconf 91' lang='lat' dir='ltr'>Dei</span> <span class='ocrx_word' id='word_1_176' title='bbox 287 2645 379 2710; x_wconf 90' lang='lat' dir='ltr'>filius</span> <span class='ocrx_word' id='word_1_177' title='bbox 402 2649 559 2729; x_wconf 85' lang='lat' dir='ltr'>quamvis</span> <span class='ocrx_word' id='word_1_178' title='bbox 582 2648 655 2730; x_wconf 86' lang='lat' dir='ltr'>ipse</span> <span class='ocrx_word' id='word_1_179' title='bbox 679 2651 817 2712; x_wconf 90' lang='lat' dir='ltr'>minime</span> <span class='ocrx_word' id='word_1_180' title='bbox 841 2650 944 2714; x_wconf 86' lang='lat' dir='ltr'>noris.</span> <span class='ocrx_word' id='word_1_181' title='bbox 968 2648 1169 2732; x_wconf 92' lang='lat' dir='ltr'>Composuit</span> <span class='ocrx_word' id='word_1_182' title='bbox 1191 2650 1240 2713; x_wconf 92' lang='lat' dir='ltr'>tui</span> <span class='ocrx_word' id='word_1_183' title='bbox 1264 2648 1368 2712; x_wconf 88' lang='lat' dir='ltr'>etiam</span> <span class='ocrx_word' id='word_1_184' title='bbox 1392 2669 1471 2713; x_wconf 92' lang='lat' dir='ltr'>con·</span> 
     </span>
     <span class='ocr_line' id='line_1_20' title="bbox 137 2762 1473 2847; baseline 0.002 -19"><span class='ocrx_word' id='word_1_185' title='bbox 137 2765 275 2828; x_wconf 90' lang='lat' dir='ltr'>tribulis</span> <span class='ocrx_word' id='word_1_186' title='bbox 297 2764 395 2828; x_wconf 85' lang='lat' dir='ltr'>Iesus</span> <span class='ocrx_word' id='word_1_187' title='bbox 417 2762 562 2847; x_wconf 90' lang='lat' dir='ltr'>Syracb,</span> <span class='ocrx_word' id='word_1_188' title='bbox 587 2785 673 2839; x_wconf 90' lang='lat' dir='ltr'>cum,</span> <span class='ocrx_word' id='word_1_189' title='bbox 691 2764 871 2830; x_wconf 87' lang='lat' dir='ltr'>affectione</span> <span class='ocrx_word' id='word_1_190' title='bbox 886 2776 965 2831; x_wconf 89' lang='lat' dir='ltr'>tuae</span> <span class='ocrx_word' id='word_1_191' title='bbox 980 2766 1140 2838; x_wconf 86' lang='lat' dir='ltr'>absimili,</span> <span class='ocrx_word' id='word_1_192' title='bbox 1158 2764 1345 2830; x_wconf 86' lang='lat' dir='ltr'>fatebatur:</span> <span class='ocrx_word' id='word_1_193' title='bbox 1370 2767 1473 2831; x_wconf 83' lang='lat' dir='ltr'>Inuo-</span> 
     </span>
     <span class='ocr_line' id='line_1_21' title="bbox 136 2879 1472 2967; baseline 0.003 -24"><span class='ocrx_word' id='word_1_194' title='bbox 136 2879 213 2944; x_wconf 81' lang='lat' dir='ltr'>cavi</span> <span class='ocrx_word' id='word_1_195' title='bbox 224 2880 416 2945; x_wconf 86' lang='lat' dir='ltr'>Dominum</span> <span class='ocrx_word' id='word_1_196' title='bbox 426 2886 562 2966; x_wconf 78' lang='lat' dir='ltr'>patrem</span> <span class='ocrx_word' id='word_1_197' title='bbox 576 2882 726 2947; x_wconf 79' lang='lat' dir='ltr'>Domini</span> <span class='ocrx_word' id='word_1_198' title='bbox 738 2883 808 2948; x_wconf 77' lang='lat' dir='ltr'>mei</span> <span class='ocrx_word' id='word_1_199' title='bbox 818 2882 873 2965; x_wconf 76' lang='grc'><strong>(3).</strong></span> <span class='ocrx_word' id='word_1_200' title='bbox 896 2882 967 2948; x_wconf 88' lang='lat' dir='ltr'>Sed</span> <span class='ocrx_word' id='word_1_201' title='bbox 981 2886 1062 2967; x_wconf 91' lang='lat' dir='ltr'>quia</span> <span class='ocrx_word' id='word_1_202' title='bbox 1077 2903 1154 2947; x_wconf 90' lang='lat' dir='ltr'>eum</span> <span class='ocrx_word' id='word_1_203' title='bbox 1171 2884 1295 2947; x_wconf 90' lang='lat' dir='ltr'>librum</span> <span class='ocrx_word' id='word_1_204' title='bbox 1311 2883 1472 2947; x_wconf 86' lang='lat' dir='ltr'>hebraice</span> 
     </span>
     <span class='ocr_line' id='line_1_22' title="bbox 137 2995 1473 3082; baseline 0.003 -23"><span class='ocrx_word' id='word_1_205' title='bbox 137 3017 204 3059; x_wconf 93' lang='lat' dir='ltr'>non</span> <span class='ocrx_word' id='word_1_206' title='bbox 228 2995 374 3069; x_wconf 85' lang='lat' dir='ltr'>habetis,</span> <span class='ocrx_word' id='word_1_207' title='bbox 398 3000 590 3080; x_wconf 88' lang='lat' dir='ltr'>composuit</span> <span class='ocrx_word' id='word_1_208' title='bbox 613 2998 707 3063; x_wconf 91' lang='lat' dir='ltr'>Deus</span> <span class='ocrx_word' id='word_1_209' title='bbox 730 3001 813 3082; x_wconf 92' lang='lat' dir='ltr'>ipse,</span> <span class='ocrx_word' id='word_1_210' title='bbox 838 3019 939 3082; x_wconf 90' lang='lat' dir='ltr'>quem</span> <span class='ocrx_word' id='word_1_211' title='bbox 970 3019 1037 3062; x_wconf 92' lang='lat' dir='ltr'>non</span> <span class='ocrx_word' id='word_1_212' title='bbox 1056 3001 1242 3082; x_wconf 89' lang='lat' dir='ltr'>suppuduit</span> <span class='ocrx_word' id='word_1_213' title='bbox 1265 3000 1299 3062; x_wconf 92' lang='lat' dir='ltr'>in</span> <span class='ocrx_word' id='word_1_214' title='bbox 1323 2999 1473 3063; x_wconf 88' lang='lat' dir='ltr'>secundo</span> 
     </span>
     <span class='ocr_line' id='line_1_23' title="bbox 137 3112 1472 3203; baseline 0.004 -28"><span class='ocrx_word' id='word_1_215' title='bbox 137 3112 278 3177; x_wconf 88' lang='lat' dir='ltr'>Psalmo</span> <span class='ocrx_word' id='word_1_216' title='bbox 301 3115 437 3178; x_wconf 91' lang='lat' dir='ltr'>testari:</span> <span class='ocrx_word' id='word_1_217' title='bbox 462 3114 581 3177; x_wconf 78' lang='lat' dir='ltr'>Filius</span> <span class='ocrx_word' id='word_1_218' title='bbox 603 3136 697 3180; x_wconf 82' lang='lat' dir='ltr'>meur</span> <span class='ocrx_word' id='word_1_219' title='bbox 722 3135 758 3179; x_wconf 81' lang='lat' dir='ltr'>es</span> <span class='ocrx_word' id='word_1_220' title='bbox 786 3120 835 3182; x_wconf 77' lang='lat' dir='ltr'>iu.</span> <span class='ocrx_word' id='word_1_221' title='bbox 858 3116 932 3203; x_wconf 77' lang='lat' dir='ltr'>Ego</span> <span class='ocrx_word' id='word_1_222' title='bbox 954 3113 1049 3180; x_wconf 68' lang='lat' dir='ltr'>hodie</span> <span class='ocrx_word' id='word_1_223' title='bbox 1067 3116 1178 3203; x_wconf 77' lang='lat' dir='ltr'>genui</span> <span class='ocrx_word' id='word_1_224' title='bbox 1201 3120 1233 3180; x_wconf 79' lang='lat' dir='ltr'>te</span> <span class='ocrx_word' id='word_1_225' title='bbox 1254 3115 1317 3197; x_wconf 85' lang='lat'>(4);</span> <span class='ocrx_word' id='word_1_226' title='bbox 1346 3135 1409 3179; x_wconf 89' lang='lat' dir='ltr'>nec</span> <span class='ocrx_word' id='word_1_227' title='bbox 1437 3118 1472 3180; x_wconf 95' lang='lat' dir='ltr'>in</span> 
     </span>
     <span class='ocr_line' id='line_1_24' title="bbox 136 3230 1472 3318; baseline 0.002 -25"><span class='ocrx_word' id='word_1_228' title='bbox 136 3232 326 3294; x_wconf 90' lang='lat' dir='ltr'>centesimo</span> <span class='ocrx_word' id='word_1_229' title='bbox 349 3250 458 3295; x_wconf 90' lang='lat' dir='ltr'>nono:</span> <span class='ocrx_word' id='word_1_230' title='bbox 485 3231 604 3296; x_wconf 80' lang='lat' dir='ltr'>Tecum</span> <span class='ocrx_word' id='word_1_231' title='bbox 623 3231 836 3318; x_wconf 59' lang='lat' dir='ltr'>principiam</span> <span class='ocrx_word' id='word_1_232' title='bbox 859 3232 897 3296; x_wconf 88' lang='lat' dir='ltr'>in</span> <span class='ocrx_word' id='word_1_233' title='bbox 920 3230 974 3297; x_wconf 81' lang='lat' dir='ltr'>die</span> <span class='ocrx_word' id='word_1_234' title='bbox 995 3232 1137 3298; x_wconf 76' lang='lat' dir='ltr'>vt’rtutis</span> <span class='ocrx_word' id='word_1_235' title='bbox 1160 3238 1239 3298; x_wconf 75' lang='lat' dir='ltr'>tuae</span> <span class='ocrx_word' id='word_1_236' title='bbox 1260 3233 1299 3296; x_wconf 88' lang='lat' dir='ltr'>in</span> <span class='ocrx_word' id='word_1_237' title='bbox 1321 3231 1472 3318; x_wconf 78' lang='lat' dir='ltr'>splendo-</span> 
     </span>
     <span class='ocr_line' id='line_1_25' title="bbox 136 3345 1473 3436; baseline 0.001 -27"><span class='ocrx_word' id='word_1_238' title='bbox 136 3345 230 3410; x_wconf 72' lang='lat' dir='ltr'>ribus</span> <span class='ocrx_word' id='word_1_239' title='bbox 252 3351 456 3424; x_wconf 77' lang='lat' dir='ltr'>sanctorum,</span> <span class='ocrx_word' id='word_1_240' title='bbox 478 3369 523 3412; x_wconf 81' lang='lat' dir='ltr'>ex</span> <span class='ocrx_word' id='word_1_241' title='bbox 545 3352 642 3413; x_wconf 77' lang='lat' dir='ltr'>utero</span> <span class='ocrx_word' id='word_1_242' title='bbox 665 3353 744 3413; x_wconf 80' lang='lat' dir='ltr'>ante</span> <span class='ocrx_word' id='word_1_243' title='bbox 771 3347 959 3436; x_wconf 76' lang='lat' dir='ltr'>luciferum</span> <span class='ocrx_word' id='word_1_244' title='bbox 980 3349 1091 3435; x_wconf 80' lang='lat' dir='ltr'>genui</span> <span class='ocrx_word' id='word_1_245' title='bbox 1109 3354 1141 3413; x_wconf 82' lang='lat' dir='ltr'>te</span> <span class='ocrx_word' id='word_1_246' title='bbox 1160 3349 1214 3432; x_wconf 82' lang='grc'><strong>(5).</strong></span> <span class='ocrx_word' id='word_1_247' title='bbox 1238 3351 1385 3413; x_wconf 90' lang='lat' dir='ltr'>Possunt</span> <span class='ocrx_word' id='word_1_248' title='bbox 1409 3350 1473 3433; x_wconf 88' lang='lat' dir='ltr'>igi-</span> 
     </span>
     <span class='ocr_line' id='line_1_26' title="bbox 134 3449 1469 3545; baseline 0.003 -20"><span class='ocrx_word' id='word_1_249' title='bbox 134 3454 267 3534; x_wconf 86' lang='lat' dir='ltr'>turea,</span> <span class='ocrx_word' id='word_1_250' title='bbox 291 3480 379 3543; x_wconf 88' lang='lat' dir='ltr'>quae</span> <span class='ocrx_word' id='word_1_251' title='bbox 401 3472 438 3526; x_wconf 90' lang='lat' dir='ltr'>tu</span> <span class='ocrx_word' id='word_1_252' title='bbox 464 3465 549 3526; x_wconf 88' lang='lat' dir='ltr'>reris</span> <span class='ocrx_word' id='word_1_253' title='bbox 579 3464 737 3537; x_wconf 83' lang='lat' dir='ltr'>absurda,</span> <span class='ocrx_word' id='word_1_254' title='bbox 770 3466 939 3545; x_wconf 91' lang='lat' dir='ltr'>componi,</span> <span class='ocrx_word' id='word_1_255' title='bbox 964 3483 1026 3527; x_wconf 92' lang='lat' dir='ltr'>nec</span> <span class='ocrx_word' id='word_1_256' title='bbox 1056 3463 1133 3527; x_wconf 87' lang='lat' dir='ltr'>Deo</span> <span class='ocrx_word' id='word_1_257' title='bbox 1155 3449 1361 3529; x_wconf 83' lang='lat' dir='ltr'>dedecorum</span> <span class='ocrx_word' id='word_1_258' title='bbox 1392 3484 1469 3529; x_wconf 86' lang='lat' dir='ltr'>esse</span> 
     </span>
     <span class='ocr_line' id='line_1_27' title="bbox 134 3570 1473 3665; baseline 0.002 -24"><span class='ocrx_word' id='word_1_259' title='bbox 134 3577 245 3642; x_wconf 89' lang='lat' dir='ltr'>filium</span> <span class='ocrx_word' id='word_1_260' title='bbox 267 3579 406 3644; x_wconf 86' lang='lat' dir='ltr'>habere.</span> <span class='ocrx_word' id='word_1_261' title='bbox 429 3578 468 3643; x_wconf 92' lang='lat' dir='ltr'>Si</span> <span class='ocrx_word' id='word_1_262' title='bbox 490 3589 525 3643; x_wconf 90' lang='lat' dir='ltr'>te</span> <span class='ocrx_word' id='word_1_263' title='bbox 547 3570 777 3665; x_wconf 82' lang='lat' dir='ltr'>generationis</span> <span class='ocrx_word' id='word_1_264' title='bbox 800 3600 924 3644; x_wconf 90' lang='lat' dir='ltr'>nomen</span> <span class='ocrx_word' id='word_1_265' title='bbox 951 3589 985 3645; x_wconf 92' lang='lat' dir='ltr'>et</span> <span class='ocrx_word' id='word_1_266' title='bbox 1016 3578 1177 3644; x_wconf 86' lang='lat' dir='ltr'>faeminei</span> <span class='ocrx_word' id='word_1_267' title='bbox 1207 3581 1349 3664; x_wconf 90' lang='lat' dir='ltr'>alloquii</span> <span class='ocrx_word' id='word_1_268' title='bbox 1380 3602 1473 3645; x_wconf 90' lang='lat' dir='ltr'>com-</span> 
     </span>
     <span class='ocr_line' id='line_1_28' title="bbox 135 3694 1473 3780; baseline 0.002 -22"><span class='ocrx_word' id='word_1_269' title='bbox 135 3694 341 3759; x_wconf 88' lang='lat' dir='ltr'>memoratio</span> <span class='ocrx_word' id='word_1_270' title='bbox 364 3697 540 3769; x_wconf 88' lang='lat' dir='ltr'>absterret,</span> <span class='ocrx_word' id='word_1_271' title='bbox 565 3696 652 3760; x_wconf 91' lang='lat' dir='ltr'>lucis</span> <span class='ocrx_word' id='word_1_272' title='bbox 674 3707 709 3760; x_wconf 95' lang='lat' dir='ltr'>et</span> <span class='ocrx_word' id='word_1_273' title='bbox 731 3696 924 3779; x_wconf 88' lang='lat' dir='ltr'>splendoris</span> <span class='ocrx_word' id='word_1_274' title='bbox 947 3695 1117 3779; x_wconf 89' lang='lat' dir='ltr'>appositio</span> <span class='ocrx_word' id='word_1_275' title='bbox 1144 3697 1350 3780; x_wconf 88' lang='lat' dir='ltr'>tranquillet.</span> <span class='ocrx_word' id='word_1_276' title='bbox 1382 3696 1473 3761; x_wconf 88' lang='lat' dir='ltr'>Nam</span> 
     </span>
     <span class='ocr_line' id='line_1_29' title="bbox 135 3800 1472 3897; baseline 0.002 -22"><span class='ocrx_word' id='word_1_277' title='bbox 135 3811 286 3876; x_wconf 87' lang='lat' dir='ltr'>Messias</span> <span class='ocrx_word' id='word_1_278' title='bbox 309 3832 371 3875; x_wconf 91' lang='lat' dir='ltr'>nec</span> <span class='ocrx_word' id='word_1_279' title='bbox 394 3813 429 3875; x_wconf 93' lang='lat' dir='ltr'>in</span> <span class='ocrx_word' id='word_1_280' title='bbox 452 3822 590 3876; x_wconf 89' lang='lat' dir='ltr'>aeterna</span> <span class='ocrx_word' id='word_1_281' title='bbox 613 3814 835 3897; x_wconf 84' lang='lat' dir='ltr'>generatione</span> <span class='ocrx_word' id='word_1_282' title='bbox 858 3824 1002 3877; x_wconf 90' lang='lat' dir='ltr'>matrem</span> <span class='ocrx_word' id='word_1_283' title='bbox 1026 3833 1134 3896; x_wconf 88' lang='lat' dir='ltr'>neque</span> <span class='ocrx_word' id='word_1_284' title='bbox 1157 3814 1191 3876; x_wconf 91' lang='lat' dir='ltr'>in</span> <span class='ocrx_word' id='word_1_285' title='bbox 1215 3800 1397 3896; x_wconf 86' lang='lat' dir='ltr'>temporali</span> <span class='ocrx_word' id='word_1_286' title='bbox 1413 3836 1472 3897; x_wconf 94' lang='lat' dir='ltr'>pa·</span> 
     </span>
     <span class='ocr_line' id='line_1_30' title="bbox 136 3920 1473 4003; baseline 0.001 -11"><span class='ocrx_word' id='word_1_287' title='bbox 136 3920 225 3992; x_wconf 85' lang='lat' dir='ltr'>trem</span> <span class='ocrx_word' id='word_1_288' title='bbox 249 3937 369 3991; x_wconf 91' lang='lat' dir='ltr'>nactus</span> <span class='ocrx_word' id='word_1_289' title='bbox 392 3937 462 4002; x_wconf 90' lang='lat' dir='ltr'>est;</span> <span class='ocrx_word' id='word_1_290' title='bbox 485 3929 548 3991; x_wconf 87' lang='lat' dir='ltr'>sed</span> <span class='ocrx_word' id='word_1_291' title='bbox 570 3930 605 3991; x_wconf 90' lang='lat' dir='ltr'>in</span> <span class='ocrx_word' id='word_1_292' title='bbox 628 3931 762 3993; x_wconf 87' lang='lat' dir='ltr'>illasio</span> <span class='ocrx_word' id='word_1_293' title='bbox 784 3949 805 3992; x_wconf 95' lang='lat' dir='ltr'>a</span> <span class='ocrx_word' id='word_1_294' title='bbox 829 3931 930 3993; x_wconf 87' lang='lat' dir='ltr'>Patre</span> <span class='ocrx_word' id='word_1_295' title='bbox 952 3940 986 3993; x_wconf 91' lang='lat' dir='ltr'>et</span> <span class='ocrx_word' id='word_1_296' title='bbox 1010 3930 1045 3992; x_wconf 92' lang='lat' dir='ltr'>in</span> <span class='ocrx_word' id='word_1_297' title='bbox 1062 3929 1128 3993; x_wconf 87' lang='lat' dir='ltr'>ista</span> <span class='ocrx_word' id='word_1_298' title='bbox 1142 3932 1192 3992; x_wconf 93' lang='lat' dir='ltr'>sic</span> <span class='ocrx_word' id='word_1_299' title='bbox 1209 3950 1229 3992; x_wconf 90' lang='lat' dir='ltr'>a</span> <span class='ocrx_word' id='word_1_300' title='bbox 1245 3928 1367 4003; x_wconf 88' lang='lat' dir='ltr'>Matre,</span> <span class='ocrx_word' id='word_1_301' title='bbox 1384 3929 1473 3994; x_wconf 88' lang='lat' dir='ltr'>sicut</span> 
     </span>
     <span class='ocr_line' id='line_1_31' title="bbox 136 4031 1473 4129; baseline 0.002 -23"><span class='ocrx_word' id='word_1_302' title='bbox 136 4046 199 4107; x_wconf 81' lang='lat' dir='ltr'>lux</span> <span class='ocrx_word' id='word_1_303' title='bbox 226 4044 270 4107; x_wconf 89' lang='lat' dir='ltr'>ab</span> <span class='ocrx_word' id='word_1_304' title='bbox 293 4031 377 4127; x_wconf 82' lang='lat' dir='ltr'>igne</span> <span class='ocrx_word' id='word_1_305' title='bbox 395 4052 430 4107; x_wconf 89' lang='lat' dir='ltr'>et</span> <span class='ocrx_word' id='word_1_306' title='bbox 452 4046 614 4128; x_wconf 89' lang='lat' dir='ltr'>splendor</span> <span class='ocrx_word' id='word_1_307' title='bbox 636 4067 657 4109; x_wconf 98' lang='lat' dir='ltr'>a</span> <span class='ocrx_word' id='word_1_308' title='bbox 679 4046 753 4110; x_wconf 87' lang='lat' dir='ltr'>sole</span> <span class='ocrx_word' id='word_1_309' title='bbox 775 4047 950 4129; x_wconf 85' lang='lat' dir='ltr'>processit.</span> <span class='ocrx_word' id='word_1_310' title='bbox 967 4045 1012 4109; x_wconf 91' lang='lat' dir='ltr'>Et</span> <span class='ocrx_word' id='word_1_311' title='bbox 1028 4047 1106 4109; x_wconf 88' lang='lat' dir='ltr'>ideo</span> <span class='ocrx_word' id='word_1_312' title='bbox 1122 4048 1165 4109; x_wconf 90' lang='lat' dir='ltr'>de</span> <span class='ocrx_word' id='word_1_313' title='bbox 1181 4055 1325 4128; x_wconf 88' lang='lat' dir='ltr'>utraque</span> <span class='ocrx_word' id='word_1_314' title='bbox 1344 4048 1473 4110; x_wconf 89' lang='lat' dir='ltr'>dictum</span> 
     </span>
     <span class='ocr_line' id='line_1_32' title="bbox 136 4159 1473 4249; baseline 0.001 -25"><span class='ocrx_word' id='word_1_315' title='bbox 136 4171 187 4225; x_wconf 90' lang='lat' dir='ltr'>est</span> <span class='ocrx_word' id='word_1_316' title='bbox 213 4181 235 4223; x_wconf 91' lang='lat' dir='ltr'>a</span> <span class='ocrx_word' id='word_1_317' title='bbox 257 4160 393 4224; x_wconf 82' lang='lat' dir='ltr'>Psalte:</span> <span class='ocrx_word' id='word_1_318' title='bbox 416 4160 490 4247; x_wconf 83' lang='lat' dir='ltr'>Ego</span> <span class='ocrx_word' id='word_1_319' title='bbox 512 4159 607 4227; x_wconf 65' lang='lat' dir='ltr'>hodie</span> <span class='ocrx_word' id='word_1_320' title='bbox 626 4163 734 4249; x_wconf 81' lang='lat' dir='ltr'>genui</span> <span class='ocrx_word' id='word_1_321' title='bbox 754 4167 808 4233; x_wconf 80' lang='lat' dir='ltr'>ie,·</span> <span class='ocrx_word' id='word_1_322' title='bbox 830 4162 943 4236; x_wconf 89' lang='lat' dir='ltr'>hodie,</span> <span class='ocrx_word' id='word_1_323' title='bbox 965 4164 1001 4225; x_wconf 91' lang='lat' dir='ltr'>id</span> <span class='ocrx_word' id='word_1_324' title='bbox 1025 4172 1077 4225; x_wconf 88' lang='lat' dir='ltr'>est</span> <span class='ocrx_word' id='word_1_325' title='bbox 1101 4161 1135 4225; x_wconf 92' lang='lat' dir='ltr'>in</span> <span class='ocrx_word' id='word_1_326' title='bbox 1158 4163 1223 4225; x_wconf 88' lang='lat' dir='ltr'>hac</span> <span class='ocrx_word' id='word_1_327' title='bbox 1250 4163 1307 4225; x_wconf 88' lang='lat' dir='ltr'>die</span> <span class='ocrx_word' id='word_1_328' title='bbox 1330 4163 1473 4226; x_wconf 88' lang='lat' dir='ltr'>aeterni-</span> 
     </span>
     <span class='ocr_line' id='line_1_33' title="bbox 135 4276 1474 4360; baseline 0 -19"><span class='ocrx_word' id='word_1_329' title='bbox 135 4278 221 4341; x_wconf 90' lang='lat' dir='ltr'>tatis</span> <span class='ocrx_word' id='word_1_330' title='bbox 243 4276 299 4340; x_wconf 88' lang='lat' dir='ltr'>vel</span> <span class='ocrx_word' id='word_1_331' title='bbox 322 4277 489 4359; x_wconf 88' lang='lat' dir='ltr'>puritatis,</span> <span class='ocrx_word' id='word_1_332' title='bbox 519 4280 645 4342; x_wconf 91' lang='lat' dir='ltr'>nonin</span> <span class='ocrx_word' id='word_1_333' title='bbox 668 4289 767 4343; x_wconf 91' lang='lat' dir='ltr'>nocte</span> <span class='ocrx_word' id='word_1_334' title='bbox 795 4278 941 4342; x_wconf 88' lang='lat' dir='ltr'>carnalis</span> <span class='ocrx_word' id='word_1_335' title='bbox 971 4279 1222 4351; x_wconf 86' lang='lat' dir='ltr'>obscaenitatis,</span> <span class='ocrx_word' id='word_1_336' title='bbox 1253 4298 1357 4360; x_wconf 91' lang='lat' dir='ltr'>quam</span> <span class='ocrx_word' id='word_1_337' title='bbox 1388 4278 1474 4341; x_wconf 89' lang='lat' dir='ltr'>alibi</span> 
     </span>
     <span class='ocr_line' id='line_1_34' title="bbox 136 4389 1473 4478; baseline 0.001 -23"><span class='ocrx_word' id='word_1_338' title='bbox 136 4394 206 4456; x_wconf 91' lang='lat' dir='ltr'>diei</span> <span class='ocrx_word' id='word_1_339' title='bbox 231 4390 463 4466; x_wconf 88' lang='lat' dir='ltr'>formaturam,</span> <span class='ocrx_word' id='word_1_340' title='bbox 487 4389 525 4458; x_wconf 88' lang='lat' dir='ltr'>ut</span> <span class='ocrx_word' id='word_1_341' title='bbox 548 4405 733 4459; x_wconf 86' lang='lat' dir='ltr'>nocturnae</span> <span class='ocrx_word' id='word_1_342' title='bbox 756 4416 796 4458; x_wconf 90' lang='lat' dir='ltr'>ac</span> <span class='ocrx_word' id='word_1_343' title='bbox 818 4396 1019 4459; x_wconf 88' lang='lat' dir='ltr'>tenebrosae</span> <span class='ocrx_word' id='word_1_344' title='bbox 1043 4393 1247 4477; x_wconf 92' lang='lat' dir='ltr'>oppositam,</span> <span class='ocrx_word' id='word_1_345' title='bbox 1267 4394 1405 4457; x_wconf 88' lang='lat' dir='ltr'>vocavit</span> <span class='ocrx_word' id='word_1_346' title='bbox 1417 4393 1473 4478; x_wconf 82' lang='lat'>(6).</span> 
     </span>
    </p>
   </div>
   <div class='ocr_carea' id='block_1_5' title="bbox 29 4509 1470 4594">
    <p class='ocr_par' dir='ltr' id='par_1_6' title="bbox 29 4509 1470 4594">
     <span class='ocr_line' id='line_1_35' title="bbox 29 4509 1470 4594; baseline 0.001 -21"><span class='ocrx_word' id='word_1_347' title='bbox 29 4544 31 4547; x_wconf 33' lang='lat' dir='ltr'>v</span> <span class='ocrx_word' id='word_1_348' title='bbox 136 4509 184 4573; x_wconf 91' lang='lat' dir='ltr'>Et</span> <span class='ocrx_word' id='word_1_349' title='bbox 209 4510 349 4573; x_wconf 89' lang='lat' dir='ltr'>iterum:</span> <span class='ocrx_word' id='word_1_350' title='bbox 374 4510 421 4573; x_wconf 85' lang='lat' dir='ltr'>In</span> <span class='ocrx_word' id='word_1_351' title='bbox 453 4511 688 4594; x_wconf 77' lang='lat' dir='ltr'>splendoribus</span> <span class='ocrx_word' id='word_1_352' title='bbox 709 4516 902 4575; x_wconf 81' lang='lat' dir='ltr'>sanctorum</span> <span class='ocrx_word' id='word_1_353' title='bbox 921 4512 977 4594; x_wconf 83' lang='lat'><strong>(7).</strong></span> <span class='ocrx_word' id='word_1_354' title='bbox 1008 4511 1048 4573; x_wconf 92' lang='lat' dir='ltr'>In</span> <span class='ocrx_word' id='word_1_355' title='bbox 1078 4511 1239 4583; x_wconf 89' lang='lat' dir='ltr'>hebraeo,</span> <span class='ocrx_word' id='word_1_356' title='bbox 1268 4511 1470 4582; x_wconf 87' lang='lat' dir='ltr'>sanctitatis,</span> 
     </span>
    </p>
   </div>
   <div class='ocr_carea' id='block_1_6' title="bbox 136 4625 1474 5285">
    <p class='ocr_par' dir='ltr' id='par_1_7' title="bbox 136 4625 1474 5285">
     <span class='ocr_line' id='line_1_36' title="bbox 136 4625 1474 4710; baseline 0.001 -21"><span class='ocrx_word' id='word_1_357' title='bbox 136 4627 220 4707; x_wconf 91' lang='lat' dir='ltr'>quia</span> <span class='ocrx_word' id='word_1_358' title='bbox 243 4626 424 4707; x_wconf 89' lang='lat' dir='ltr'>utrobique</span> <span class='ocrx_word' id='word_1_359' title='bbox 448 4626 630 4708; x_wconf 89' lang='lat' dir='ltr'>splendida</span> <span class='ocrx_word' id='word_1_360' title='bbox 653 4636 705 4691; x_wconf 88' lang='lat' dir='ltr'>est</span> <span class='ocrx_word' id='word_1_361' title='bbox 727 4625 780 4689; x_wconf 90' lang='lat' dir='ltr'>*et</span> <span class='ocrx_word' id='word_1_362' title='bbox 796 4646 941 4708; x_wconf 86' lang='lat' dir='ltr'>syncera</span> <span class='ocrx_word' id='word_1_363' title='bbox 956 4629 1120 4691; x_wconf 90' lang='lat' dir='ltr'>sanctitas</span> <span class='ocrx_word' id='word_1_364' title='bbox 1135 4636 1170 4690; x_wconf 92' lang='lat' dir='ltr'>et</span> <span class='ocrx_word' id='word_1_365' title='bbox 1189 4627 1366 4710; x_wconf 88' lang='lat' dir='ltr'>generatio</span> <span class='ocrx_word' id='word_1_366' title='bbox 1382 4625 1474 4690; x_wconf 88' lang='lat' dir='ltr'>Mes·</span> 
     </span>
     <span class='ocr_line' id='line_1_37' title="bbox 137 4720 1473 4823; baseline 0 -17"><span class='ocrx_word' id='word_1_367' title='bbox 137 4744 222 4807; x_wconf 88' lang='lat' dir='ltr'>siae.</span> <span class='ocrx_word' id='word_1_368' title='bbox 246 4739 356 4823; x_wconf 78' lang='lat' dir='ltr'>Quem</span> <span class='ocrx_word' id='word_1_369' title='bbox 378 4742 424 4805; x_wconf 94' lang='lat' dir='ltr'>ob</span> <span class='ocrx_word' id='word_1_370' title='bbox 446 4744 601 4807; x_wconf 85' lang='lat' dir='ltr'>eamdem</span> <span class='ocrx_word' id='word_1_371' title='bbox 618 4762 754 4805; x_wconf 88' lang='lat' dir='ltr'>causam</span> <span class='ocrx_word' id='word_1_372' title='bbox 770 4744 861 4807; x_wconf 90' lang='lat' dir='ltr'>idem</span> <span class='ocrx_word' id='word_1_373' title='bbox 877 4752 974 4806; x_wconf 88' lang='lat' dir='ltr'>vates</span> <span class='ocrx_word' id='word_1_374' title='bbox 990 4720 1085 4806; x_wconf 84' lang='lat' dir='ltr'>verbi</span> <span class='ocrx_word' id='word_1_375' title='bbox 1101 4764 1121 4806; x_wconf 91' lang='lat' dir='ltr'>a</span> <span class='ocrx_word' id='word_1_376' title='bbox 1138 4742 1251 4815; x_wconf 89' lang='lat' dir='ltr'>eorde,</span> <span class='ocrx_word' id='word_1_377' title='bbox 1267 4761 1328 4805; x_wconf 92' lang='lat' dir='ltr'>seu</span> <span class='ocrx_word' id='word_1_378' title='bbox 1346 4750 1473 4816; x_wconf 87' lang='lat' dir='ltr'>mente,</span> 
     </span>
     <span class='ocr_line' id='line_1_38' title="bbox 138 4858 1473 4943; baseline 0.001 -22"><span class='ocrx_word' id='word_1_379' title='bbox 138 4858 312 4922; x_wconf 87' lang='lat' dir='ltr'>nascentis</span> <span class='ocrx_word' id='word_1_380' title='bbox 335 4860 547 4943; x_wconf 87' lang='lat' dir='ltr'>generationi</span> <span class='ocrx_word' id='word_1_381' title='bbox 571 4880 638 4922; x_wconf 92' lang='lat' dir='ltr'>non</span> <span class='ocrx_word' id='word_1_382' title='bbox 661 4859 866 4923; x_wconf 87' lang='lat' dir='ltr'>libidinosae</span> <span class='ocrx_word' id='word_1_383' title='bbox 888 4860 1096 4924; x_wconf 89' lang='lat' dir='ltr'>titillationis</span> <span class='ocrx_word' id='word_1_384' title='bbox 1120 4858 1266 4941; x_wconf 90' lang='lat' dir='ltr'>opifici0,</span> <span class='ocrx_word' id='word_1_385' title='bbox 1298 4878 1473 4942; x_wconf 85' lang='lat' dir='ltr'>compara-</span> 
     </span>
     <span class='ocr_line' id='line_1_39' title="bbox 228 5017 1473 5087; baseline 0 -19"><span class='ocrx_word' id='word_1_386' title='bbox 228 5017 267 5087; x_wconf 90' lang='lat'>(1)</span> <span class='ocrx_word' id='word_1_387' title='bbox 288 5021 375 5078; x_wconf 68' lang='lat' dir='ltr'>Prota,</span> <span class='ocrx_word' id='word_1_388' title='bbox 394 5031 437 5081; x_wconf 81' lang='lat'>30,</span> <span class='ocrx_word' id='word_1_389' title='bbox 457 5035 481 5072; x_wconf 87' lang='lat' dir='ltr'>n.</span> <span class='ocrx_word' id='word_1_390' title='bbox 500 5034 525 5084; x_wconf 90' lang='lat'>4.</span> <span class='ocrx_word' id='word_1_391' title='bbox 545 5049 574 5057; x_wconf 94' lang='lat'>—</span> <span class='ocrx_word' id='word_1_392' title='bbox 590 5024 629 5083; x_wconf 84' lang='lat'>(2)</span> <span class='ocrx_word' id='word_1_393' title='bbox 642 5022 736 5079; x_wconf 72' lang='lat' dir='ltr'>Exod„</span> <span class='ocrx_word' id='word_1_394' title='bbox 750 5032 774 5082; x_wconf 82' lang='lat'>3,</span> <span class='ocrx_word' id='word_1_395' title='bbox 788 5038 812 5073; x_wconf 87' lang='lat' dir='ltr'>n.</span> <span class='ocrx_word' id='word_1_396' title='bbox 829 5020 869 5073; x_wconf 85' lang='lat'>16.</span> <span class='ocrx_word' id='word_1_397' title='bbox 884 5050 914 5057; x_wconf 93' lang='lat'>-</span> <span class='ocrx_word' id='word_1_398' title='bbox 930 5022 967 5085; x_wconf 78' lang='grc'>(3)</span> <span class='ocrx_word' id='word_1_399' title='bbox 982 5023 1087 5079; x_wconf 73' lang='lat' dir='ltr'>Eccles„</span> <span class='ocrx_word' id='word_1_400' title='bbox 1102 5030 1143 5082; x_wconf 81' lang='lat'>51,</span> <span class='ocrx_word' id='word_1_401' title='bbox 1157 5037 1182 5073; x_wconf 85' lang='lat' dir='ltr'>n.</span> <span class='ocrx_word' id='word_1_402' title='bbox 1198 5028 1221 5078; x_wconf 84' lang='lat'>7.</span> <span class='ocrx_word' id='word_1_403' title='bbox 1236 5049 1269 5057; x_wconf 98' lang='lat'>-</span> <span class='ocrx_word' id='word_1_404' title='bbox 1282 5019 1321 5087; x_wconf 86' lang='lat'>(4)</span> <span class='ocrx_word' id='word_1_405' title='bbox 1336 5022 1434 5072; x_wconf 86' lang='lat' dir='ltr'>Psalm.</span> <span class='ocrx_word' id='word_1_406' title='bbox 1450 5034 1473 5077; x_wconf 90' lang='lat'>2,</span> 
     </span>
     <span class='ocr_line' id='line_1_40' title="bbox 138 5108 1420 5177; baseline 0.002 -20"><span class='ocrx_word' id='word_1_407' title='bbox 138 5125 164 5160; x_wconf 86' lang='lat' dir='ltr'>n.</span> <span class='ocrx_word' id='word_1_408' title='bbox 186 5116 209 5166; x_wconf 84' lang='lat'>7.</span> <span class='ocrx_word' id='word_1_409' title='bbox 232 5136 263 5146; x_wconf 90' lang='lat'>-</span> <span class='ocrx_word' id='word_1_410' title='bbox 283 5108 322 5174; x_wconf 82' lang='lat'>(5)</span> <span class='ocrx_word' id='word_1_411' title='bbox 341 5110 438 5161; x_wconf 83' lang='lat' dir='ltr'>Psalm.</span> <span class='ocrx_word' id='word_1_412' title='bbox 463 5122 518 5172; x_wconf 87' lang='lat'>109,</span> <span class='ocrx_word' id='word_1_413' title='bbox 538 5126 563 5162; x_wconf 90' lang='lat' dir='ltr'>n.</span> <span class='ocrx_word' id='word_1_414' title='bbox 583 5121 607 5171; x_wconf 82' lang='lat'>3.</span> <span class='ocrx_word' id='word_1_415' title='bbox 627 5138 661 5147; x_wconf 94' lang='lat'>-</span> <span class='ocrx_word' id='word_1_416' title='bbox 680 5108 721 5174; x_wconf 90' lang='grc'>(6)</span> <span class='ocrx_word' id='word_1_417' title='bbox 741 5112 839 5163; x_wconf 82' lang='lat' dir='ltr'>Psalm.</span> <span class='ocrx_word' id='word_1_418' title='bbox 861 5109 918 5171; x_wconf 82' lang='lat'>138,</span> <span class='ocrx_word' id='word_1_419' title='bbox 938 5128 962 5162; x_wconf 88' lang='lat' dir='ltr'>n.</span> <span class='ocrx_word' id='word_1_420' title='bbox 985 5112 1024 5162; x_wconf 79' lang='lat' dir='ltr'>rb.</span> <span class='ocrx_word' id='word_1_421' title='bbox 1046 5138 1079 5146; x_wconf 91' lang='lat'>—</span> <span class='ocrx_word' id='word_1_422' title='bbox 1097 5108 1139 5177; x_wconf 88' lang='grc'>(7)</span> <span class='ocrx_word' id='word_1_423' title='bbox 1161 5111 1259 5161; x_wconf 82' lang='lat' dir='ltr'>Psalm.</span> <span class='ocrx_word' id='word_1_424' title='bbox 1285 5121 1343 5177; x_wconf 86' lang='lat'>109,</span> <span class='ocrx_word' id='word_1_425' title='bbox 1357 5125 1381 5161; x_wconf 92' lang='lat' dir='ltr'>n.</span> <span class='ocrx_word' id='word_1_426' title='bbox 1396 5119 1420 5169; x_wconf 82' lang='lat'>3.</span> 
     </span>
     <span class='ocr_line' id='line_1_41' title="bbox 219 5229 1397 5285; baseline -0.001 -14"><span class='ocrx_word' id='word_1_427' title='bbox 219 5229 246 5271; x_wconf 90' lang='lat' dir='ltr'>C.</span> <span class='ocrx_word' id='word_1_428' title='bbox 262 5229 373 5273; x_wconf 71' lang='lat' dir='ltr'>Buccm.</span> <span class='ocrx_word' id='word_1_429' title='bbox 386 5231 444 5275; x_wconf 82' lang='lat' dir='ltr'>Rer.</span> <span class='ocrx_word' id='word_1_430' title='bbox 459 5231 526 5274; x_wconf 74' lang='lat' dir='ltr'>Aeih.</span> <span class='ocrx_word' id='word_1_431' title='bbox 541 5232 635 5285; x_wconf 49' lang='lat' dir='ltr'>Smyr.</span> <span class='ocrx_word' id='word_1_432' title='bbox 649 5245 695 5272; x_wconf 82' lang='lat' dir='ltr'>occ.</span> <span class='ocrx_word' id='word_1_433' title='bbox 711 5231 778 5275; x_wconf 79' lang='lat' dir='ltr'>r‘ned.</span> <span class='ocrx_word' id='word_1_434' title='bbox 797 5255 822 5265; x_wconf 89' lang='lat'>-</span> <span class='ocrx_word' id='word_1_435' title='bbox 838 5230 904 5274; x_wconf 86' lang='lat' dir='ltr'>VIII.</span> <span class='ocrx_word' id='word_1_436' title='bbox 1370 5242 1397 5284; x_wconf 74' lang='lat'>³⁰</span> 
     </span>
    </p>
   </div>
   <div class='ocr_carea' id='block_1_7' title="bbox 1499 1846 1819 1970">
    <p class='ocr_par' dir='ltr' id='par_1_8' title="bbox 1499 1846 1819 1970">
     <span class='ocr_line' id='line_1_42' title="bbox 1535 1846 1817 1912; baseline -0.007 -13"><span class='ocrx_word' id='word_1_437' title='bbox 1535 1849 1603 1899; x_wconf 82' lang='lat' dir='ltr'>Nee</span> <span class='ocrx_word' id='word_1_438' title='bbox 1630 1846 1817 1912; x_wconf 78' lang='lat' dir='ltr'>impossibile,</span> 
     </span>
     <span class='ocr_line' id='line_1_43' title="bbox 1499 1918 1819 1970; baseline 0 -1"><span class='ocrx_word' id='word_1_439' title='bbox 1499 1934 1552 1969; x_wconf 80' lang='lat' dir='ltr'>nec</span> <span class='ocrx_word' id='word_1_440' title='bbox 1569 1918 1734 1970; x_wconf 81' lang='lat' dir='ltr'>indecorum</span> <span class='ocrx_word' id='word_1_441' title='bbox 1759 1920 1819 1969; x_wconf 79' lang='lat' dir='ltr'>Deo</span> 
     </span>
    </p>
   </div>
   <div class='ocr_carea' id='block_1_8' title="bbox 1500 1990 1782 2041">
    <p class='ocr_par' dir='ltr' id='par_1_9' title="bbox 1500 1990 1782 2041">
     <span class='ocr_line' id='line_1_44' title="bbox 1500 1990 1782 2041; baseline -0.004 0"><span class='ocrx_word' id='word_1_442' title='bbox 1500 2000 1542 2041; x_wconf 79' lang='lat' dir='ltr'>est</span> <span class='ocrx_word' id='word_1_443' title='bbox 1559 1990 1649 2041; x_wconf 85' lang='lat' dir='ltr'>fllium</span> <span class='ocrx_word' id='word_1_444' title='bbox 1670 1991 1782 2041; x_wconf 74' lang='lat' dir='ltr'>habere.</span> 
     </span>
    </p>
   </div>
   <div class='ocr_carea' id='block_1_9' title="bbox 0 0 2034 6178">
    <p class='ocr_par' dir='ltr' id='par_1_10' title="bbox 0 0 2034 6178">
     <span class='ocr_line' id='line_1_45' title="bbox 0 0 2034 6178; baseline 0 0"><span class='ocrx_word' id='word_1_445' title='bbox 0 0 2034 6178; x_wconf 95' lang='lat' dir='ltr'> </span> 
     </span>
    </p>
   </div>
  </div>
 </body>
</html>
