<?xml version="1.0" encoding="UTF-8"?>
<!DOCTYPE html PUBLIC "-//W3C//DTD XHTML 1.0 Transitional//EN"
    "http://www.w3.org/TR/xhtml1/DTD/xhtml1-transitional.dtd">
<html xmlns="http://www.w3.org/1999/xhtml" xml:lang="en" lang="en">
 <head>
  <title>
</title>
<meta http-equiv="Content-Type" content="text/html;charset=utf-8" />
  <meta name='ocr-system' content='tesseract 3.04.00' />
  <meta name='ocr-capabilities' content='ocr_page ocr_carea ocr_par ocr_line ocrx_word'/>
</head>
<body>
  <div class='ocr_page' id='page_1' title='image "./rerumaethiopica00beccgoog_0385.png"; bbox 0 0 4066 6184; ppageno 0'>
   <div class='ocr_carea' id='block_1_1' title="bbox 194 1694 515 1830">
    <p class='ocr_par' dir='ltr' id='par_1_1' title="bbox 194 1694 515 1830">
     <span class='ocr_line' id='line_1_1' title="bbox 224 1694 515 1759; baseline 0.003 -14"><span class='ocrx_word' id='word_1_1' title='bbox 224 1694 327 1759; x_wconf 71' lang='lat' dir='ltr'>&#39;turpia</span> <span class='ocrx_word' id='word_1_2' title='bbox 339 1705 367 1745; x_wconf 87' lang='lat' dir='ltr'>et</span> <span class='ocrx_word' id='word_1_3' title='bbox 378 1695 515 1746; x_wconf 63' lang='lat' dir='ltr'>&amp;maon</span> 
     </span>
     <span class='ocr_line' id='line_1_2' title="bbox 194 1766 442 1830; baseline -0.004 -13"><span class='ocrx_word' id='word_1_4' title='bbox 194 1766 346 1830; x_wconf 74' lang='lat' dir='ltr'>proditoris</span> <span class='ocrx_word' id='word_1_5' title='bbox 365 1767 442 1829; x_wconf 72' lang='lat' dir='ltr'>fuga.</span> 
     </span>
    </p>
   </div>
   <div class='ocr_carea' id='block_1_2' title="bbox 542 586 1539 675">
    <p class='ocr_par' dir='ltr' id='par_1_2' title="bbox 542 586 1539 675">
     <span class='ocr_line' id='line_1_3' title="bbox 542 586 1539 675; baseline 0.002 -16"><span class='ocrx_word' id='word_1_6' title='bbox 542 586 604 675; x_wconf 77' lang='lat'>316</span> <span class='ocrx_word' id='word_1_7' title='bbox 874 602 1146 661; x_wconf 74' lang='lat' dir='ltr'>Exeabmrours</span> <span class='ocrx_word' id='word_1_8' title='bbox 1174 602 1433 661; x_wconf 73' lang='lat' dir='ltr'>hamtomcne</span> <span class='ocrx_word' id='word_1_9' title='bbox 1459 606 1539 661; x_wconf 79' lang='lat' dir='ltr'>erc.</span> 
     </span>
    </p>
   </div>
   <div class='ocr_carea' id='block_1_3' title="bbox 539 732 1969 4095">
    <p class='ocr_par' dir='ltr' id='par_1_3' title="bbox 539 732 1868 1637">
     <span class='ocr_line' id='line_1_4' title="bbox 539 732 1868 843; baseline 0 -22"><span class='ocrx_word' id='word_1_10' title='bbox 539 759 650 821; x_wconf 90' lang='lat' dir='ltr'>visum</span> <span class='ocrx_word' id='word_1_11' title='bbox 667 757 769 822; x_wconf 82' lang='lat' dir='ltr'>fuerit</span> <span class='ocrx_word' id='word_1_12' title='bbox 785 778 949 842; x_wconf 81' lang='lat' dir='ltr'>perquam</span> <span class='ocrx_word' id='word_1_13' title='bbox 966 759 1129 822; x_wconf 89' lang='lat' dir='ltr'>meditate</span> <span class='ocrx_word' id='word_1_14' title='bbox 1145 756 1273 822; x_wconf 87' lang='lat' dir='ltr'>factum</span> <span class='ocrx_word' id='word_1_15' title='bbox 1292 759 1393 843; x_wconf 88' lang='lat' dir='ltr'>(quod</span> <span class='ocrx_word' id='word_1_16' title='bbox 1409 779 1581 841; x_wconf 88' lang='lat' dir='ltr'>nunquam</span> <span class='ocrx_word' id='word_1_17' title='bbox 1597 760 1683 821; x_wconf 90' lang='lat' dir='ltr'>alias</span> <span class='ocrx_word' id='word_1_18' title='bbox 1694 732 1820 841; x_wconf 84' lang='lat' dir='ltr'>evenit)</span> <span class='ocrx_word' id='word_1_19' title='bbox 1835 769 1868 821; x_wconf 91' lang='lat' dir='ltr'>ut</span> 
     </span>
     <span class='ocr_line' id='line_1_5' title="bbox 541 872 1867 957; baseline 0 -20"><span class='ocrx_word' id='word_1_20' title='bbox 541 875 714 956; x_wconf 89' lang='lat' dir='ltr'>praelatos</span> <span class='ocrx_word' id='word_1_21' title='bbox 736 885 770 938; x_wconf 94' lang='lat' dir='ltr'>et</span> <span class='ocrx_word' id='word_1_22' title='bbox 794 877 827 937; x_wconf 93' lang='lat' dir='ltr'>in</span> <span class='ocrx_word' id='word_1_23' title='bbox 852 877 895 938; x_wconf 87' lang='lat' dir='ltr'>iis</span> <span class='ocrx_word' id='word_1_24' title='bbox 918 877 1114 939; x_wconf 87' lang='lat' dir='ltr'>Romanam</span> <span class='ocrx_word' id='word_1_25' title='bbox 1137 875 1239 940; x_wconf 89' lang='lat' dir='ltr'>fidem</span> <span class='ocrx_word' id='word_1_26' title='bbox 1255 876 1504 948; x_wconf 87' lang='lat' dir='ltr'>cohonestaret,</span> <span class='ocrx_word' id='word_1_27' title='bbox 1529 885 1565 938; x_wconf 91' lang='lat' dir='ltr'>et</span> <span class='ocrx_word' id='word_1_28' title='bbox 1587 877 1678 938; x_wconf 89' lang='lat' dir='ltr'>lente</span> <span class='ocrx_word' id='word_1_29' title='bbox 1702 884 1737 937; x_wconf 87' lang='lat' dir='ltr'>et</span> <span class='ocrx_word' id='word_1_30' title='bbox 1761 872 1867 957; x_wconf 83' lang='lat' dir='ltr'>peria·</span> 
     </span>
     <span class='ocr_line' id='line_1_6' title="bbox 541 989 1867 1073; baseline 0 -21"><span class='ocrx_word' id='word_1_31' title='bbox 541 990 718 1053; x_wconf 88' lang='lat' dir='ltr'>miliariter</span> <span class='ocrx_word' id='word_1_32' title='bbox 741 1010 817 1053; x_wconf 88' lang='lat' dir='ltr'>cum</span> <span class='ocrx_word' id='word_1_33' title='bbox 848 992 977 1055; x_wconf 90' lang='lat' dir='ltr'>eisdem</span> <span class='ocrx_word' id='word_1_34' title='bbox 1009 993 1200 1055; x_wconf 91' lang='lat' dir='ltr'>collocutus</span> <span class='ocrx_word' id='word_1_35' title='bbox 1230 1004 1264 1055; x_wconf 92' lang='lat' dir='ltr'>et</span> <span class='ocrx_word' id='word_1_36' title='bbox 1295 989 1420 1054; x_wconf 81' lang='lat' dir='ltr'>defixis</span> <span class='ocrx_word' id='word_1_37' title='bbox 1450 989 1646 1073; x_wconf 86' lang='lat' dir='ltr'>frequenter</span> <span class='ocrx_word' id='word_1_38' title='bbox 1675 991 1710 1052; x_wconf 91' lang='lat' dir='ltr'>in</span> <span class='ocrx_word' id='word_1_39' title='bbox 1739 990 1867 1053; x_wconf 88' lang='lat' dir='ltr'>coelum</span> 
     </span>
     <span class='ocr_line' id='line_1_7' title="bbox 540 1104 1868 1194; baseline 0 -25"><span class='ocrx_word' id='word_1_40' title='bbox 540 1107 658 1177; x_wconf 87' lang='lat' dir='ltr'>oculis,</span> <span class='ocrx_word' id='word_1_41' title='bbox 683 1109 874 1170; x_wconf 80' lang='lat' dir='ltr'>asserebat:</span> <span class='ocrx_word' id='word_1_42' title='bbox 899 1107 1115 1172; x_wconf 80' lang='lat' dir='ltr'>Annuentem</span> <span class='ocrx_word' id='word_1_43' title='bbox 1138 1114 1173 1173; x_wconf 75' lang='lat' dir='ltr'>et</span> <span class='ocrx_word' id='word_1_44' title='bbox 1183 1108 1372 1194; x_wconf 77' lang='lat' dir='ltr'>propitium</span> <span class='ocrx_word' id='word_1_45' title='bbox 1392 1108 1617 1171; x_wconf 74' lang='lat' dir='ltr'>nactisumus</span> <span class='ocrx_word' id='word_1_46' title='bbox 1640 1107 1765 1169; x_wconf 77' lang='lat' dir='ltr'>Deum.</span> <span class='ocrx_word' id='word_1_47' title='bbox 1785 1104 1868 1169; x_wconf 88' lang='lat' dir='ltr'>Cou-</span> 
     </span>
     <span class='ocr_line' id='line_1_8' title="bbox 540 1222 1866 1308; baseline 0 -24"><span class='ocrx_word' id='word_1_48' title='bbox 540 1224 618 1285; x_wconf 91' lang='lat' dir='ltr'>silio</span> <span class='ocrx_word' id='word_1_49' title='bbox 642 1243 719 1286; x_wconf 92' lang='lat' dir='ltr'>cum</span> <span class='ocrx_word' id='word_1_50' title='bbox 743 1222 848 1287; x_wconf 89' lang='lat' dir='ltr'>fratre</span> <span class='ocrx_word' id='word_1_51' title='bbox 864 1228 1124 1296; x_wconf 87' lang='lat' dir='ltr'>communicato,</span> <span class='ocrx_word' id='word_1_52' title='bbox 1142 1228 1291 1308; x_wconf 92' lang='lat' dir='ltr'>optimos</span> <span class='ocrx_word' id='word_1_53' title='bbox 1306 1245 1392 1307; x_wconf 90' lang='lat' dir='ltr'>quos</span> <span class='ocrx_word' id='word_1_54' title='bbox 1407 1225 1556 1287; x_wconf 87' lang='lat' dir='ltr'>habebat</span> <span class='ocrx_word' id='word_1_55' title='bbox 1573 1223 1700 1286; x_wconf 80' lang='lat' dir='ltr'>milites</span> <span class='ocrx_word' id='word_1_56' title='bbox 1717 1224 1760 1285; x_wconf 89' lang='lat' dir='ltr'>ad</span> <span class='ocrx_word' id='word_1_57' title='bbox 1776 1222 1866 1285; x_wconf 90' lang='lat' dir='ltr'>Prin·</span> 
     </span>
     <span class='ocr_line' id='line_1_9' title="bbox 541 1337 1867 1422; baseline -0.001 -20"><span class='ocrx_word' id='word_1_58' title='bbox 541 1339 653 1422; x_wconf 89' lang='lat' dir='ltr'>cipem</span> <span class='ocrx_word' id='word_1_59' title='bbox 676 1341 815 1411; x_wconf 84' lang='lat' dir='ltr'><strong>dimisit,</strong></span> <span class='ocrx_word' id='word_1_60' title='bbox 840 1361 903 1422; x_wconf 89' lang='lat' dir='ltr'>per</span> <span class='ocrx_word' id='word_1_61' title='bbox 925 1362 984 1403; x_wconf 89' lang='lat' dir='ltr'>eos</span> <span class='ocrx_word' id='word_1_62' title='bbox 1007 1343 1194 1405; x_wconf 90' lang='lat' dir='ltr'>admonens</span> <span class='ocrx_word' id='word_1_63' title='bbox 1217 1343 1395 1405; x_wconf 88' lang='lat' dir='ltr'>victoriam</span> <span class='ocrx_word' id='word_1_64' title='bbox 1420 1340 1606 1404; x_wconf 83' lang='lat' dir='ltr'>celeritatis</span> <span class='ocrx_word' id='word_1_65' title='bbox 1629 1359 1705 1403; x_wconf 88' lang='lat' dir='ltr'>esse</span> <span class='ocrx_word' id='word_1_66' title='bbox 1729 1337 1867 1412; x_wconf 88' lang='lat' dir='ltr'>foetum;</span> 
     </span>
     <span class='ocr_line' id='line_1_10' title="bbox 542 1454 1868 1540; baseline -0.001 -22"><span class='ocrx_word' id='word_1_67' title='bbox 542 1467 576 1518; x_wconf 90' lang='lat' dir='ltr'>et</span> <span class='ocrx_word' id='word_1_68' title='bbox 599 1458 808 1519; x_wconf 79' lang='lat' dir='ltr'>adniteretur</span> <span class='ocrx_word' id='word_1_69' title='bbox 832 1456 964 1520; x_wconf 84' lang='lat' dir='ltr'>hostem</span> <span class='ocrx_word' id='word_1_70' title='bbox 987 1477 1247 1540; x_wconf 90' lang='lat' dir='ltr'>praeoccupare,</span> <span class='ocrx_word' id='word_1_71' title='bbox 1272 1470 1454 1539; x_wconf 67' lang='lat' dir='ltr'>antennam</span> <span class='ocrx_word' id='word_1_72' title='bbox 1471 1478 1550 1520; x_wconf 84' lang='lat' dir='ltr'>suas</span> <span class='ocrx_word' id='word_1_73' title='bbox 1571 1457 1689 1538; x_wconf 90' lang='lat' dir='ltr'>copias</span> <span class='ocrx_word' id='word_1_74' title='bbox 1709 1475 1786 1518; x_wconf 90' lang='lat' dir='ltr'>cum</span> <span class='ocrx_word' id='word_1_75' title='bbox 1809 1454 1868 1517; x_wconf 88' lang='lat' dir='ltr'>La·</span> 
     </span>
     <span class='ocr_line' id='line_1_11' title="bbox 542 1574 907 1637; baseline 0.008 -3"><span class='ocrx_word' id='word_1_76' title='bbox 542 1574 713 1636; x_wconf 88' lang='lat' dir='ltr'>stensibus</span> <span class='ocrx_word' id='word_1_77' title='bbox 737 1574 907 1637; x_wconf 88' lang='lat' dir='ltr'>misceret.</span> 
     </span>
    </p>

    <p class='ocr_par' dir='ltr' id='par_1_4' title="bbox 539 1687 1969 4095">
     <span class='ocr_line' id='line_1_12' title="bbox 633 1687 1868 1773; baseline 0.001 -24"><span class='ocrx_word' id='word_1_78' title='bbox 633 1709 660 1766; x_wconf 81' lang='lat'>3.</span> <span class='ocrx_word' id='word_1_79' title='bbox 686 1687 745 1750; x_wconf 85' lang='lat' dir='ltr'>Ad</span> <span class='ocrx_word' id='word_1_80' title='bbox 769 1709 918 1771; x_wconf 81' lang='lat' dir='ltr'>unguem</span> <span class='ocrx_word' id='word_1_81' title='bbox 942 1691 1105 1772; x_wconf 78' lang='lat' dir='ltr'>Princeps</span> <span class='ocrx_word' id='word_1_82' title='bbox 1131 1693 1298 1773; x_wconf 87' lang='lat' dir='ltr'>imperata</span> <span class='ocrx_word' id='word_1_83' title='bbox 1329 1701 1380 1753; x_wconf 89' lang='lat' dir='ltr'>est</span> <span class='ocrx_word' id='word_1_84' title='bbox 1412 1701 1578 1752; x_wconf 78' lang='lat' dir='ltr'>executus</span> <span class='ocrx_word' id='word_1_85' title='bbox 1608 1700 1651 1761; x_wconf 88' lang='lat' dir='ltr'>et,</span> <span class='ocrx_word' id='word_1_86' title='bbox 1683 1688 1816 1751; x_wconf 90' lang='lat' dir='ltr'>adscito</span> <span class='ocrx_word' id='word_1_87' title='bbox 1838 1690 1868 1750; x_wconf 92' lang='lat' dir='ltr'>in</span> 
     </span>
     <span class='ocr_line' id='line_1_13' title="bbox 542 1788 1868 1889; baseline -0.001 -23"><span class='ocrx_word' id='word_1_88' title='bbox 542 1806 749 1866; x_wconf 90' lang='lat' dir='ltr'>consortium</span> <span class='ocrx_word' id='word_1_89' title='bbox 773 1826 805 1885; x_wconf 91' lang='lat' dir='ltr'>p.</span> <span class='ocrx_word' id='word_1_90' title='bbox 831 1788 1014 1868; x_wconf 85' lang='lat' dir='ltr'>Francisco</span> <span class='ocrx_word' id='word_1_91' title='bbox 1041 1806 1211 1889; x_wconf 86' lang='lat' dir='ltr'>Marquio,</span> <span class='ocrx_word' id='word_1_92' title='bbox 1242 1808 1275 1869; x_wconf 91' lang='lat' dir='ltr'>in</span> <span class='ocrx_word' id='word_1_93' title='bbox 1307 1806 1474 1887; x_wconf 85' lang='lat' dir='ltr'>Gojamae</span> <span class='ocrx_word' id='word_1_94' title='bbox 1498 1805 1660 1868; x_wconf 89' lang='lat' dir='ltr'>interiora</span> <span class='ocrx_word' id='word_1_95' title='bbox 1687 1802 1868 1867; x_wconf 86' lang='lat' dir='ltr'>festinavit.</span> 
     </span>
     <span class='ocr_line' id='line_1_14' title="bbox 542 1917 1869 2005; baseline -0.001 -24"><span class='ocrx_word' id='word_1_96' title='bbox 542 1917 618 1999; x_wconf 81' lang='lat' dir='ltr'>Quo</span> <span class='ocrx_word' id='word_1_97' title='bbox 634 1922 668 1981; x_wconf 94' lang='lat' dir='ltr'>in</span> <span class='ocrx_word' id='word_1_98' title='bbox 692 1922 839 1983; x_wconf 89' lang='lat' dir='ltr'>tumultu</span> <span class='ocrx_word' id='word_1_99' title='bbox 863 1923 1002 1984; x_wconf 86' lang='lat' dir='ltr'>rebellis</span> <span class='ocrx_word' id='word_1_100' title='bbox 1026 1920 1143 2005; x_wconf 86' lang='lat' dir='ltr'>fugam</span> <span class='ocrx_word' id='word_1_101' title='bbox 1159 1941 1279 1985; x_wconf 91' lang='lat' dir='ltr'>versus</span> <span class='ocrx_word' id='word_1_102' title='bbox 1296 1922 1529 1985; x_wconf 88' lang='lat' dir='ltr'>Nebessaeum</span> <span class='ocrx_word' id='word_1_103' title='bbox 1546 1933 1696 1983; x_wconf 89' lang='lat' dir='ltr'>montem</span> <span class='ocrx_word' id='word_1_104' title='bbox 1713 1921 1779 1983; x_wconf 89' lang='lat' dir='ltr'>sibi</span> <span class='ocrx_word' id='word_1_105' title='bbox 1796 1939 1869 1982; x_wconf 89' lang='lat' dir='ltr'>con·</span> 
     </span>
     <span class='ocr_line' id='line_1_15' title="bbox 541 2036 1870 2118; baseline -0.001 -21"><span class='ocrx_word' id='word_1_106' title='bbox 541 2036 701 2107; x_wconf 76' lang='lat' dir='ltr'>sciscens</span> <span class='ocrx_word' id='word_1_107' title='bbox 738 2057 757 2098; x_wconf 93' lang='lat' dir='ltr'>a</span> <span class='ocrx_word' id='word_1_108' title='bbox 792 2038 973 2100; x_wconf 87' lang='lat' dir='ltr'>rusticanis</span> <span class='ocrx_word' id='word_1_109' title='bbox 1008 2040 1100 2101; x_wconf 90' lang='lat' dir='ltr'>omni</span> <span class='ocrx_word' id='word_1_110' title='bbox 1137 2040 1341 2101; x_wconf 88' lang='lat' dir='ltr'>intactorum</span> <span class='ocrx_word' id='word_1_111' title='bbox 1372 2038 1484 2101; x_wconf 86' lang='lat' dir='ltr'>adhuc</span> <span class='ocrx_word' id='word_1_112' title='bbox 1515 2039 1617 2100; x_wconf 94' lang='lat' dir='ltr'>boum</span> <span class='ocrx_word' id='word_1_113' title='bbox 1649 2038 1786 2118; x_wconf 91' lang='lat' dir='ltr'>praeda,</span> <span class='ocrx_word' id='word_1_114' title='bbox 1817 2037 1870 2118; x_wconf 91' lang='lat' dir='ltr'>qui</span> 
     </span>
     <span class='ocr_line' id='line_1_16' title="bbox 541 2152 1870 2237; baseline -0.001 -23"><span class='ocrx_word' id='word_1_115' title='bbox 541 2153 586 2214; x_wconf 90' lang='lat' dir='ltr'>ad</span> <span class='ocrx_word' id='word_1_116' title='bbox 610 2162 820 2234; x_wconf 85' lang='lat' dir='ltr'>septuagena</span> <span class='ocrx_word' id='word_1_117' title='bbox 843 2155 899 2215; x_wconf 90' lang='lat' dir='ltr'>vel</span> <span class='ocrx_word' id='word_1_118' title='bbox 924 2164 1092 2237; x_wconf 89' lang='lat' dir='ltr'>octogena</span> <span class='ocrx_word' id='word_1_119' title='bbox 1116 2155 1225 2217; x_wconf 88' lang='lat' dir='ltr'>millia</span> <span class='ocrx_word' id='word_1_120' title='bbox 1248 2155 1502 2225; x_wconf 86' lang='lat' dir='ltr'>aestimabatur,</span> <span class='ocrx_word' id='word_1_121' title='bbox 1527 2153 1625 2236; x_wconf 90' lang='lat' dir='ltr'>equis</span> <span class='ocrx_word' id='word_1_122' title='bbox 1655 2163 1689 2216; x_wconf 92' lang='lat' dir='ltr'>et</span> <span class='ocrx_word' id='word_1_123' title='bbox 1720 2152 1870 2216; x_wconf 89' lang='lat' dir='ltr'>tentoriis</span> 
     </span>
     <span class='ocr_line' id='line_1_17' title="bbox 541 2265 1969 2352; baseline 0.003 -25"><span class='ocrx_word' id='word_1_124' title='bbox 541 2277 594 2328; x_wconf 89' lang='lat' dir='ltr'>est</span> <span class='ocrx_word' id='word_1_125' title='bbox 618 2269 819 2341; x_wconf 90' lang='lat' dir='ltr'>denudatus,</span> <span class='ocrx_word' id='word_1_126' title='bbox 843 2279 879 2331; x_wconf 90' lang='lat' dir='ltr'>ut</span> <span class='ocrx_word' id='word_1_127' title='bbox 914 2271 971 2352; x_wconf 93' lang='lat' dir='ltr'>qui</span> <span class='ocrx_word' id='word_1_128' title='bbox 1011 2272 1123 2333; x_wconf 89' lang='lat' dir='ltr'>aliena</span> <span class='ocrx_word' id='word_1_129' title='bbox 1161 2283 1315 2333; x_wconf 88' lang='lat' dir='ltr'>armenta</span> <span class='ocrx_word' id='word_1_130' title='bbox 1345 2272 1509 2352; x_wconf 85' lang='lat' dir='ltr'>abegerat</span> <span class='ocrx_word' id='word_1_131' title='bbox 1547 2280 1581 2332; x_wconf 88' lang='lat' dir='ltr'>et</span> <span class='ocrx_word' id='word_1_132' title='bbox 1614 2289 1712 2333; x_wconf 89' lang='lat' dir='ltr'>suum</span> <span class='ocrx_word' id='word_1_133' title='bbox 1746 2265 1869 2330; x_wconf 75' lang='lat' dir='ltr'>*tento-</span> <span class='ocrx_word' id='word_1_134' title='bbox 1892 2273 1969 2333; x_wconf 61' lang='lat'>[¹49³-</span> 
     </span>
     <span class='ocr_line' id='line_1_18' title="bbox 541 2384 1869 2468; baseline -0.002 -22"><span class='ocrx_word' id='word_1_135' title='bbox 541 2385 628 2446; x_wconf 92' lang='lat' dir='ltr'>rium</span> <span class='ocrx_word' id='word_1_136' title='bbox 653 2386 869 2447; x_wconf 85' lang='lat' dir='ltr'>alexandrini</span> <span class='ocrx_word' id='word_1_137' title='bbox 892 2387 1066 2468; x_wconf 83' lang='lat' dir='ltr'>sacrilegii</span> <span class='ocrx_word' id='word_1_138' title='bbox 1089 2407 1227 2450; x_wconf 90' lang='lat' dir='ltr'>scenam</span> <span class='ocrx_word' id='word_1_139' title='bbox 1251 2384 1390 2459; x_wconf 83' lang='lat' dir='ltr'>fecerat,</span> <span class='ocrx_word' id='word_1_140' title='bbox 1407 2404 1524 2448; x_wconf 90' lang='lat' dir='ltr'>eorum</span> <span class='ocrx_word' id='word_1_141' title='bbox 1540 2405 1652 2456; x_wconf 91' lang='lat' dir='ltr'>usura,</span> <span class='ocrx_word' id='word_1_142' title='bbox 1669 2404 1737 2448; x_wconf 93' lang='lat' dir='ltr'>non</span> <span class='ocrx_word' id='word_1_143' title='bbox 1761 2396 1869 2446; x_wconf 91' lang='lat' dir='ltr'>tamen</span> 
     </span>
     <span class='ocr_line' id='line_1_19' title="bbox 541 2500 1869 2584; baseline 0 -23"><span class='ocrx_word' id='word_1_144' title='bbox 541 2501 736 2562; x_wconf 91' lang='lat' dir='ltr'>amissionis</span> <span class='ocrx_word' id='word_1_145' title='bbox 753 2501 882 2573; x_wconf 82' lang='lat' dir='ltr'>dolore,</span> <span class='ocrx_word' id='word_1_146' title='bbox 910 2504 1111 2584; x_wconf 89' lang='lat' dir='ltr'>privaretur.</span> <span class='ocrx_word' id='word_1_147' title='bbox 1135 2502 1175 2566; x_wconf 92' lang='lat' dir='ltr'>In</span> <span class='ocrx_word' id='word_1_148' title='bbox 1199 2504 1325 2566; x_wconf 91' lang='lat' dir='ltr'>declivi</span> <span class='ocrx_word' id='word_1_149' title='bbox 1353 2505 1396 2565; x_wconf 94' lang='lat' dir='ltr'>ad</span> <span class='ocrx_word' id='word_1_150' title='bbox 1421 2502 1538 2564; x_wconf 92' lang='lat' dir='ltr'>Nilum</span> <span class='ocrx_word' id='word_1_151' title='bbox 1569 2504 1691 2565; x_wconf 90' lang='lat' dir='ltr'>itinere</span> <span class='ocrx_word' id='word_1_152' title='bbox 1715 2500 1869 2581; x_wconf 90' lang='lat' dir='ltr'>illiusque</span> 
     </span>
     <span class='ocr_line' id='line_1_20' title="bbox 540 2616 1870 2702; baseline 0.001 -25"><span class='ocrx_word' id='word_1_153' title='bbox 540 2617 694 2688; x_wconf 93' lang='lat' dir='ltr'>traiectu,</span> <span class='ocrx_word' id='word_1_154' title='bbox 730 2618 858 2681; x_wconf 88' lang='lat' dir='ltr'>multae</span> <span class='ocrx_word' id='word_1_155' title='bbox 886 2616 1055 2682; x_wconf 84' lang='lat' dir='ltr'>foeminae</span> <span class='ocrx_word' id='word_1_156' title='bbox 1086 2617 1301 2702; x_wconf 86' lang='lat' dir='ltr'>infantesque</span> <span class='ocrx_word' id='word_1_157' title='bbox 1332 2619 1462 2683; x_wconf 91' lang='lat' dir='ltr'>obtriti.</span> <span class='ocrx_word' id='word_1_158' title='bbox 1485 2618 1609 2691; x_wconf 88' lang='lat' dir='ltr'>Uxori,</span> <span class='ocrx_word' id='word_1_159' title='bbox 1637 2638 1733 2681; x_wconf 87' lang='lat' dir='ltr'>suam</span> <span class='ocrx_word' id='word_1_160' title='bbox 1764 2618 1870 2700; x_wconf 89' lang='lat' dir='ltr'>perni-</span> 
     </span>
     <span class='ocr_line' id='line_1_21' title="bbox 540 2734 1870 2817; baseline 0.002 -23"><span class='ocrx_word' id='word_1_161' title='bbox 540 2734 628 2795; x_wconf 84' lang='lat' dir='ltr'>ciem</span> <span class='ocrx_word' id='word_1_162' title='bbox 663 2735 889 2815; x_wconf 92' lang='lat' dir='ltr'>comploranti</span> <span class='ocrx_word' id='word_1_163' title='bbox 917 2745 951 2797; x_wconf 90' lang='lat' dir='ltr'>et</span> <span class='ocrx_word' id='word_1_164' title='bbox 978 2736 1160 2798; x_wconf 89' lang='lat' dir='ltr'>horribiles</span> <span class='ocrx_word' id='word_1_165' title='bbox 1190 2737 1303 2797; x_wconf 88' lang='lat' dir='ltr'>mariti</span> <span class='ocrx_word' id='word_1_166' title='bbox 1335 2735 1488 2798; x_wconf 90' lang='lat' dir='ltr'>insaniae</span> <span class='ocrx_word' id='word_1_167' title='bbox 1519 2735 1611 2798; x_wconf 89' lang='lat' dir='ltr'>diras</span> <span class='ocrx_word' id='word_1_168' title='bbox 1641 2734 1870 2817; x_wconf 89' lang='lat' dir='ltr'>impraecanti,</span> 
     </span>
     <span class='ocr_line' id='line_1_22' title="bbox 539 2849 1871 2933; baseline 0.001 -23"><span class='ocrx_word' id='word_1_169' title='bbox 539 2858 674 2928; x_wconf 84' lang='lat' dir='ltr'>praeter</span> <span class='ocrx_word' id='word_1_170' title='bbox 696 2849 919 2921; x_wconf 87' lang='lat' dir='ltr'>abortionem,</span> <span class='ocrx_word' id='word_1_171' title='bbox 943 2870 1045 2932; x_wconf 89' lang='lat' dir='ltr'>quam</span> <span class='ocrx_word' id='word_1_172' title='bbox 1068 2871 1170 2930; x_wconf 88' lang='lat' dir='ltr'>passa</span> <span class='ocrx_word' id='word_1_173' title='bbox 1193 2862 1256 2924; x_wconf 91' lang='lat' dir='ltr'>est,</span> <span class='ocrx_word' id='word_1_174' title='bbox 1287 2854 1456 2933; x_wconf 87' lang='lat' dir='ltr'>primores</span> <span class='ocrx_word' id='word_1_175' title='bbox 1478 2853 1597 2914; x_wconf 91' lang='lat' dir='ltr'>dentes</span> <span class='ocrx_word' id='word_1_176' title='bbox 1623 2851 1771 2914; x_wconf 85' lang='lat' dir='ltr'>excussi.</span> <span class='ocrx_word' id='word_1_177' title='bbox 1795 2850 1871 2912; x_wconf 82' lang='lat' dir='ltr'>Ter·</span> 
     </span>
     <span class='ocr_line' id='line_1_23' title="bbox 540 2965 1870 3049; baseline 0.003 -26"><span class='ocrx_word' id='word_1_178' title='bbox 540 2966 674 3025; x_wconf 86' lang='lat' dir='ltr'>centeni</span> <span class='ocrx_word' id='word_1_179' title='bbox 698 2965 835 3037; x_wconf 89' lang='lat' dir='ltr'>milites,</span> <span class='ocrx_word' id='word_1_180' title='bbox 859 2986 945 3046; x_wconf 89' lang='lat' dir='ltr'>quos</span> <span class='ocrx_word' id='word_1_181' title='bbox 968 2967 1012 3028; x_wconf 93' lang='lat' dir='ltr'>ad</span> <span class='ocrx_word' id='word_1_182' title='bbox 1036 2965 1251 3029; x_wconf 88' lang='lat' dir='ltr'>Nebessaeos</span> <span class='ocrx_word' id='word_1_183' title='bbox 1274 2978 1390 3048; x_wconf 89' lang='lat' dir='ltr'>patres</span> <span class='ocrx_word' id='word_1_184' title='bbox 1417 2967 1615 3049; x_wconf 91' lang='lat' dir='ltr'>spoliandos</span> <span class='ocrx_word' id='word_1_185' title='bbox 1642 2967 1870 3048; x_wconf 87' lang='lat' dir='ltr'>praemiserat,</span> 
     </span>
     <span class='ocr_line' id='line_1_24' title="bbox 540 3080 1873 3166; baseline 0.002 -26"><span class='ocrx_word' id='word_1_186' title='bbox 540 3080 621 3159; x_wconf 92' lang='lat' dir='ltr'>quin</span> <span class='ocrx_word' id='word_1_187' title='bbox 646 3080 735 3142; x_wconf 90' lang='lat' dir='ltr'>ullus</span> <span class='ocrx_word' id='word_1_188' title='bbox 758 3081 907 3151; x_wconf 88' lang='lat' dir='ltr'>redierit,</span> <span class='ocrx_word' id='word_1_189' title='bbox 932 3083 965 3143; x_wconf 91' lang='lat' dir='ltr'>in</span> <span class='ocrx_word' id='word_1_190' title='bbox 983 3084 1088 3164; x_wconf 86' lang='lat' dir='ltr'>pedes</span> <span class='ocrx_word' id='word_1_191' title='bbox 1111 3104 1147 3145; x_wconf 93' lang='lat' dir='ltr'>se</span> <span class='ocrx_word' id='word_1_192' title='bbox 1163 3085 1206 3145; x_wconf 93' lang='lat' dir='ltr'>ad</span> <span class='ocrx_word' id='word_1_193' title='bbox 1234 3083 1331 3166; x_wconf 86' lang='lat' dir='ltr'>regia</span> <span class='ocrx_word' id='word_1_194' title='bbox 1346 3095 1457 3147; x_wconf 89' lang='lat' dir='ltr'>castra</span> <span class='ocrx_word' id='word_1_195' title='bbox 1479 3085 1707 3147; x_wconf 85' lang='lat' dir='ltr'>coniecerunt.</span> <span class='ocrx_word' id='word_1_196' title='bbox 1732 3080 1873 3145; x_wconf 89' lang='lat' dir='ltr'>Senator</span> 
     </span>
     <span class='ocr_line' id='line_1_25' title="bbox 540 3196 1873 3283; baseline 0.002 -27"><span class='ocrx_word' id='word_1_197' title='bbox 540 3196 599 3275; x_wconf 91' lang='lat' dir='ltr'>qui</span> <span class='ocrx_word' id='word_1_198' title='bbox 624 3197 710 3259; x_wconf 91' lang='lat' dir='ltr'>inter</span> <span class='ocrx_word' id='word_1_199' title='bbox 732 3199 832 3259; x_wconf 86' lang='lat' dir='ltr'>vivos</span> <span class='ocrx_word' id='word_1_200' title='bbox 856 3210 1037 3272; x_wconf 89' lang='lat' dir='ltr'>manserat,</span> <span class='ocrx_word' id='word_1_201' title='bbox 1061 3220 1137 3263; x_wconf 92' lang='lat' dir='ltr'>cum</span> <span class='ocrx_word' id='word_1_202' title='bbox 1161 3200 1267 3263; x_wconf 86' lang='lat' dir='ltr'>Tecla</span> <span class='ocrx_word' id='word_1_203' title='bbox 1294 3199 1494 3282; x_wconf 66' lang='lat' dir='ltr'>Haiymainot</span> <span class='ocrx_word' id='word_1_204' title='bbox 1511 3202 1618 3283; x_wconf 88' lang='lat' dir='ltr'>ipsius</span> <span class='ocrx_word' id='word_1_205' title='bbox 1634 3218 1823 3262; x_wconf 88' lang='lat' dir='ltr'>aeconomo</span> <span class='ocrx_word' id='word_1_206' title='bbox 1840 3209 1873 3259; x_wconf 91' lang='lat' dir='ltr'>et</span> 
     </span>
     <span class='ocr_line' id='line_1_26' title="bbox 541 3312 1874 3399; baseline 0.002 -26"><span class='ocrx_word' id='word_1_207' title='bbox 541 3312 732 3394; x_wconf 87' lang='lat' dir='ltr'>praecipuis</span> <span class='ocrx_word' id='word_1_208' title='bbox 749 3317 1041 3388; x_wconf 87' lang='lat' dir='ltr'>necessariorium,</span> <span class='ocrx_word' id='word_1_209' title='bbox 1059 3315 1143 3399; x_wconf 86' lang='lat' dir='ltr'>fuga</span> <span class='ocrx_word' id='word_1_210' title='bbox 1158 3318 1329 3399; x_wconf 90' lang='lat' dir='ltr'>delapsus.</span> <span class='ocrx_word' id='word_1_211' title='bbox 1350 3314 1434 3379; x_wconf 89' lang='lat' dir='ltr'>Cum</span> <span class='ocrx_word' id='word_1_212' title='bbox 1452 3319 1505 3389; x_wconf 87' lang='lat' dir='ltr'>iis,</span> <span class='ocrx_word' id='word_1_213' title='bbox 1521 3336 1606 3399; x_wconf 91' lang='lat' dir='ltr'>quos</span> <span class='ocrx_word' id='word_1_214' title='bbox 1618 3316 1792 3386; x_wconf 83' lang='lat' dir='ltr'>vinxerat,</span> <span class='ocrx_word' id='word_1_215' title='bbox 1807 3334 1874 3385; x_wconf 83' lang='lat' dir='ltr'>ser·</span> 
     </span>
     <span class='ocr_line' id='line_1_27' title="bbox 540 3428 1872 3501; baseline 0.005 -14"><span class='ocrx_word' id='word_1_216' title='bbox 540 3428 662 3489; x_wconf 90' lang='lat' dir='ltr'>vandis</span> <span class='ocrx_word' id='word_1_217' title='bbox 678 3431 838 3493; x_wconf 88' lang='lat' dir='ltr'>custodes</span> <span class='ocrx_word' id='word_1_218' title='bbox 853 3432 921 3493; x_wconf 90' lang='lat' dir='ltr'>iam</span> <span class='ocrx_word' id='word_1_219' title='bbox 938 3452 1004 3494; x_wconf 91' lang='lat' dir='ltr'>non</span> <span class='ocrx_word' id='word_1_220' title='bbox 1021 3434 1172 3501; x_wconf 90' lang='lat' dir='ltr'>haberet,</span> <span class='ocrx_word' id='word_1_221' title='bbox 1190 3453 1252 3495; x_wconf 90' lang='lat' dir='ltr'>nec</span> <span class='ocrx_word' id='word_1_222' title='bbox 1269 3434 1427 3496; x_wconf 90' lang='lat' dir='ltr'>omnibus</span> <span class='ocrx_word' id='word_1_223' title='bbox 1447 3452 1566 3495; x_wconf 85' lang='lat' dir='ltr'>manus</span> <span class='ocrx_word' id='word_1_224' title='bbox 1582 3429 1711 3495; x_wconf 88' lang='lat' dir='ltr'>inferre</span> <span class='ocrx_word' id='word_1_225' title='bbox 1728 3432 1872 3500; x_wconf 86' lang='lat' dir='ltr'>auderet,</span> 
     </span>
     <span class='ocr_line' id='line_1_28' title="bbox 539 3545 1874 3630; baseline 0.004 -27"><span class='ocrx_word' id='word_1_226' title='bbox 539 3545 630 3624; x_wconf 92' lang='lat' dir='ltr'>quod</span> <span class='ocrx_word' id='word_1_227' title='bbox 654 3547 880 3625; x_wconf 88' lang='lat' dir='ltr'>perpenderet</span> <span class='ocrx_word' id='word_1_228' title='bbox 904 3548 1095 3628; x_wconf 91' lang='lat' dir='ltr'>aliquorum</span> <span class='ocrx_word' id='word_1_229' title='bbox 1120 3551 1226 3611; x_wconf 86' lang='lat' dir='ltr'>vitam</span> <span class='ocrx_word' id='word_1_230' title='bbox 1251 3549 1285 3611; x_wconf 94' lang='lat' dir='ltr'>in</span> <span class='ocrx_word' id='word_1_231' title='bbox 1309 3569 1391 3611; x_wconf 88' lang='lat' dir='ltr'>suae</span> <span class='ocrx_word' id='word_1_232' title='bbox 1414 3550 1699 3630; x_wconf 86' lang='lat' dir='ltr'>permutationem</span> <span class='ocrx_word' id='word_1_233' title='bbox 1724 3545 1797 3611; x_wconf 85' lang='lat' dir='ltr'>fore</span> <span class='ocrx_word' id='word_1_234' title='bbox 1820 3567 1874 3610; x_wconf 90' lang='lat' dir='ltr'>ne·</span> 
     </span>
     <span class='ocr_line' id='line_1_29' title="bbox 541 3661 1873 3747; baseline 0.005 -28"><span class='ocrx_word' id='word_1_235' title='bbox 541 3661 734 3730; x_wconf 87' lang='lat' dir='ltr'>cessariam,</span> <span class='ocrx_word' id='word_1_236' title='bbox 751 3661 866 3742; x_wconf 90' lang='lat' dir='ltr'>plures</span> <span class='ocrx_word' id='word_1_237' title='bbox 878 3665 1001 3733; x_wconf 91' lang='lat' dir='ltr'>emisit,</span> <span class='ocrx_word' id='word_1_238' title='bbox 1014 3674 1147 3744; x_wconf 89' lang='lat' dir='ltr'>praeter</span> <span class='ocrx_word' id='word_1_239' title='bbox 1159 3674 1237 3733; x_wconf 90' lang='lat' dir='ltr'>tres,</span> <span class='ocrx_word' id='word_1_240' title='bbox 1252 3683 1339 3745; x_wconf 92' lang='lat' dir='ltr'>quos</span> <span class='ocrx_word' id='word_1_241' title='bbox 1356 3665 1390 3727; x_wconf 91' lang='lat' dir='ltr'>in</span> <span class='ocrx_word' id='word_1_242' title='bbox 1406 3665 1554 3727; x_wconf 91' lang='lat' dir='ltr'>vinculis</span> <span class='ocrx_word' id='word_1_243' title='bbox 1569 3665 1721 3747; x_wconf 89' lang='lat' dir='ltr'>reliquit,</span> <span class='ocrx_word' id='word_1_244' title='bbox 1733 3682 1873 3746; x_wconf 92' lang='lat' dir='ltr'>quorum</span> 
     </span>
     <span class='ocr_line' id='line_1_30' title="bbox 540 3775 1874 3862; baseline 0.004 -28"><span class='ocrx_word' id='word_1_245' title='bbox 540 3775 701 3856; x_wconf 90' lang='lat' dir='ltr'>princeps</span> <span class='ocrx_word' id='word_1_246' title='bbox 724 3789 796 3839; x_wconf 90' lang='lat' dir='ltr'>erat</span> <span class='ocrx_word' id='word_1_247' title='bbox 822 3776 981 3860; x_wconf 80' lang='lat' dir='ltr'>Asgader</span> <span class='ocrx_word' id='word_1_248' title='bbox 1004 3790 1145 3861; x_wconf 92' lang='lat' dir='ltr'>utraque</span> <span class='ocrx_word' id='word_1_249' title='bbox 1163 3799 1297 3861; x_wconf 89' lang='lat' dir='ltr'>semper</span> <span class='ocrx_word' id='word_1_250' title='bbox 1312 3800 1414 3842; x_wconf 89' lang='lat' dir='ltr'>manu</span> <span class='ocrx_word' id='word_1_251' title='bbox 1438 3790 1617 3843; x_wconf 82' lang='lat' dir='ltr'>catenatus</span> <span class='ocrx_word' id='word_1_252' title='bbox 1639 3790 1673 3843; x_wconf 90' lang='lat' dir='ltr'>et</span> <span class='ocrx_word' id='word_1_253' title='bbox 1689 3779 1784 3862; x_wconf 93' lang='lat' dir='ltr'>quod</span> <span class='ocrx_word' id='word_1_254' title='bbox 1799 3797 1874 3861; x_wconf 92' lang='lat' dir='ltr'>pro-</span> 
     </span>
     <span class='ocr_line' id='line_1_31' title="bbox 540 3890 1874 3991; baseline 0.005 -42"><span class='ocrx_word' id='word_1_255' title='bbox 540 3890 630 3951; x_wconf 92' lang='lat' dir='ltr'>ditor</span> <span class='ocrx_word' id='word_1_256' title='bbox 653 3894 829 3956; x_wconf 89' lang='lat' dir='ltr'>monachis</span> <span class='ocrx_word' id='word_1_257' title='bbox 852 3894 1042 3968; x_wconf 69' lang='lat' dir='ltr'>haereticis</span> <span class='ocrx_word' id='word_1_258' title='bbox 1065 3915 1167 3976; x_wconf 91' lang='lat' dir='ltr'>quam</span> <span class='ocrx_word' id='word_1_259' title='bbox 1192 3898 1358 3959; x_wconf 88' lang='lat' dir='ltr'>militibus</span> <span class='ocrx_word' id='word_1_260' title='bbox 1381 3898 1458 3978; x_wconf 91' lang='lat' dir='ltr'>plus</span> <span class='ocrx_word' id='word_1_261' title='bbox 1480 3895 1610 3991; x_wconf 77' lang='lat' dir='ltr'>fideret,</span> <span class='ocrx_word' id='word_1_262' title='bbox 1635 3916 1713 3959; x_wconf 89' lang='lat' dir='ltr'>cum</span> <span class='ocrx_word' id='word_1_263' title='bbox 1729 3896 1874 3978; x_wconf 87' lang='lat' dir='ltr'>quodam</span> 
     </span>
     <span class='ocr_line' id='line_1_32' title="bbox 539 4004 1874 4095; baseline 0.005 -31"><span class='ocrx_word' id='word_1_264' title='bbox 539 4004 638 4066; x_wconf 90' lang='lat' dir='ltr'>annis</span> <span class='ocrx_word' id='word_1_265' title='bbox 662 4008 729 4069; x_wconf 93' lang='lat' dir='ltr'>iam</span> <span class='ocrx_word' id='word_1_266' title='bbox 753 4020 787 4071; x_wconf 91' lang='lat' dir='ltr'>et</span> <span class='ocrx_word' id='word_1_267' title='bbox 812 4012 983 4072; x_wconf 88' lang='lat' dir='ltr'>erroribus</span> <span class='ocrx_word' id='word_1_268' title='bbox 1005 4012 1118 4073; x_wconf 92' lang='lat' dir='ltr'>obsito</span> <span class='ocrx_word' id='word_1_269' title='bbox 1142 4012 1335 4095; x_wconf 87' lang='lat' dir='ltr'>colligatus,</span> <span class='ocrx_word' id='word_1_270' title='bbox 1365 4022 1399 4074; x_wconf 88' lang='lat' dir='ltr'>et</span> <span class='ocrx_word' id='word_1_271' title='bbox 1423 4024 1459 4074; x_wconf 92' lang='lat' dir='ltr'>ut</span> <span class='ocrx_word' id='word_1_272' title='bbox 1483 4012 1590 4074; x_wconf 88' lang='lat' dir='ltr'>tutius</span> <span class='ocrx_word' id='word_1_273' title='bbox 1616 4022 1798 4083; x_wconf 90' lang='lat' dir='ltr'>teneretur,</span> <span class='ocrx_word' id='word_1_274' title='bbox 1815 4011 1874 4073; x_wconf 90' lang='lat' dir='ltr'>mi·</span> 
     </span>
    </p>
   </div>
   <div class='ocr_carea' id='block_1_4' title="bbox 539 4119 1875 4780">
    <p class='ocr_par' dir='ltr' id='par_1_5' title="bbox 539 4119 1875 4780">
     <span class='ocr_line' id='line_1_33' title="bbox 539 4119 1873 4210; baseline 0.007 -30"><span class='ocrx_word' id='word_1_275' title='bbox 539 4119 659 4182; x_wconf 90' lang='lat' dir='ltr'>litibus</span> <span class='ocrx_word' id='word_1_276' title='bbox 682 4122 840 4195; x_wconf 91' lang='lat' dir='ltr'>iniunxit,</span> <span class='ocrx_word' id='word_1_277' title='bbox 865 4137 901 4187; x_wconf 94' lang='lat' dir='ltr'>ut</span> <span class='ocrx_word' id='word_1_278' title='bbox 925 4128 1013 4188; x_wconf 90' lang='lat' dir='ltr'>inter</span> <span class='ocrx_word' id='word_1_279' title='bbox 1036 4148 1193 4190; x_wconf 91' lang='lat' dir='ltr'>somnum</span> <span class='ocrx_word' id='word_1_280' title='bbox 1216 4128 1309 4191; x_wconf 87' lang='lat' dir='ltr'>illius</span> <span class='ocrx_word' id='word_1_281' title='bbox 1338 4128 1487 4190; x_wconf 91' lang='lat' dir='ltr'>brachiis</span> <span class='ocrx_word' id='word_1_282' title='bbox 1511 4147 1574 4210; x_wconf 92' lang='lat' dir='ltr'>pro</span> <span class='ocrx_word' id='word_1_283' title='bbox 1597 4127 1751 4209; x_wconf 88' lang='lat' dir='ltr'>pulvinis</span> <span class='ocrx_word' id='word_1_284' title='bbox 1779 4125 1873 4190; x_wconf 88' lang='lat' dir='ltr'>fulci·</span> 
     </span>
     <span class='ocr_line' id='line_1_34' title="bbox 539 4237 1875 4324; baseline 0.005 -27"><span class='ocrx_word' id='word_1_285' title='bbox 539 4246 663 4299; x_wconf 88' lang='lat' dir='ltr'>rentur.</span> <span class='ocrx_word' id='word_1_286' title='bbox 700 4237 844 4320; x_wconf 87' lang='lat' dir='ltr'>Saepius</span> <span class='ocrx_word' id='word_1_287' title='bbox 876 4240 955 4303; x_wconf 92' lang='lat' dir='ltr'>illos</span> <span class='ocrx_word' id='word_1_288' title='bbox 986 4244 1141 4322; x_wconf 90' lang='lat' dir='ltr'>precibus</span> <span class='ocrx_word' id='word_1_289' title='bbox 1173 4254 1207 4305; x_wconf 89' lang='lat' dir='ltr'>et</span> <span class='ocrx_word' id='word_1_290' title='bbox 1238 4245 1417 4324; x_wconf 86' lang='lat' dir='ltr'>promissis</span> <span class='ocrx_word' id='word_1_291' title='bbox 1447 4245 1604 4313; x_wconf 89' lang='lat' dir='ltr'>tentavit,</span> <span class='ocrx_word' id='word_1_292' title='bbox 1636 4244 1698 4305; x_wconf 90' lang='lat' dir='ltr'>sed</span> <span class='ocrx_word' id='word_1_293' title='bbox 1722 4243 1875 4306; x_wconf 87' lang='lat' dir='ltr'>evincere</span> 
     </span>
     <span class='ocr_line' id='line_1_35' title="bbox 540 4357 1875 4443; baseline 0.001 -24"><span class='ocrx_word' id='word_1_294' title='bbox 540 4373 607 4419; x_wconf 91' lang='lat' dir='ltr'>non</span> <span class='ocrx_word' id='word_1_295' title='bbox 631 4357 752 4434; x_wconf 91' lang='lat' dir='ltr'>potuit,</span> <span class='ocrx_word' id='word_1_296' title='bbox 777 4357 836 4418; x_wconf 90' lang='lat' dir='ltr'>sed</span> <span class='ocrx_word' id='word_1_297' title='bbox 860 4376 935 4418; x_wconf 92' lang='lat' dir='ltr'>cum</span> <span class='ocrx_word' id='word_1_298' title='bbox 960 4357 1076 4420; x_wconf 89' lang='lat' dir='ltr'>Nilum</span> <span class='ocrx_word' id='word_1_299' title='bbox 1101 4369 1192 4421; x_wconf 89' lang='lat' dir='ltr'>esset</span> <span class='ocrx_word' id='word_1_300' title='bbox 1214 4369 1454 4442; x_wconf 85' lang='lat' dir='ltr'>transgressus,</span> <span class='ocrx_word' id='word_1_301' title='bbox 1479 4361 1658 4443; x_wconf 83' lang='lat' dir='ltr'>egregium</span> <span class='ocrx_word' id='word_1_302' title='bbox 1674 4358 1875 4422; x_wconf 91' lang='lat' dir='ltr'>monachum</span> 
     </span>
     <span class='ocr_line' id='line_1_36' title="bbox 539 4471 1873 4558; baseline 0.001 -23"><span class='ocrx_word' id='word_1_303' title='bbox 539 4473 612 4535; x_wconf 88' lang='lat' dir='ltr'>auri</span> <span class='ocrx_word' id='word_1_304' title='bbox 637 4471 801 4553; x_wconf 91' lang='lat' dir='ltr'>pollicitis</span> <span class='ocrx_word' id='word_1_305' title='bbox 825 4473 956 4544; x_wconf 89' lang='lat' dir='ltr'>allexit,</span> <span class='ocrx_word' id='word_1_306' title='bbox 981 4484 1015 4535; x_wconf 87' lang='lat' dir='ltr'>et</span> <span class='ocrx_word' id='word_1_307' title='bbox 1039 4484 1170 4536; x_wconf 89' lang='lat' dir='ltr'>tantam</span> <span class='ocrx_word' id='word_1_308' title='bbox 1191 4476 1316 4537; x_wconf 89' lang='lat' dir='ltr'>suadae</span> <span class='ocrx_word' id='word_1_309' title='bbox 1340 4477 1410 4538; x_wconf 87' lang='lat' dir='ltr'>vim</span> <span class='ocrx_word' id='word_1_310' title='bbox 1435 4485 1602 4558; x_wconf 87' lang='lat' dir='ltr'>expertus</span> <span class='ocrx_word' id='word_1_311' title='bbox 1617 4486 1670 4538; x_wconf 89' lang='lat' dir='ltr'>est</span> <span class='ocrx_word' id='word_1_312' title='bbox 1685 4475 1740 4538; x_wconf 91' lang='lat' dir='ltr'>illi</span> <span class='ocrx_word' id='word_1_313' title='bbox 1756 4476 1873 4545; x_wconf 87' lang='lat' dir='ltr'>inesse,</span> 
     </span>
     <span class='ocr_line' id='line_1_37' title="bbox 540 4590 1874 4674; baseline 0.001 -24"><span class='ocrx_word' id='word_1_314' title='bbox 540 4598 576 4650; x_wconf 96' lang='lat' dir='ltr'>ut</span> <span class='ocrx_word' id='word_1_315' title='bbox 599 4608 717 4660; x_wconf 80' lang='lat' dir='ltr'>senex,</span> <span class='ocrx_word' id='word_1_316' title='bbox 742 4591 775 4651; x_wconf 93' lang='lat' dir='ltr'>in</span> <span class='ocrx_word' id='word_1_317' title='bbox 799 4590 1069 4669; x_wconf 87' lang='lat' dir='ltr'>praedicatorem</span> <span class='ocrx_word' id='word_1_318' title='bbox 1093 4610 1220 4659; x_wconf 88' lang='lat' dir='ltr'>versus,</span> <span class='ocrx_word' id='word_1_319' title='bbox 1245 4591 1414 4654; x_wconf 89' lang='lat' dir='ltr'>militibus</span> <span class='ocrx_word' id='word_1_320' title='bbox 1429 4593 1635 4673; x_wconf 85' lang='lat' dir='ltr'>persuaserit</span> <span class='ocrx_word' id='word_1_321' title='bbox 1658 4591 1791 4674; x_wconf 82' lang='lat' dir='ltr'>grande</span> <span class='ocrx_word' id='word_1_322' title='bbox 1806 4591 1874 4672; x_wconf 92' lang='lat' dir='ltr'>pia·</span> 
     </span>
     <span class='ocr_line' id='line_1_38' title="bbox 540 4704 1874 4780; baseline 0.003 -15"><span class='ocrx_word' id='word_1_323' title='bbox 540 4704 653 4766; x_wconf 93' lang='lat' dir='ltr'>culum</span> <span class='ocrx_word' id='word_1_324' title='bbox 678 4723 753 4765; x_wconf 89' lang='lat' dir='ltr'>esse</span> <span class='ocrx_word' id='word_1_325' title='bbox 769 4714 900 4766; x_wconf 92' lang='lat' dir='ltr'>tantum</span> <span class='ocrx_word' id='word_1_326' title='bbox 924 4707 1035 4766; x_wconf 90' lang='lat' dir='ltr'>virum</span> <span class='ocrx_word' id='word_1_327' title='bbox 1060 4707 1092 4765; x_wconf 91' lang='lat' dir='ltr'>in</span> <span class='ocrx_word' id='word_1_328' title='bbox 1116 4707 1263 4768; x_wconf 90' lang='lat' dir='ltr'>vinculis</span> <span class='ocrx_word' id='word_1_329' title='bbox 1279 4709 1435 4780; x_wconf 89' lang='lat' dir='ltr'>retinere,</span> <span class='ocrx_word' id='word_1_330' title='bbox 1451 4718 1485 4770; x_wconf 91' lang='lat' dir='ltr'>et</span> <span class='ocrx_word' id='word_1_331' title='bbox 1501 4711 1610 4771; x_wconf 90' lang='lat' dir='ltr'>satius</span> <span class='ocrx_word' id='word_1_332' title='bbox 1625 4710 1788 4771; x_wconf 90' lang='lat' dir='ltr'>omnibus</span> <span class='ocrx_word' id='word_1_333' title='bbox 1803 4725 1874 4769; x_wconf 89' lang='lat' dir='ltr'>esse</span> 
     </span>
    </p>
   </div>
   <div class='ocr_carea' id='block_1_5' title="bbox 540 4817 1874 5256">
    <p class='ocr_par' dir='ltr' id='par_1_6' title="bbox 540 4817 1874 5256">
     <span class='ocr_line' id='line_1_39' title="bbox 540 4817 1874 4906; baseline 0.003 -26"><span class='ocrx_word' id='word_1_334' title='bbox 540 4838 616 4880; x_wconf 91' lang='lat' dir='ltr'>cum</span> <span class='ocrx_word' id='word_1_335' title='bbox 642 4820 762 4880; x_wconf 91' lang='lat' dir='ltr'>eodem</span> <span class='ocrx_word' id='word_1_336' title='bbox 783 4819 817 4880; x_wconf 92' lang='lat' dir='ltr'>in</span> <span class='ocrx_word' id='word_1_337' title='bbox 835 4817 1016 4900; x_wconf 88' lang='lat' dir='ltr'>Gojamam</span> <span class='ocrx_word' id='word_1_338' title='bbox 1032 4840 1194 4884; x_wconf 86' lang='lat' dir='ltr'>remeare.</span> <span class='ocrx_word' id='word_1_339' title='bbox 1219 4819 1281 4883; x_wconf 88' lang='lat' dir='ltr'>Cui</span> <span class='ocrx_word' id='word_1_340' title='bbox 1298 4823 1443 4888; x_wconf 89' lang='lat' dir='ltr'>consilio</span> <span class='ocrx_word' id='word_1_341' title='bbox 1458 4844 1586 4896; x_wconf 91' lang='lat' dir='ltr'>omnes,</span> <span class='ocrx_word' id='word_1_342' title='bbox 1605 4834 1783 4906; x_wconf 88' lang='lat' dir='ltr'>tamquam</span> <span class='ocrx_word' id='word_1_343' title='bbox 1799 4841 1874 4885; x_wconf 86' lang='lat' dir='ltr'>vere</span> 
     </span>
     <span class='ocr_line' id='line_1_40' title="bbox 541 4934 1873 5022; baseline 0.006 -29"><span class='ocrx_word' id='word_1_344' title='bbox 541 4952 644 4994; x_wconf 91' lang='lat' dir='ltr'>aureo</span> <span class='ocrx_word' id='word_1_345' title='bbox 669 4945 862 5014; x_wconf 89' lang='lat' dir='ltr'>paruerunt.</span> <span class='ocrx_word' id='word_1_346' title='bbox 888 4936 1052 5007; x_wconf 88' lang='lat' dir='ltr'>Peditem,</span> <span class='ocrx_word' id='word_1_347' title='bbox 1077 4946 1111 4999; x_wconf 91' lang='lat' dir='ltr'>et</span> <span class='ocrx_word' id='word_1_348' title='bbox 1134 4934 1225 4999; x_wconf 87' lang='lat' dir='ltr'>fame</span> <span class='ocrx_word' id='word_1_349' title='bbox 1251 4949 1408 5002; x_wconf 89' lang='lat' dir='ltr'>enectum</span> <span class='ocrx_word' id='word_1_350' title='bbox 1432 4942 1587 5022; x_wconf 91' lang='lat' dir='ltr'>proditor</span> <span class='ocrx_word' id='word_1_351' title='bbox 1609 4950 1788 5010; x_wconf 85' lang='lat' dir='ltr'>avexerat,</span> <span class='ocrx_word' id='word_1_352' title='bbox 1817 4938 1873 5001; x_wconf 86' lang='lat' dir='ltr'>sed</span> 
     </span>
     <span class='ocr_line' id='line_1_41' title="bbox 543 5050 1874 5133; baseline 0.005 -24"><span class='ocrx_word' id='word_1_353' title='bbox 543 5050 734 5129; x_wconf 89' lang='lat' dir='ltr'>populares,</span> <span class='ocrx_word' id='word_1_354' title='bbox 760 5051 818 5112; x_wconf 93' lang='lat' dir='ltr'>ubi</span> <span class='ocrx_word' id='word_1_355' title='bbox 841 5063 1052 5133; x_wconf 86' lang='lat' dir='ltr'>agnoverunt</span> <span class='ocrx_word' id='word_1_356' title='bbox 1076 5055 1225 5133; x_wconf 91' lang='lat' dir='ltr'>equitem</span> <span class='ocrx_word' id='word_1_357' title='bbox 1249 5066 1283 5117; x_wconf 89' lang='lat' dir='ltr'>et</span> <span class='ocrx_word' id='word_1_358' title='bbox 1306 5066 1458 5119; x_wconf 89' lang='lat' dir='ltr'>saturum</span> <span class='ocrx_word' id='word_1_359' title='bbox 1482 5066 1516 5119; x_wconf 88' lang='lat' dir='ltr'>et</span> <span class='ocrx_word' id='word_1_360' title='bbox 1544 5057 1687 5120; x_wconf 89' lang='lat' dir='ltr'>cibariis</span> <span class='ocrx_word' id='word_1_361' title='bbox 1710 5056 1754 5119; x_wconf 88' lang='lat' dir='ltr'>ad</span> <span class='ocrx_word' id='word_1_362' title='bbox 1789 5055 1874 5118; x_wconf 89' lang='lat' dir='ltr'>viam</span> 
     </span>
     <span class='ocr_line' id='line_1_42' title="bbox 541 5165 1871 5256; baseline 0.012 -31"><span class='ocrx_word' id='word_1_363' title='bbox 541 5165 751 5237; x_wconf 89' lang='lat' dir='ltr'>instructum,</span> <span class='ocrx_word' id='word_1_364' title='bbox 777 5167 964 5230; x_wconf 87' lang='lat' dir='ltr'>reddidere.</span> <span class='ocrx_word' id='word_1_365' title='bbox 989 5166 1055 5248; x_wconf 84' lang='lat' dir='ltr'>Qui</span> <span class='ocrx_word' id='word_1_366' title='bbox 1080 5171 1143 5230; x_wconf 91' lang='lat' dir='ltr'>etsi</span> <span class='ocrx_word' id='word_1_367' title='bbox 1172 5182 1316 5234; x_wconf 88' lang='lat' dir='ltr'>mortem</span> <span class='ocrx_word' id='word_1_368' title='bbox 1339 5183 1482 5235; x_wconf 90' lang='lat' dir='ltr'>nonest</span> <span class='ocrx_word' id='word_1_369' title='bbox 1509 5191 1706 5255; x_wconf 90' lang='lat' dir='ltr'>perpessus,</span> <span class='ocrx_word' id='word_1_370' title='bbox 1723 5173 1786 5235; x_wconf 91' lang='lat' dir='ltr'>illa</span> <span class='ocrx_word' id='word_1_371' title='bbox 1803 5171 1871 5256; x_wconf 80' lang='lat' dir='ltr'>ipsi,</span> 
     </span>
    </p>
   </div>
   <div class='ocr_carea' id='block_1_6' title="bbox 0 0 2038 6180">
    <p class='ocr_par' dir='ltr' id='par_1_7' title="bbox 0 0 2038 6180">
     <span class='ocr_line' id='line_1_43' title="bbox 0 0 2038 6180; baseline 0 0"><span class='ocrx_word' id='word_1_372' title='bbox 0 0 2038 6180; x_wconf 95' lang='lat' dir='ltr'> </span> 
     </span>
    </p>
   </div>
  </div>
 </body>
</html>
