4066 6184
558 555 619 638 276
890 565 1166 623 sxpsmmoms
1190 565 1451 623 ammonens
1475 564 1555 622 ste.

2013 456 2014 491 l

205 726 527 860 ffissssflssssnssffl
648 740 676 783 2.
706 718 785 784 Hoc
815 719 980 803 temporis
1011 721 1184 785 ininsula
1213 718 1422 784 Mechareca
1444 718 1536 783 vitae
1563 718 1717 783 debitum
1742 716 1890 782 exsolvit

205 879 268 921 ,m
285 868 414 929 electum,
432 868 528 932 gravis
555 836 742 900 monachus
765 857 892 900 saxeae
916 837 950 900 in
973 840 1067 901 avita
1090 838 1224 901 haeresi
1250 836 1471 920 pertinaciae,
1501 837 1613 900 dictus
1636 835 1722 899 Zara
1744 831 1889 919 Onguel,

205 951 309 993 ‘mm'-
555 954 649 1033 prius
672 952 832 1036 Ichegue,
855 972 915 1017 seu
938 954 1110 1037 generalis
1134 953 1264 1017 ordinis
1286 952 1413 1016 Teclae
1436 949 1647 1036 Halymainot,
1663 971 1767 1036 quem
1781 951 1890 1033 Impe·

554 1078 647 1132 rator
670 1068 743 1150 ipse
767 1079 801 1133 et
824 1069 884 1132 alii
906 1070 1021 1132 uxorii
1045 1071 1120 1134 solo
1145 1070 1306 1134 abbatum
1340 1070 1478 1133 nomine
1509 1066 1660 1152 profiteri
1689 1067 1888 1151 gloriantur.

555 1183 657 1247 Hunc
677 1184 937 1258 coenobiarcha,
962 1206 1029 1248 non
1053 1187 1204 1270 degener
1225 1188 1259 1248 in
1284 1187 1430 1250 coeteris
1453 1184 1655 1258 catholicus,
1678 1185 1779 1248 iussit
1805 1182 1891 1246 intra

554 1301 659 1383 adyta
684 1310 763 1364 ante
786 1302 906 1366 altaris
936 1303 1064 1386 gradus
1093 1300 1265 1367 tumulari.
1295 1299 1398 1384 Quod
1427 1302 1495 1365 sibi
1527 1301 1721 1384 displicere,
1753 1299 1891 1363 alterius

554 1416 712 1480 coenobii
736 1419 902 1501 magistro
929 1427 963 1481 et
992 1427 1090 1500 patre
1120 1419 1269 1500 quodam
1300 1436 1320 1480 e
1351 1414 1524 1481 Societate
1553 1415 1632 1481 Iesu
1663 1417 1890 1489 internuntiis,

554 1532 753 1596 Patriarcha
775 1533 827 1595 illi
852 1531 950 1596 iussit
972 1530 1169 1617 significari,
1193 1541 1229 1596 et
1254 1534 1423 1615 templum
1453 1530 1559 1597 fuisse
1590 1534 1684 1597 illius
1715 1533 1890 1597 cadaveris

554 1648 707 1711 illatione
731 1650 955 1713 desecratum.
984 1648 1037 1712 De
1054 1648 1115 1712 illo
1130 1647 1345 1712 extrahendo
1360 1668 1406 1711 ex
1422 1648 1594 1713 destinato
1610 1648 1698 1712 nihil
1713 1651 1749 1712 in
1765 1658 1890 1714 utram·

552 1784 619 1847 que
642 1774 775 1847 partem
799 1765 899 1838 dixit,
924 1784 966 1828 ne
989 1773 1047 1828 aut
1070 1764 1282 1829 anathemati
1306 1762 1433 1837 favere,
1457 1766 1567 1829 autin
1582 1766 1723 1829 umbras
1738 1764 1890 1849 impense

553 1882 700 1944 crudelis
723 1881 914 1954 videretur;
947 1881 1171 1963 praevidebat
1198 1882 1289 1944 enim
1324 1900 1396 1945 rem
1423 1882 1582 1945 acerbam
1612 1880 1811 1945 inordinato
1840 1880 1889 1945 illi

552 1997 664 2060 ordini
695 1995 854 2061 futuram.
886 1994 957 2061 Sed
988 1997 1247 2071 coenobiarcha,
1279 2017 1357 2061 cum
1388 1999 1499 2081 ipsum
1530 2017 1612 2062 suae
1646 1996 1889 2083 incogitantiae

551 2115 767 2197 suppuderet,
791 2115 938 2178 cadaver
960 2123 1061 2178 extra
1084 2115 1203 2197 templi
1226 2115 1404 2197 pomoeria
1433 2116 1545 2178 eiecit.
1576 2112 1677 2197 Quod
1708 2114 1813 2178 valde
1841 2115 1888 2176 in·

551 2230 693 2313 dignum
717 2251 737 2294 a
761 2231 877 2294 multis
898 2229 1053 2294 habitum
1076 2241 1110 2294 et
1134 2230 1306 2294 communi
1337 2231 1615 2313 expostulatione
1634 2231 1809 2305 iactatum,
1825 2229 1887 2293 Lu·

551 2349 681 2411 sitanos
704 2348 779 2429 ipsa
802 2356 1013 2411 mortuorum
1035 2366 1115 2411 ossa
1138 2347 1326 2412 sollicitare
1349 2357 1384 2412 et
1407 2367 1485 2411 cum
1510 2347 1615 2412 larvis
1636 2346 1827 2412 colluctari.

238 2473 325 2523 Plura
347 2472 524 2525 veneficia
642 2483 672 2543 3.
696 2461 907 2546 Conceptum
930 2483 977 2527 ex
999 2463 1065 2527 hoc
1100 2473 1225 2528 evento
1256 2463 1412 2528 dolorem
1444 2464 1618 2548 sequentis
1647 2462 1805 2528 incursus
1830 2483 1886 2548 ag·

202 2543 380 2667 xm?
407 2545 522 2597 domum
551 2582 697 2663 geravit.
721 2580 940 2644 Patriarchae
962 2580 1101 2644 domum
1125 2599 1272 2665 magnae
1296 2580 1520 2664 intemperiae
1543 2580 1728 2663 agitaruut.
1751 2579 1792 2645 In
1823 2599 1886 2662 qua

550 2694 648 2760 faber
672 2695 833 2761 ferrarius
857 2695 1011 2779 (quorum
1036 2695 1166 2760 nationi
1189 2697 1224 2758 in
1248 2695 1440 2779 Aethiopia
1466 2698 1617 2760 creditur
1646 2715 1703 2759 ars
1733 2692 1886 2759 malefica

550 2812 798 2896 oppignerata),
822 2814 881 2895 qui
904 2811 1076 2876 officinam
1099 2814 1188 2876 intra
1216 2823 1314 2896 septa
1337 2814 1570 2886 constituerat,
1594 2811 1787 2877 domestico
1809 2812 1885 2876 ado·

550 2930 692 2993 lescenti
716 2930 848 2993 duobus
871 2928 943 2992 vini
974 2929 1109 3011 poculis
1138 2950 1184 2993 ex
1208 2929 1374 3011 amphora
1397 2930 1441 2992 ab
1463 2948 1652 2993 aeconomo
1674 2938 1831 3014 erogata,
1853 2929 1884 2991 in

550 3046 687 3129 signum
710 3044 984 3118 benevolentiae,
1007 3045 1212 3127 propinavit
1233 3043 1363 3108 Vinum
1378 3045 1519 3128 quidem
1533 3053 1660 3129 guttur,
1676 3046 1740 3109 sed
1755 3047 1886 3110 animus

549 3161 636 3224 bibit
648 3181 827 3225 venenum.
844 3159 1009 3224 Iuvenem
1024 3160 1202 3243 repentina
1218 3160 1412 3243 lymphatio
1428 3161 1578 3235 incessit,
1590 3163 1650 3245 qui
1662 3182 1683 3225 a
1694 3162 1815 3226 multis
1830 3181 1884 3225 va·

550 3277 619 3339 lide
643 3278 976 3360 apprehendentibus
992 3276 1167 3358 applicitis
1181 3279 1285 3341 etiam
1301 3286 1498 3341 sanctorum
1509 3277 1674 3360 reliquiis,
1686 3298 1756 3341 non
1771 3286 1884 3361 posset

549 3394 710 3456 edomari.
736 3393 797 3457 Ad
820 3393 947 3457 Christi
971 3401 1102 3455 tantum
1124 3411 1144 3454 e
1167 3412 1267 3456 cruce
1289 3393 1472 3475 pendentis
1494 3394 1681 3478 imaginem
1705 3390 1800 3460 furor
1815 3395 1884 3456 len·

547 3510 709 3581 tescebat,
734 3510 868 3592 sibique
891 3530 951 3574 cor
974 3511 1085 3574 redire
1109 3507 1331 3584 *affirmabat
1361 3509 1423 3573 sed
1453 3529 1494 3574 ea
1521 3519 1645 3584 amota,
1670 3510 1706 3573 in
1736 3511 1883 3592 priorem
1905 3517 1981 3579 um

548 3625 715 3688 insaniam
749 3626 1002 3691 revolvebatur.
1032 3625 1079 3690 Et
1109 3627 1153 3689 ab
1185 3645 1372 3689 aeconomo
1402 3645 1521 3691 sacrae
1551 3625 1714 3710 imaginis
1744 3626 1882 3691 admotu

547 3743 683 3823 saepius
707 3752 935 3826 oppugnatus,
958 3761 1062 3827 aegre
1085 3741 1224 3806 tandem
1248 3761 1329 3807 suae
1356 3742 1559 3807 turbationis
1589 3750 1776 3816 auctorem,
1807 3753 1884 3825 post

547 3858 621 3920 dies
643 3859 784 3939 aliquot,
810 3858 983 3931 indicavit,
1006 3878 1043 3922 se
1066 3858 1160 3941 prius
1183 3879 1204 3922 a
1228 3878 1291 3922 suo
1313 3858 1398 3922 hero
1422 3857 1482 3942 (ita
1497 3857 1632 3922 fabrum
1647 3857 1808 3944 vocabat)
1824 3858 1882 3922 im·

548 3993 646 4037 mane
670 3972 752 4037 ferri
775 3975 908 4056 pondus
942 3994 1003 4058 per
1029 3976 1108 4039 avia
1135 3985 1338 4040 convectare
1371 3984 1536 4048 coactum,
1568 3972 1665 4059 loqui
1691 3976 1797 4039 etiam
1826 3994 1882 4039 ve·

547 4088 656 4163 titum,
695 4100 899 4154 contestans.
932 4091 1000 4154 Die
1031 4092 1190 4163 crastina,
1220 4086 1320 4156 fabro
1350 4109 1557 4155 aeconomus
1586 4091 1741 4154 narravit
1769 4090 1882 4155 adole·

547 4217 699 4270 scentem
731 4208 826 4271 illum
858 4209 912 4271 sui
943 4208 1026 4271 mali
1049 4205 1280 4292 querimonias
1304 4208 1339 4269 in
1366 4207 1479 4289 ipsum
1502 4202 1668 4269 conferre.
1691 4204 1747 4268 Eo
1768 4214 1881 4269 tamen

549 4320 729 4397 inficiante,
761 4335 795 4388 et
826 4322 888 4388 illa
918 4343 1034 4388 coram
1066 4344 1103 4388 se
1135 4343 1203 4387 non
1234 4342 1310 4386 esse
1333 4323 1544 4405 prolaturum
1566 4323 1814 4405 ingeminante,
1837 4340 1881 4385 ex

547 4449 700 4501 materna
722 4439 758 4502 in
781 4440 1001 4503 Patriarchae
1024 4440 1316 4511 domumtractus
1338 4446 1391 4502 est
1414 4438 1625 4502 adolescens.
1641 4436 1688 4501 Et
1703 4437 1739 4501 in
1759 4439 1881 4503 atrium

547 4552 729 4637 ingressus,
752 4556 909 4636 quamvis
932 4556 1089 4630 nesciret,
1113 4554 1204 4620 intus
1227 4575 1303 4618 esse
1319 4552 1465 4627 fabrum,
1482 4555 1591 4617 tribus
1606 4575 1627 4617 a
1642 4574 1680 4618 se
1695 4554 1881 4637 parietibus

547 4670 742 4742 disclusum,
768 4671 815 4733 ita
839 4671 952 4753 coepit
986 4672 1229 4735 exhorrescere
1259 4679 1293 4734 et
1325 4669 1527 4735 tumultuari
1559 4669 1755 4755 (clamitans
1784 4690 1879 4735 suum

547 4785 667 4848 herum
691 4787 782 4850 intus
805 4787 1006 4851 delitescere
1029 4807 1091 4851 nec
1107 4789 1173 4851 sibi
1190 4785 1390 4851 facultatem
1405 4787 1449 4850 ad
1473 4786 1735 4871 ingrediendum
1752 4787 1879 4872 largiri)

546 4913 583 4964 ut
607 4904 720 4984 ipsum
742 4913 887 4986 quatuor
909 4906 1050 4967 iuvenes
1071 4902 1301 4968 robustissimi
1325 4904 1447 4967 sistere
1470 4922 1538 4966 non
1568 4913 1721 4986 possent.
1753 4902 1825 4967 Ubi
1847 4902 1878 4965 in

545 5018 741 5083 interiorem
765 5021 905 5084 domum
927 5021 1090 5104 perlatus,
1113 5021 1223 5084 oculis
1246 5022 1280 5083 in
1304 5017 1440 5083 fabrum
1464 5019 1615 5093 incurrit,
1639 5019 1684 5084 ad
1707 5040 1745 5083 se
1765 5029 1878 5104 tegen-

546 5135 626 5198 dum
650 5157 821 5219 appensae
845 5136 997 5202 cortinae
1029 5136 1226 5221 confugium
1258 5136 1439 5219 quaesivit,
1467 5133 1628 5205 frendens
1654 5135 1756 5201 illum
1784 5156 1877 5201 suum
