4124 6182
89 4212 96 4225 ·
155 4193 187 4235 .·.
214 4190 260 4232 ex
285 4166 476 4231 clerica*lis
499 4167 716 4239 characteris,
740 4168 783 4229 de
805 4188 873 4249 quo
898 4165 998 4237 inira,
1022 4186 1125 4249 quarn
1149 4187 1194 4228 ex
1217 4166 1379 4228 materiae
1403 4162 1551 4249 defectu)

679 542 796 591 ursan
820 544 844 602 1,
868 541 993 592 CAPUT
1017 544 1066 592 vr.
1497 535 1536 609 65

204 695 293 748 esset
316 687 542 750 exoluturus?
564 686 629 751 Ille
652 708 736 751 vero
758 689 924 753 addebat:
948 688 1113 753 Mentitus
1136 711 1220 763 sum,
1245 692 1392 755 alienam
1414 689 1540 754 famam

205 801 260 863 vel
292 822 439 865 uxorem
466 803 605 867 violavi.
637 803 733 867 Tunc
764 806 885 886 ipsum,
919 807 1069 869 iniuncta
1104 807 1240 877 mulcta,
1272 806 1416 869 liberum
1448 808 1541 870 abire

205 918 354 989 iubebat,
379 920 440 981 sed
464 938 573 991 nemo,
599 929 781 1001 antequam
799 921 892 983 illam
909 922 1043 1002 penitus
1059 923 1279 1004 persolveret,
1296 941 1393 985 sacro
1408 921 1542 985 Eucha·
1606 940 1677 986 nnte
1685 935 1817 985 mulctam
1826 946 1887 996 per-

206 1035 322 1097 ristiae
345 1035 448 1116 epulo
471 1036 705 1108 accumbebat,
728 1055 805 1098 cum
829 1056 1070 1118 nonnunquam
1093 1057 1208 1111 unum,
1232 1038 1289 1100 vel
1320 1039 1405 1101 duos
1435 1059 1542 1101 annos
1570 1009 1795 1130 ffssffi'bssfm
1813 1019 1890 1053 ω’

207 1149 369 1221 ieiunare,
397 1160 431 1213 et
461 1151 607 1233 singulis
637 1152 759 1215 diebus
789 1151 1047 1236 quinquaginta,
1080 1155 1135 1216 vel
1166 1164 1302 1216 centum
1337 1156 1392 1217 vel
1423 1174 1543 1217 omnes

207 1264 355 1329 Davidis
371 1267 523 1348 psalmos
538 1268 682 1333 recitare
699 1269 880 1332 iuberetur.
899 1267 1001 1331 Unde
1015 1279 1125 1332 ortum
1138 1289 1180 1331 ne
1195 1271 1408 1334 moribundis
1423 1271 1542 1333 eadem

208 1378 360 1463 Synaxis
380 1383 592 1464 praebeatur,
610 1402 687 1445 cum
702 1393 832 1465 putent,
853 1385 938 1448 nihil
954 1387 1039 1467 ipsis
1054 1384 1265 1467 profuturam
1282 1384 1543 1459 confessionem,

207 1501 235 1561 si
259 1499 349 1562 desit
372 1510 505 1580 tempus
528 1499 571 1562 ad
594 1496 837 1563 satisfactionis
861 1502 1030 1564 cumulum
1047 1502 1251 1565 addendum.
1268 1502 1334 1564 Illa
1350 1522 1449 1565 nemo
1464 1514 1543 1566 ante

208 1615 415 1699 vigesimum
438 1618 592 1698 quintum
616 1618 737 1681 aetatis
760 1637 895 1689 annum,
918 1637 1021 1700 quem
1045 1620 1260 1682 innocentiae
1275 1621 1455 1682 terminum
1472 1593 1543 1683 crc-

208 1733 345 1804 debant,
370 1733 476 1794 animi
498 1734 618 1796 sordes
641 1734 786 1796 eluebat.
810 1734 913 1796 Tales
936 1754 1019 1797 vero
1037 1745 1168 1798 tantum
1184 1737 1345 1799 rebantur
1361 1737 1542 1809 maechari,

209 1848 365 1910 occidere
389 1857 423 1911 et
446 1849 559 1911 aliena
582 1847 705 1923 furari;
730 1869 793 1912 nec
816 1859 929 1912 tamen
953 1851 1024 1912 ulla
1049 1852 1206 1931 cuiquam
1230 1852 1412 1915 redhibitio
1439 1851 1543 1935 impa-
1607 1862 1799 1914 Restitutio
1817 1860 1891 1912 nuru

209 1965 359 2036 rabatur,
383 1965 450 2057 sed
467 1966 549 2026 novi
572 1966 661 2046 apud
685 1986 745 2028 eos
769 1966 850 2028 iuris
870 1967 990 2049 regula
1004 1967 1154 2049 vigebat,
1172 1976 1208 2029 ut
1224 1968 1450 2031 dimitteretur
1465 1989 1544 2050 pec·
1572 1936 1768 1999 imperabatur.

210 2087 323 2142 catum
354 2080 436 2159 quin
471 2080 703 2142 restitueretur
736 2082 897 2144 ablatum.
925 2078 1010 2144 Cum
1042 2081 1153 2144 soluta
1183 2083 1325 2147 scortari
1357 2085 1443 2147 adeo
1474 2095 1545 2147 erat

211 2194 400 2266 innoxium,
424 2204 461 2257 ut
484 2214 561 2257 cum
585 2197 652 2258 duo
676 2199 767 2277 pacti
791 2206 904 2260 essent
920 2216 982 2278 per
1000 2207 1107 2259 totam
1123 2199 1292 2279 hyemem,
1309 2202 1365 2261 vel
1381 2209 1544 2263 aestatem

211 2314 441 2394 congraecari‚
465 2312 626 2375 clericum
651 2312 794 2384 adirent,
818 2323 864 2384 ut,
889 2313 1090 2395 interposito
1106 2316 1329 2386 anathemate,
1350 2325 1481 2378 vetaret
1504 2336 1546 2378 ne

212 2431 270 2492 ille
294 2429 338 2492 ad
361 2407 517 2500 alteram,
541 2429 597 2491 vel
620 2430 682 2491 illa
705 2429 748 2491 ad
773 2430 916 2492 alterum
940 2431 1068 2503 abiret;
1092 2440 1127 2492 et
1150 2428 1300 2501 maritus
1317 2430 1361 2493 ad
1379 2430 1546 2511 proelium

212 2545 401 2615 discedens,
436 2564 577 2607 uxorem
614 2553 808 2626 precaretur
841 2554 878 2609 ut
912 2565 1014 2627 quam
1041 2545 1147 2608 vellet
1178 2565 1223 2607 ex
1253 2545 1458 2628 pedisequis,
1489 2548 1546 2609 vel

212 2661 348 2724 ancillis
371 2660 439 2723 sibi
462 2662 495 2722 in
520 2662 702 2724 militarem
723 2660 857 2724 thorum
874 2660 1078 2743 designaret,
1096 2680 1172 2724 curn
1189 2680 1256 2741 qua
1272 2659 1445 2723 libidinari
1461 2661 1546 2724 nihil

212 2789 284 2841 erat
308 2787 388 2840 ante
411 2776 522 2839 Deum
546 2778 682 2859 piaculi,
707 2778 763 2839 vel
791 2778 825 2838 in
857 2778 983 2839 vicinia
1013 2775 1223 2851 offensionis,
1254 2797 1322 2859 quo
1345 2779 1456 2839 minus
1479 2779 1547 2840 sin-

212 2892 304 2975 gulis
327 2893 450 2955 diebus
472 2892 654 2955 dominicis
676 2891 891 2975 Angelorum
914 2912 1010 2974 pane,
1035 2902 1125 2955 utet
1148 2892 1324 2975 praedicti,
1346 2891 1548 2957 reficeretur.

213 3010 402 3091 Plerosque
425 3028 507 3071 vera
529 3009 628 3072 huius
651 3008 854 3072 sacramenti
877 3005 988 3071 forma
1014 3010 1156 3082 latebat;
1184 3011 1270 3072 duae
1300 3009 1549 3074 communiores
1612 3025 1731 3105 Formae
1745 3020 1894 3104 poeniren-

213 3126 455 3207 precationem,
487 3144 553 3187 una
583 3132 714 3187 tantum
741 3126 891 3205 aliquam
916 3124 1086 3188 iudicialis
1108 3125 1297 3188 sententiae
1320 3122 1465 3188 formam
1489 3146 1548 3188 ex·
1576 3094 1631 3143 ‘¹⁸⁸
1653 3103 1804 3156 ¹⁸⁰⁰‘⁸‘¹⁰'

213 3243 364 3305 hibebat.
389 3240 475 3303 Illae
499 3248 612 3303 erant:
637 3239 679 3302 N.
703 3259 802 3303 serve
825 3239 902 3312 Dei,
927 3241 1038 3304 mittat
1062 3251 1095 3303 te
1110 3250 1298 3322 peccatum,
1318 3241 1470 3323 illudque
1486 3242 1548 3304 tibi

214 3357 309 3421 Iesus
332 3354 490 3420 Christus
512 3356 606 3419 Petri
629 3365 663 3418 et
687 3355 786 3417 Pauli
808 3375 866 3418 ore
890 3356 1049 3429 dimittat,
1081 3365 1183 3438 teque
1213 3357 1258 3419 ab
1288 3356 1382 3419 illius
1412 3358 1549 3419 vinculo

213 3475 360 3536 liberum
385 3472 516 3535 reddat.
542 3470 583 3534 N.
609 3490 707 3533 serve
723 3470 800 3543 Dei,
818 3472 1027 3544 Paracletus,
1051 3472 1171 3535 veniae
1193 3473 1345 3554 largitor,
1363 3473 1478 3534 omnia
1491 3481 1550 3570 tua

213 3598 358 3671 peccata
381 3589 505 3651 deleat.
529 3587 616 3651 Ista:
641 3585 803 3650 Solvatur
825 3588 890 3650 tibi
905 3597 1083 3669 peccatum
1098 3598 1194 3651 tuum
1210 3606 1270 3650 ore
1286 3587 1428 3651 Domini
1444 3588 1550 3650 nostri

212 3706 291 3769 lesu
315 3703 457 3777 Christi,
481 3713 675 3766 sanctorum
699 3705 794 3767 Petri
817 3712 851 3766 et
874 3702 974 3765 Pauli
998 3713 1032 3765 et
1055 3712 1243 3766 tercentum
1271 3705 1388 3766 decem
1412 3712 1446 3765 et
1473 3712 1551 3765 octo

213 3834 361 3905 patrum,
386 3822 444 3902 qui
468 3829 580 3882 rectae
603 3817 683 3882 fidei
707 3817 851 3882 fuerunt.
877 3819 972 3881 Duas
988 3818 1118 3899 priores
1135 3817 1263 3882 formas
1279 3838 1429 3902 nugaces
1445 3816 1551 3881 fuisse

214 3957 317 4000 nemo
341 3934 521 4007 dubitabit,
547 3955 626 3998 num
650 3935 750 3998 tertia
772 3935 948 4017 probanda
971 3933 1024 4005 sit,
1042 3934 1213 4015 theologis
1229 3944 1494 3996 controversum.

306 4070 337 4131 7.
362 4050 552 4133 Utramque
575 4053 609 4114 in
632 4050 850 4115 Eucharistia
872 4052 1022 4133 speciem
1048 4048 1117 4136 (vel
1149 4059 1302 4113 neutram
1332 4050 1457 4131 potius,
1481 4060 1551 4111 tam
1614 4059 1805 4113 nummariae
1839 4072 1900 4108 ma·

1579 4134 1649 4184 teria
1667 4132 1742 4196 apud
1754 4146 1805 4181 eos
1816 4129 1899 4194 panis

1580 4207 1765 4256 fermentatus
1782 4212 1810 4251 et
1827 4215 1900 4265 aqua
1956 4260 1958 4265 .

216 4282 493 4365 frequentabant.
516 4280 701 4365 Sanguinis
725 4285 816 4346 enim
831 4285 976 4346 materia
992 4293 1065 4346 erat
1080 4302 1169 4365 aqua
1184 4284 1332 4364 quinque
1348 4282 1405 4345 vel
1420 4291 1552 4363 septem
1578 4275 1677 4341 9⁸³0ss
1700 4274 1764 4325 Μ
1785 4271 1900 4323 ⁸¹¹⁶st

216 4401 294 4462 uvis
317 4398 423 4461 aridis
438 4397 667 4478 spississimae
683 4399 871 4481 nigredinis
886 4408 1068 4471 macerata,
1085 4416 1313 4480 superquam,
1330 4417 1371 4460 ac
1390 4398 1419 4460 si
1435 4398 1552 4460 vinum
1580 4355 1726 4398 macerata.

217 4526 318 4586 esset,
343 4513 609 4576 consecrationis
631 4514 737 4576 verba
767 4512 997 4596 proferebant.
1029 4514 1133 4576 Panis
1164 4532 1279 4577 eorum
1310 4510 1479 4576 fermento
1502 4522 1553 4575 tu·

218 4631 332 4693 midus
354 4638 390 4691 et
413 4629 447 4690 in
470 4630 672 4692 crassiorem
697 4630 890 4710 placentam
914 4628 1158 4693 conformatus.
1182 4626 1267 4690 Cum
1291 4648 1373 4691 vero
1389 4638 1505 4690 noster
1520 4638 1554 4690 et

217 4748 331 4809 tenuis
354 4753 448 4807 esset
470 4754 505 4807 et
527 4745 675 4806 candore
698 4745 869 4816 notabilis,
898 4763 1016 4808 ansam
1048 4745 1164 4806 lividis
1195 4745 1301 4816 dedit,
1324 4753 1362 4806 ut
1391 4744 1554 4816 dicerent,

218 4881 264 4923 ex
288 4860 419 4941 leporis
441 4868 477 4922 et
498 4860 706 4922 camelorum
731 4861 829 4944 (quae
852 4861 1013 4923 animalia
1038 4862 1239 4922 immensum
1264 4858 1483 4940 detestantur)
1500 4878 1554 4921 ce·

217 4977 319 5040 rebro
344 4971 494 5037 conflari.
519 4974 579 5037 Ad
601 4994 703 5056 quam
727 4975 932 5039 calumniam
948 4976 1208 5057 dispellendam,
1225 4976 1361 5056 saepius
1376 4976 1488 5036 visum
1503 4984 1555 5037 est

217 5090 439 5155 commodum
470 5109 516 5152 ex
547 5088 658 5153 farina
686 5093 732 5154 ab
762 5092 846 5173 ipsis
877 5092 1024 5154 adducta
1055 5101 1090 5154 et
1120 5103 1260 5153 excreta
1291 5099 1370 5153 ante
1404 5092 1554 5171 ipsorum

298 5230 328 5273 C.
343 5229 457 5271 Breuni.
470 5228 528 5271 Rer.
537 5229 606 5271 Aah.
619 5230 715 5283 Semi.
728 5243 776 5273 occ.
792 5230 858 5272 r'ned.
875 5252 899 5262 -
913 5229 982 5273 v111.
1464 5241 1478 5282 9
