4166 6182
527 576 598 625 XVI
1044 575 1265 626 INTRODUCT
1268 575 1307 625 10

522 726 676 820 quando
698 723 827 798 missio
847 724 1060 820 aethiopica
1084 723 1254 798 instituta
1278 723 1349 797 fuit
1372 749 1457 798 cum
1474 723 1687 820 patriarcha
1700 724 1859 808 Oviedo‚

524 859 603 932 sive
631 859 783 955 quando
812 858 982 932 restituta
1001 884 1085 933 cum
1107 858 1321 955 patriarcha
1340 859 1510 943 Mendez,
1532 858 1664 932 saltem
1685 859 1785 932 circa
1804 883 1862 933 ae·

523 992 711 1087 thiopicae
740 992 913 1088 liturgiae
943 1018 1049 1066 usum
1079 992 1222 1088 aliquid
1243 993 1463 1088 praecipere
1482 1004 1546 1066 aut
1566 993 1614 1065 ad
1635 991 1758 1066 minus
1776 1017 1861 1066 con·

523 1127 656 1215 sulem,
694 1151 779 1200 cum
818 1127 892 1199 iam
931 1128 1000 1200 sub
1038 1129 1154 1200 Paulo
1193 1127 1242 1198 ΙΙΙ
1281 1151 1369 1200 cura
1407 1127 1503 1200 Petri
1548 1125 1860 1200 archimandritae

520 1262 646 1353 (Testa
673 1261 787 1355 Seon)
816 1260 965 1334 missale
994 1260 1252 1356 aethiopicum
1282 1262 1428 1333 Romae
1455 1258 1596 1334 editum
1617 1259 1755 1353 fuerit(
1782 1263 1806 1355 l.

605 1415 663 1468 11.
695 1393 807 1486 Quod
835 1394 866 1467 si
897 1393 1112 1490 patriarcha
1132 1393 1292 1466 Mendez
1311 1393 1480 1467 excusari
1501 1408 1625 1489 potest
1644 1392 1746 1467 circa
1764 1393 1860 1466 hanc

520 1527 832 1602 consuetudinum
867 1527 1163 1623 aethiopicarum
1203 1527 1528 1623 proscriptionem,
1567 1552 1591 1599 a
1627 1527 1739 1623 culpa
1776 1551 1859 1600 meo

521 1659 661 1734 iudicio
689 1685 822 1734 vacare
852 1686 925 1734 non
956 1674 1090 1755 potest,
1123 1686 1207 1735 cum
1244 1659 1377 1733 latinas
1416 1659 1560 1745 missas,
1600 1658 1861 1755 aethiopicea

521 1808 626 1890 patre
654 1793 870 1866 Fernandez
903 1794 1005 1867 iussu
1043 1818 1112 1867 suo
1149 1818 1288 1879 versas
1328 1791 1566 1888 aethiopibus
1603 1791 1860 1867 sacerdotibus

519 1927 701 2024 legendas
729 1925 938 2023 imperavit.
970 1928 1055 2001 Hoc
1084 1927 1184 2000 enim
1220 1926 1357 2000 limites
1396 1950 1485 2000 suae
1523 1926 1720 2022 potestatis
1756 1940 1859 1999 certo

520 2059 657 2134 certius
690 2060 1087 2156 praetergrediebatur,
1127 2061 1298 2156 adeoque
1337 2059 1470 2133 mirum
1509 2085 1583 2132 non
1622 2072 1679 2133 est
1705 2058 1858 2132 Sacram

519 2191 862 2290 Congregationem
891 2194 939 2266 de
968 2193 1220 2290 Propaganda
1248 2193 1340 2266 Fide
1368 2192 1535 2288 aethiopi
1563 2192 1711 2266 cuidam
1741 2217 1860 2266 sacer·

520 2327 598 2400 doti
628 2352 651 2398 a
678 2326 893 2400 Patriarcha
931 2327 1153 2422 inaugurato
1193 2325 1346 2400 iussisse
1384 2340 1424 2398 ut
1460 2325 1674 2422 aethiopico
1712 2326 1784 2399 ritu
1822 2324 1858 2397 in

520 2460 635 2533 missa
663 2460 887 2533 celebranda
914 2476 1078 2534 uteretur
1105 2475 1143 2533 et
1170 2485 1193 2533 a
1222 2459 1347 2533 missis
1367 2458 1492 2533 latinis
1511 2457 1723 2554 aethiopice
1742 2458 1860 2532 versis

519 2593 692 2690 legendis
719 2593 874 2667 omnino
894 2593 1107 2667 abstineret.
1138 2593 1324 2689 Quodque
1354 2592 1475 2690 magis
1505 2593 1638 2666 mirum
1668 2606 1734 2677 est,
1769 2592 1857 2664 dum

519 2728 606 2801 aS.
637 2726 942 2824 Congregatione
982 2728 1089 2823 petiit
1125 2743 1247 2802 utrum
1283 2742 1411 2824 posset
1449 2726 1752 2802 communionem
1790 2727 1859 2800 sub

519 2877 675 2958 utraque
703 2861 829 2957 specie
857 2877 894 2935 et
932 2862 1099 2936 Paschae
1136 2863 1428 2935 celebrationem
1461 2861 1563 2936 iuxta
1601 2859 1855 2936 calendarium

520 2995 772 3092 aethiopicum
803 2995 1010 3092 indulgere,
1041 3020 1138 3091 quae
1166 3020 1226 3069 res
1254 2995 1291 3067 in
1329 3020 1397 3069 sua
1434 3010 1619 3091 potestate
1652 3008 1768 3080 erant,
1810 2995 1858 3067 de

520 3130 645 3204 missis
684 3129 808 3204 latinis
845 3128 1057 3225 aethiopice
1094 3129 1213 3204 versis
1241 3128 1500 3203 sacerdotibus
1538 3127 1762 3225 aethiopicis
1791 3130 1859 3200 im-

519 3261 652 3359 positis
682 3262 910 3336 mentionem
941 3263 1081 3336 nullam
1110 3262 1232 3357 facit(
1259 3267 1284 3361 l.

602 3417 661 3473 12.
687 3398 747 3470 De
768 3395 1004 3470 Patriarchae
1023 3396 1137 3469 exilio
1155 3421 1202 3470 ex
1222 3397 1450 3494 Aethiopiae
1470 3397 1617 3483 finibus,
1634 3396 1681 3469 de
1701 3395 1782 3469 eius
1800 3419 1858 3469 ca·

519 3530 689 3627 ptivitate
717 3532 787 3604 sub
814 3531 1017 3604 Turcarum
1039 3544 1224 3625 potestate
1252 3529 1451 3616 Suacheni,
1473 3530 1595 3626 deque
1614 3530 1695 3604 eius
1713 3529 1857 3602 redem-

518 3664 647 3761 ptione
666 3678 704 3737 et
722 3664 759 3737 in
781 3663 907 3738 Indias
936 3689 1120 3760 regressu,
1153 3663 1246 3737 nihil
1275 3665 1413 3737 addam
1443 3663 1489 3738 iis
1518 3688 1613 3760 quae
1642 3664 1723 3759 ipse
1751 3663 1799 3736 de
1818 3685 1857 3735 se

520 3811 643 3872 narrat
671 3797 708 3871 in
747 3797 811 3870 lib.
842 3798 904 3883 ΙΙΙ,
935 3822 1017 3893 cap.
1052 3822 1222 3883 vrri-xro,
1254 3824 1318 3882 xv,
1350 3822 1682 3902 xx·xx111,*xxxr.
1717 3796 1857 3869 Pariter

597 3998 641 4076 (1)
665 3999 801 4060 Nomine
823 4000 957 4059 Missalis
978 4000 1153 4076 Aethiopici
1176 4001 1260 4058 edita
1282 4000 1339 4058 luit
1360 4019 1379 4057 a
1402 4000 1493 4058 Petro
1516 4000 1639 4075 liturgia
1663 3999 1716 4057 illa
1741 3998 1857 4057 aethio-

519 4099 588 4174 pica
609 4118 687 4174 quae
708 4099 807 4157 sancti
829 4098 933 4155 Basilii
956 4107 1091 4167 vocatur,
1114 4116 1264 4173 quaeque,
1286 4108 1319 4156 ut
1342 4108 1450 4157 notum
1472 4108 1518 4156 est
1534 4097 1671 4167 eruditis,
1687 4098 1797 4156 eadem
1812 4106 1858 4154 est

516 4216 553 4256 ac
575 4197 696 4272 liturgia
717 4198 815 4255 sancti
838 4197 942 4255 Basilii
964 4197 1095 4272 coptica‚
1129 4198 1233 4254 denuo
1266 4215 1377 4255 excusa
1409 4197 1441 4253 in
1464 4197 1646 4273 Appendice
1667 4195 1697 4253 Π
1724 4196 1861 4253 Bullarir‘

519 4295 694 4353 patronatus
725 4295 937 4370 Portugatlr'ae,
964 4293 1151 4371 Ulyssipone
1183 4293 1362 4367 1870-1873.
1391 4294 1452 4353 lste
1481 4294 1589 4352 Petrus
1617 4293 1858 4352 archimandrita

517 4393 691 4469 praedictus
712 4394 852 4468 sequenti
874 4394 969 4451 modo
997 4410 1030 4450 se
1059 4393 1236 4451 subscribit:
1261 4414 1277 4445 «
1296 4393 1387 4468 Trsfa
1414 4392 1485 4450 Seon
1515 4391 1632 4449 Maleto
1654 4391 1742 4467 filius
1774 4391 1858 4448 Tecla

517 4490 677 4548 Hartnantt
696 4489 729 4547 de
749 4500 838 4548 monte
858 4490 980 4556 Libano,
1004 4490 1106 4548 Sancti
1125 4489 1268 4565 Stephani
1290 4490 1365 4564 quod
1390 4493 1420 4546 in
1454 4488 1591 4546 Vaticano
1617 4489 1786 4563 Aethiopum
1808 4497 1855 4557 est,

519 4592 551 4648 in
573 4591 761 4648 documento
782 4591 918 4665 quodam'
940 4590 1023 4665 quod
1046 4589 1077 4646 in
1099 4588 1178 4646 Bibl.
1193 4587 1410 4646 vallicelliana
1423 4598 1574 4646 servatur:
1601 4587 1783 4645 ‹Memorie
1796 4596 1857 4645 sto·

519 4689 603 4747 riche
623 4687 655 4745 di
676 4688 758 4745 varie
789 4688 927 4745 missioni
960 4688 1151 4755 straniere»,
1182 4685 1216 4756 L,
1240 4701 1286 4756 22,
1310 4687 1340 4743 ff.
1364 4696 1532 4761 ²²9·234'·
1557 4684 1639 4743 Huic
1668 4685 1856 4743 documento

517 4786 691 4862 aethiopice
712 4786 887 4861 conscripto
908 4796 938 4843 et
960 4786 1054 4843 latine
1080 4785 1202 4843 reddito
1226 4785 1332 4842 allisus
1362 4794 1408 4842 est
1437 4802 1596 4860 perperam
1625 4784 1731 4841 titulus
1759 4782 1856 4859 ‹Epi-

517 4886 596 4943 stola
610 4883 702 4958 Regis
717 4883 899 4958 Aethiopiae
914 4905 941 4953 »,
964 4902 1034 4940 curn
1055 4884 1098 4941 nil
1121 4883 1204 4941 aliud
1226 4883 1264 4939 sit
1285 4900 1377 4957 quam
1400 4882 1452 4939 illa
1477 4883 1587 4939 eadem
1608 4882 1740 4957 epistola
1761 4883 1800 4939 ad
1816 4882 1856 4938 le·

518 4992 617 5041 ctores
643 5000 735 5056 quam
756 4980 848 5038 Tesfa
863 4980 943 5038 Seon
968 4982 1063 5040 affixit
1078 4981 1209 5039 editioni
1224 4999 1274 5038 an.
1294 4992 1369 5055 1549
1387 4980 1445 5037 11⁸0
1461 4981 1556 5056 partis
1572 4979 1653 5037 Novi
1667 4979 1855 5038 Testamenti

519 5081 693 5155 aethiopice
715 5080 839 5137 exarati.

594 5177 640 5256 (2)
662 5177 746 5247 APF,
771 5178 878 5234 Lettrre
899 5178 996 5246 loteba,
1023 5173 1200 5249 16304646,
1224 5176 1283 5234 vol.
1306 5175 1360 5245 IX,
1385 5176 1403 5232 f.
1432 5190 1499 5247 132.
