4124 6182
682 2051 869 2128 CAPUT
898 2053 1006 2127 XIV.

218 2309 496 2385 patriarchae
522 2302 730 2405 Alphonsi
757 2310 967 2385 Mendezii
995 2310 1144 2386 electio
1172 2320 1214 2386 et
1241 2310 1284 2386 in
1312 2310 1460 2387 fretum

577 2443 853 2541 Erythraeum
881 2443 1110 2540 navigatio.

268 2785 296 2828 1.
312 2763 406 2827 Dum
422 2763 508 2826 haec
524 2764 559 2826 in
572 2761 761 2846 Aethiopia
776 2766 956 2826 commode
971 2773 1226 2846 praeparantur,
1244 2765 1444 2848 designatus
1458 2774 1510 2828 est
1572 2771 1748 2821 Paultrehae
1781 2770 1858 2834 pri-

171 2902 191 2943 a
210 2878 379 2961 Philippo
395 2876 447 2940 IV
463 2875 634 2941 Castellae
650 2888 684 2941 et
699 2877 753 2940 ΠΙ
772 2876 968 2941 Lusitaniae
990 2898 1080 2963 rege,
1097 2899 1187 2942 anno
1207 2884 1302 2953 1621,
1317 2881 1511 2963 patriarcha
1537 2845 1656 2896 morula.

170 3017 202 3079 p.
226 2994 436 3077 Alphonsus
458 2992 659 3057 Mendezius
681 3013 701 3056 e
724 2990 896 3058 Societate
919 2994 1007 3067 Iesu,
1031 3005 1131 3060 natus
1153 3016 1243 3060 anno
1274 3014 1357 3078 1579
1384 2998 1510 3061 duode-

170 3112 264 3174 cimo
298 3110 467 3173 kalendas
497 3110 642 3192 augusti,
666 3107 835 3193 Gregorio
858 3108 950 3173 XIII
972 3112 1200 3174 universalem
1223 3111 1415 3176 Ecclesiam
1440 3132 1511 3175 mo-

170 3227 329 3297 derante,
352 3233 387 3288 et
410 3224 620 3288 Lusitaniam
645 3224 808 3299 Henrico,
839 3235 981 3310 utraque
1011 3246 1170 3310 purpura,
1201 3236 1236 3291 et
1265 3230 1361 3311 regia
1382 3237 1416 3291 et
1439 3248 1511 3291 car·

57 3385 63 3395 ·
113 3365 142 3403 ‚v.
170 3340 363 3412 dina*litia‚
394 3340 590 3422 conspicuo,
620 3340 655 3403 in
685 3342 813 3405 celebri
836 3352 916 3405 tunc
947 3342 1075 3425 oppido
1106 3364 1126 3406 a
1155 3352 1275 3407 saneto
1304 3343 1437 3406 Alexio
1467 3345 1511 3406 ad

171 3458 345 3528 Mauram,
375 3455 564 3520 Eborensis
594 3457 770 3530 diaecesis,
794 3458 829 3520 in
860 3476 944 3540 agro
975 3467 1208 3542 transtagano,
1239 3459 1401 3522 Beaticae
1431 3478 1511 3522 oon·

170 3573 344 3638 termino:
387 3592 476 3636 nunc
511 3591 592 3653 prae
626 3573 772 3636 coeteris
805 3572 1001 3638 Lusitaniae
1036 3574 1173 3648 illustri,
1203 3595 1291 3647 cum,
1330 3574 1422 3659 regis
1459 3578 1511 3639 sui

170 3690 316 3754 Ioannis
339 3687 390 3752 IV
413 3689 466 3752 ius
497 3709 778 3772 communemque
809 3689 1002 3754 libertatem
1032 3709 1263 3776 propugnans,
1287 3693 1406 3774 quinto
1434 3692 1512 3755 idus

170 3807 312 3890 augusti
336 3807 416 3868 anni
444 3808 527 3884 1644
551 3825 572 3867 a
594 3804 800 3868 Castellanis
822 3806 996 3869 incensum
1020 3826 1082 3869 suo
1104 3808 1277 3890 sepultum
1307 3816 1364 3870 est
1380 3808 1512 3890 templo
1565 3886 1569 3895 .

170 3933 205 3984 et
230 3919 416 4002 triumpho.
441 3919 526 3983 Inde
548 3918 803 3984 Conimbricam
822 3931 983 3984 evocatus
999 3932 1050 3985 est
1066 3921 1270 4005 Alphonsus
1286 3925 1451 3987 novennis
1467 3925 1512 3987 ab

170 4036 347 4101 avunculo
377 4034 604 4099 Emmanuele
633 4034 815 4099 Mendezio
846 4057 867 4099 a
893 4035 1016 4100 Maura
1045 4038 1184 4101 doctore
1215 4049 1249 4102 et
1280 4039 1446 4102 canonico
1476 4041 1511 4101 in

171 4172 295 4217 omnes
318 4151 593 4234 consanguineos
615 4163 697 4215 noto
720 4153 825 4215 animi
848 4155 999 4235 paterni;
1027 4155 1095 4217 iam
1125 4156 1217 4217 enim
1248 4155 1412 4217 maiorem
1434 4172 1512 4237 ger-

172 4287 316 4331 manum
339 4278 375 4330 et
399 4265 595 4330 fratruelem
618 4269 689 4331 suis
712 4267 904 4350 sumptibus
927 4270 960 4329 in
985 4270 1108 4333 studiis
1138 4269 1269 4333 aluerat
1299 4279 1333 4331 et
1366 4269 1409 4331 ad
1436 4288 1512 4351 pre·
1602 4281 1607 4292 ’

171 4386 391 4466 sbyteratum
414 4394 590 4448 evexerat.
614 4381 684 4447 Sed
707 4385 742 4446 in
773 4383 885 4466 ipsum
913 4384 1178 4448 vehementioris
1201 4387 1327 4447 amoris
1350 4385 1512 4467 pondere,

173 4505 209 4565 in
234 4501 439 4563 memoriam
462 4501 578 4582 patris,
602 4511 636 4564 et
661 4502 716 4563 avi
740 4501 955 4584 cognominis
986 4498 1167 4563 ferebatur.
1200 4498 1299 4562 Illius
1328 4499 1511 4562 sacerdotii

172 4617 353 4699 stipendia
382 4628 416 4678 et
448 4616 577 4679 clarum
608 4635 731 4679 nomen
761 4617 903 4679 meritus
933 4614 1043 4679 fuerat
1073 4614 1276 4678 Emmanuel
1312 4614 1347 4677 in
1381 4616 1511 4697 praelio

173 4733 291 4797 navali
306 4732 399 4812 apud
414 4729 621 4795 Echineidas
634 4731 708 4814 [sic]
726 4733 762 4794 in
777 4733 949 4813 praetoria
964 4732 1094 4794 triremi
1111 4730 1249 4793 Ioannis
1263 4729 1440 4793 Austriaci
1457 4732 1510 4792 cui

174 4851 265 4912 inter
288 4848 422 4929 primos
443 4848 489 4909 ob
513 4849 671 4920 muneris,
695 4848 841 4918 consilii,
865 4858 899 4909 et
923 4847 1076 4927 corporis
1099 4845 1199 4917 vires,
1228 4865 1267 4908 ac
1297 4845 1434 4927 plenam
1457 4864 1511 4907 so·

174 4965 238 5026 lidi
262 4963 359 5026 succi
382 4963 622 5043 proceritatem
646 4971 807 5042 acceptus
833 4971 921 5034 erat;
949 4963 998 5024 ibi
1029 4962 1082 5024 Pii
1109 4959 1143 5022 V
1166 4958 1338 5044 pontificis
1369 4961 1511 5022 maximi

174 5080 324 5149 delectu,
350 5076 531 5159 apostolici
554 5079 809 5159 poenitentiarii
833 5074 946 5140 officio
968 5075 1176 5159 perfunctus.
