4066 6174
515 2153 517 2159 ⁵
616 2164 803 2241 CAPUT
833 2165 1016 2240 XXXIII.

326 2458 460 2555 Quam
487 2457 616 2533 tristis
644 2479 778 2532 rerum
805 2465 1027 2532 consecuta
1053 2455 1108 2531 sit
1137 2453 1310 2530 mutatio

143 2603 188 2669 ct
216 2594 307 2668 Ras
325 2591 422 2668 Sela
441 2590 628 2668 Christos
647 2591 701 2666 ad
719 2591 984 2686 Imperatoris
1002 2590 1224 2687 epistolam
1252 2589 1486 2686 responsio.

241 2960 267 3001 ι.
291 2935 359 3019 Qui
381 2938 563 3002 veritatem
586 2939 773 3011 mendacio,
801 2938 913 3001 lucem
937 2938 1094 3009 tenebris,
1126 2937 1260 2999 coelum
1282 2945 1423 3009 tartaro,
1448 2944 1484 2998 et
1546 2945 1626 2996 vani
1643 2943 1831 2995 ermmine-

144 3053 323 3118 Christum
345 3054 479 3117 Beliale
501 3063 681 3136 permutat,
705 3056 739 3116 in
763 3072 850 3134 quae
874 3055 984 3126 devia,
1008 3054 1044 3114 in
1067 3072 1153 3135 quos
1176 3070 1310 3114 errores
1333 3072 1401 3114 non
1425 3052 1483 3114 de·
1510 3015 1832 3152 ffiimiflffimqmdgss

144 3171 320 3232 volvitur?
343 3168 383 3232 Id
407 3170 522 3232 animo
544 3169 734 3253 expingere
758 3189 826 3232 non
848 3170 983 3251 poterit,
1000 3170 1059 3249 qui
1087 3168 1326 3250 lippitudinem
1345 3187 1384 3230 ac
1408 3187 1483 3231 cae-
1510 3163 1618 3211 hm·

144 3287 286 3348 citatem
309 3304 436 3358 eorum,
460 3287 519 3367 qui
542 3288 577 3348 in
600 3285 789 3368 Aethiopia
811 3286 1077 3368 perspicaciores
1100 3283 1313 3355 videbantur,
1335 3280 1484 3347 nonfuit

145 3402 409 3484 contemplatus.
434 3400 568 3465 Horum
591 3403 682 3465 enim
705 3403 821 3483 plures
844 3402 958 3465 dicere
981 3409 1176 3482 coeperunt,
1207 3400 1329 3463 eodem
1353 3420 1390 3462 se
1417 3420 1484 3482 quo

146 3528 260 3589 antea,
285 3531 382 3601 tergo
405 3519 526 3589 iacere,
550 3515 652 3581 fidem
676 3516 872 3580 Romanam
895 3527 929 3581 et
962 3516 1239 3580 Alexandrinam
1263 3516 1312 3578 ita
1334 3535 1419 3588 esse,
1448 3525 1485 3580 ut

146 3636 202 3699 lac
225 3636 318 3708 lacti,
343 3636 427 3697 ebur
449 3635 545 3699 eburi
568 3643 603 3697 et
618 3654 721 3698 ovum
744 3654 811 3696 ovo
827 3634 1037 3697 indiscretas.
1061 3632 1121 3695 Ad
1144 3632 1240 3695 cuius
1262 3632 1383 3695 asserti
1406 3650 1483 3714 pro·

146 3753 332 3823 bationem,
357 3752 442 3816 duas
464 3761 603 3814 naturas
619 3752 654 3813 in
676 3749 814 3813 Christo
830 3750 1058 3814 collocabant.
1083 3749 1157 3811 Alii
1180 3769 1226 3811 ex
1248 3747 1410 3830 opposito
1426 3767 1483 3810 ne·

147 3868 287 3951 gabant.
311 3864 381 3930 Sed
397 3867 571 3930 amicabili
587 3875 707 3949 postea
722 3877 891 3928 conventu
908 3863 1087 3937 foederati,
1104 3865 1188 3928 satis
1203 3882 1278 3927 esse
1294 3861 1485 3945 perfectum

148 3982 262 4045 Deum
286 3991 321 4046 et
344 3980 535 4065 perfectum
558 3983 732 4045 hominem
749 3981 882 4054 dicere3
905 3982 965 4044 sed
990 3981 1033 4043 ab
1060 3980 1168 4052 unius,
1185 3979 1239 4042 vel
1264 3980 1404 4042 duarum
1426 3999 1484 4042 na·

148 4108 301 4164 turarum
325 4100 502 4163 vocabulis
526 4101 784 4180 temperandum
807 4106 1006 4161 sanxerunt.

240 4234 269 4277 2.
294 4213 524 4277 Pertinacium
548 4232 609 4295 per
631 4214 710 4276 illos
734 4213 808 4277 dies
824 4214 1067 4277 monachorum
1093 4213 1316 4276 deliramenta
1335 4230 1434 4274 aures
1450 4225 1485 4275 et
1548 4221 1660 4271 Poeudo
1681 4221 1833 4271 moucho-

149 4331 284 4393 animos
306 4327 550 4413 infringebant.
576 4329 650 4392 Alii
667 4329 758 4393 enim
775 4327 947 4392 Christum
963 4328 1147 4392 Dominum
1164 4328 1230 4390 Dei
1249 4325 1356 4388 filium
1374 4330 1486 4411 gratia
1512 4307 1574 4342 ’ω
1592 4290 1703 4342 deliria.

149 4465 226 4509 cum
251 4445 360 4508 Paulo
383 4442 607 4508 Samosateno
639 4455 672 4507 et
699 4444 877 4518 Nestorio;
909 4444 968 4507 alii
1000 4462 1075 4506 cum
1108 4444 1227 4505 eodem
1259 4451 1426 4504 mortuam
1450 4444 1485 4504 in

149 4580 249 4624 cruce
273 4560 489 4624 divinitatem
505 4561 713 4625 asserebant.
729 4561 788 4624 Ad
806 4580 907 4641 quam
924 4559 1098 4621 vesaniam
1115 4558 1274 4621 tuendam
1291 4565 1435 4639 quatuor
1451 4558 1485 4619 in

149 4676 226 4740 Deo
243 4676 441 4741 divinitates
453 4675 640 4758 fingebant,
653 4687 689 4739 ut
701 4687 769 4739 tres
781 4678 873 4748 illae,
890 4694 975 4757 quas
986 4692 1078 4736 mors
1091 4693 1159 4736 non
1176 4674 1301 4755 attigit,
1317 4682 1483 4753 quartam,

149 4813 237 4874 quae
253 4794 288 4855 in
305 4811 406 4855 cruce
421 4794 553 4855 extinta
565 4791 687 4865 fuerat,
700 4795 919 4865 suscitarent;
943 4792 1003 4854 alii
1015 4788 1186 4852 Christum
1200 4789 1328 4870 duplici
1341 4807 1486 4870 persona

150 4906 334 4971 biformem
351 4906 545 4989 fingebam
569 4908 628 4970 alii
646 4927 690 4969 ex
714 4908 845 4969 duabus
861 4907 1025 4989 personis,
1050 4924 1169 4979 unam;
1190 4905 1249 4967 alii
1265 4903 1425 4966 similiter
1441 4924 1486 4967 ex

150 5025 282 5086 duabus
306 5026 434 5087 naturis
457 5042 557 5086 unam
582 5022 700 5087 mistili
724 5021 927 5086 confusione
959 5020 1162 5086 conflabant.
1187 5019 1376 5083 Monachus
1400 5021 1486 5083 adeo

150 5141 307 5223 imperite
330 5142 481 5203 sentiens
505 5143 671 5211 inventus,
696 5150 733 5202 ut
749 5140 937 5212 catholicis,
962 5140 1039 5221 quis
1062 5140 1146 5200 ritus
1171 5135 1272 5200 fuerit
1296 5138 1487 5200 dominicae
