4166 6182
507 574 577 623 VIII
1024 572 1286 622 INTRODUCTIO

501 738 639 807 tamen,
682 738 767 818 post
810 722 964 818 aliquod
1006 737 1165 817 tempus,
1205 745 1241 817 p.
1271 721 1321 794 da
1351 720 1482 794 Rocha
1510 719 1838 795 sollicitationibus

502 854 707 928 amicorum
723 854 824 951 apud
843 856 986 950 Regem
1003 854 1055 928 ita
1069 855 1147 949 egit
1167 869 1207 926 ut
1225 869 1261 927 et
1281 854 1423 927 litteras
1439 855 1561 927 Roma
1580 853 1781 927 obtinuerit
1800 869 1838 929 et

500 987 671 1083 episcopi
701 987 975 1084 Hierapolitani
1004 987 1189 1082 dignitate
1217 1001 1347 1081 auctus
1375 987 1497 1061 fuerit.
1519 986 1723 1061 Debuisset
1752 1012 1835 1084 pro·
1878 958 1882 965 .

502 1122 682 1206 fect0,ut
710 1147 808 1195 novo
838 1122 981 1195 muneri
1009 1121 1251 1205 satisfaceret,
1282 1121 1317 1192 in
1348 1120 1590 1217 Aethiopiam
1626 1117 1834 1216 proficisci;

501 1280 629 1327 verum
658 1256 742 1329 loco
770 1254 960 1329 missionis
987 1254 1222 1351 aethiopicae
1249 1255 1358 1327 enixe
1387 1253 1494 1351 petiit
1528 1268 1568 1327 ut
1595 1254 1643 1326 ad
1672 1251 1834 1349 aliquem

502 1388 540 1461 in
570 1387 686 1462 Indiis
714 1389 971 1484 episcopatum
1002 1404 1293 1484 promoveretur,
1322 1388 1392 1460 vet
1411 1386 1447 1459 in
1478 1384 1708 1459 Lusitaniam
1733 1411 1836 1459 revo-

501 1537 657 1596 caretur.
687 1522 870 1595 Neutrum
899 1520 972 1618 ipsi
1001 1522 1162 1617 aRege
1200 1545 1421 1595 concessum
1459 1535 1527 1605 est,
1566 1520 1682 1593 immo
1719 1520 1836 1593 semel

502 1670 538 1749 et
566 1655 698 1727 iterum
728 1654 850 1728 iussus
877 1670 935 1728 est
963 1670 1005 1728 ut
1033 1654 1283 1750 aethiopicum
1314 1653 1383 1727 iter
1409 1653 1609 1750 arriperet;
1645 1654 1749 1749 quod
1785 1667 1836 1726 ta-

503 1813 587 1860 men
616 1788 696 1883 ipse
726 1814 799 1860 non
831 1787 1026 1883 praestitit,
1061 1803 1098 1861 et
1135 1787 1241 1860 Goae
1278 1786 1483 1883 praepositi
1520 1787 1674 1883 capituli
1712 1785 1834 1860 cathe-

500 1921 627 2009 dralis,
657 1920 860 1995 consiliarii
890 1921 1061 2017 protegis
1093 1936 1129 1994 et
1167 1920 1444 1995 concionatoris
1482 1902 1634 2015 munere
1665 1921 1834 2017 ¹iungens

500 2053 549 2126 ad
577 2054 720 2127 obitum
750 2079 866 2169 usque
895 2054 1109 2150 permansit,
1144 2054 1288 2128 scilicet
1320 2080 1438 2150 usque
1466 2055 1514 2127 ad
1542 2030 1643 2129 diem
1676 2078 1724 2128 20
1752 2053 1832 2127 iulii

506 2191 689 2287 1639(1),
719 2213 793 2283 quo
823 2188 947 2260 medio
976 2202 1144 2283 tempore
1181 2188 1277 2261 inter
1315 2186 1437 2283 ipsum
1475 2202 1513 2262 et
1549 2187 1753 2262 canonicos
1790 2186 1835 2260 si-

502 2320 675 2394 multates
702 2336 739 2394 et
766 2320 1022 2395 dissensiones
1055 2336 1205 2395 exortae
1244 2336 1339 2407 sunt,
1380 2336 1421 2396 ut
1456 2336 1604 2413 constat
1640 2346 1686 2394 ex
1723 2321 1836 2395 docu-

503 2469 628 2527 mento
657 2454 716 2527 cui
745 2453 874 2528 titulus
907 2456 1110 2550 «Relacao
1139 2456 1208 2528 das
1240 2480 1374 2529 cousas
1410 2482 1483 2551 que
1519 2456 1746 2528 soccederao
1774 2480 1834 2528 em

499 2720 532 2760 se
553 2701 713 2776 inquietou
734 2703 955 2776 grandemeute
976 2712 1040 2760 este
1060 2702 1204 2777 religioso
1225 2721 1243 2759 e
1264 2720 1296 2759 se
1318 2703 1456 2760 resolveo
1478 2720 1527 2759 em
1549 2720 1581 2760 se
1604 2703 1638 2770 ir,
1660 2720 1751 2761 como
1780 2703 1834 2771 foi,

500 2800 773 2858 escondidamente
794 2818 851 2875 por
872 2801 920 2857 via
941 2800 980 2857 de
1001 2809 1081 2858 terra
1101 2819 1151 2858 em
1172 2800 1278 2858 habito
1299 2800 1339 2858 de
1360 2800 1500 2869 soldad0,
1522 2817 1564 2858 no
1585 2801 1657 2875 qual
1673 2817 1721 2857 me
1737 2818 1834 2859 escre-

500 2917 556 2957 veo
578 2917 597 2955 ο
618 2884 739 2973 capitato
760 2899 800 2956 de
820 2897 957 2957 Mascate
989 2917 1048 2974 qne
1081 2899 1148 2958 fora
1179 2884 1256 2957 visto
1288 2899 1432 2974 naquella
1460 2898 1621 2967 fortaleza;
1643 2900 1683 2956 de
1704 2916 1763 2973 que
1785 2916 1833 2955 me

500 3014 630 3071 pareceo
651 2997 707 3053 dar
728 3007 820 3054 conta
842 2995 913 3055 aV.
935 2995 1055 3072 Magne,
1077 3015 1095 3055 e
1116 3015 1175 3073 que
1196 3000 1256 3065 nito
1277 3006 1339 3054 tem
1361 3015 1380 3054 0
1401 2996 1467 3053 dito
1488 2997 1632 3072 religioso
1646 2996 1834 3071 capacidade

499 3094 538 3151 de
560 3112 633 3169 para
654 3094 751 3168 bispo,
774 3104 945 3152 mormente
966 3095 1129 3165 emhuma
1153 3095 1370 3157 christandade
1399 3098 1449 3151 tao
1478 3076 1565 3151 tenra
1593 3112 1684 3152 como
1712 3093 1834 3169 aquella

500 3184 574 3260 esta,
596 3181 750 3266 panaque
772 3191 931 3249 conforme
952 3211 970 3249 a
991 3193 1052 3250 isso
1074 3192 1188 3249 mande
1208 3191 1243 3249 V.
1266 3188 1391 3265 Magne,
1416 3191 1514 3249 sendo
1542 3192 1673 3260 servldo,
1702 3191 1834 3248 advertit

499 3306 538 3346 ao
560 3288 747 3347 embaxador
767 3306 785 3345 e
806 3298 916 3363 agente
937 3307 987 3347 em
1008 3288 1116 3358 Roma,
1139 3288 1220 3348 onde
1241 3290 1300 3346 elle
1321 3290 1398 3350 deve
1420 3289 1444 3347 ir
1464 3286 1586 3358 direito,
1607 3306 1668 3363 que
1696 3288 1832 3364 lmpidito

500 3404 518 3444 a
539 3390 700 3462 pretensao
721 3404 791 3444 com
812 3404 872 3461 que
894 3405 950 3463 vay
971 3388 1010 3444 de
1031 3405 1183 3462 negocear
1204 3406 1237 3444 as
1259 3388 1366 3456 bullas,
1388 3405 1405 3444 e
1427 3406 1465 3445 ao
1480 3404 1533 3444 seu
1549 3386 1640 3444 Geral
1655 3405 1715 3462 que
1730 3405 1750 3445 o
1767 3386 1835 3459 saca

499 3483 646 3553 recolher,
668 3502 700 3541 se
721 3502 754 3542 se
767 3489 835 3543 Δῐιῖιο
856 3485 994 3559 aquietar
1010 3506 1038 3541 ν.
1060 3484 1155 3560 Epist.
1178 3486 1312 3559 protegis
1333 3483 1446 3555 Indiar.
1460 3483 1486 3541 V
1489 3484 1637 3561 idigueIra
1652 3486 1692 3542 ad
1709 3484 1832 3560 Regem,

501 3596 516 3639 2
539 3600 613 3639 mar.
639 3577 724 3654 1625.
745 3580 860 3651 ATTL,
882 3584 951 3640 Doc.
974 3603 1033 3641 cuv.
1055 3582 1093 3639 da
1115 3581 1214 3651 India,
1237 3583 1286 3640 liv.
1308 3582 1410 3652 XXII,
1434 3583 1453 3640 f.
1480 3597 1555 3659 109ΙᾸ

576 3676 688 3756 (1le.
711 3679 826 3749 ATTL,
848 3680 917 3737 Doc.
940 3701 997 3739 ena.
1021 3681 1059 3737 da
1083 3679 1180 3749 India,
1203 3681 1252 3736 liv.
1273 3679 1391 3749 XXIII,
1415 3680 1436 3739 l.
1461 3680 1530 3755 1893
1551 3678 1734 3750 XXVIIII.
1761 3695 1834 3751 204;

500 3775 618 3847 XXXI,
640 3777 660 3835 f.
683 3775 756 3851 boo;
779 3778 925 3847 XXXVI,
949 3778 968 3837 I.
991 3791 1065 3850 407;
1097 3778 1281 3847 Mendez,
1304 3778 1419 3853 Erpcd.
1442 3778 1532 3845 Aetia,
1556 3778 1605 3836 lib.
1630 3776 1681 3846 IV,
1708 3795 1776 3854 cap.
1792 3793 1834 3845 1x,

500 3892 532 3933 n.
558 3889 601 3933 11.
625 3874 669 3932 Ex
690 3885 821 3951 quatuor
842 3876 890 3933 his
912 3876 1017 3951 prImis
1039 3876 1233 3934 documentis
1255 3876 1352 3951 liquet
1373 3894 1466 3951 quam
1487 3876 1568 3933 serio
1592 3883 1622 3953 et
1651 3875 1753 3951 plures
1780 3892 1833 3951 per

500 3990 599 4033 anuos
621 3972 685 4031 Rex
707 3973 884 4032 Lusitaniae
906 3974 1048 4031 institerit
1071 3982 1103 4030 ut
1121 3975 1284 4050 episcopus
1299 3974 1340 4031 da
1355 3973 1461 4031 Rocha
1477 3974 1509 4030 in
1524 3972 1721 4049 AethIopiam
1737 3981 1836 4032 traus-

501 4071 643 4147 mitteret.
666 4072 707 4129 Iis
728 4072 828 4146 primo
851 4089 929 4146 quae
951 4073 1114 4148 scripserat
1128 4090 1237 4147 prorex
1253 4087 1268 4127 2
1286 4090 1359 4130 mar,
1379 4069 1453 4143 1625
1469 4073 1551 4141 (doe.
1574 4071 1640 4144 cit.)
1655 4072 1834 4147 respondet:

501 4188 518 4219 a
535 4167 584 4225 Do
605 4186 665 4242 que
686 4168 782 4225 dizeis
803 4169 844 4226 do
866 4187 896 4245 p.
915 4167 991 4244 Joao
1012 4170 1053 4226 da
1068 4169 1183 4227 Rocha.
1200 4215 1203 4224 .
1220 4212 1243 4239 .,
1266 4174 1326 4228 nao
1339 4169 1379 4227 ha
1394 4188 1454 4244 que
1468 4169 1579 4227 alterat
1593 4191 1620 4227 2.
1642 4168 1758 4227 Iterum
1770 4169 1833 4245 ipse

501 4264 566 4322 Rex
587 4267 626 4323 ad
648 4284 828 4341 proregem:
856 4292 869 4319 α
885 4266 981 4326 Sobre
1002 4286 1035 4325 as
1057 4274 1157 4325 rezoes
1179 4286 1239 4342 que
1257 4266 1333 4343 Joao
1354 4268 1395 4325 de
1417 4267 1557 4337 Velasco,
1579 4269 1769 4343 procurador
1796 4268 1835 4325 da

500 4365 659 4439 provincia
679 4365 721 4422 da
735 4363 868 4440 Comp.ia
891 4366 930 4423 de
942 4364 1037 4441 Jesus,
1054 4384 1166 4441 propos
1181 4384 1255 4441 para
1276 4367 1398 4441 obispo
1420 4367 1494 4423 dom
1506 4364 1592 4441 Joao.
1607 4411 1633 4422 ..
1654 4370 1715 4425 nao
1732 4384 1835 4442 passar

500 4480 519 4519 a
540 4461 694 4539 Ethiopia.
708 4507 734 4520 ..
757 4481 806 4521 me
828 4481 958 4541 pareceo
979 4464 1118 4521 dizervos
1140 4482 1200 4538 que
1221 4483 1240 4522 0
1263 4463 1358 4539 faceis
1380 4465 1538 4521 embarcar
1551 4482 1621 4522 com
1637 4463 1752 4534 effeit0,
1767 4482 1834 4542 por·

500 4577 560 4639 que
581 4564 641 4619 nito
663 4578 773 4636 parece
792 4561 874 4636 justo
897 4580 956 4636 que
970 4562 1059 4619 deixe
1074 4563 1113 4619 de
1128 4563 1154 4618 ir
1168 4562 1296 4620 cultivar
1309 4564 1431 4635 aquelia
1447 4562 1675 4643 christandade.
1689 4607 1695 4620 .
1709 4608 1715 4621 .
1729 4585 1756 4621 ι.
1779 4561 1832 4621 Pa·

501 4658 572 4715 riter
594 4658 625 4714 In
647 4658 707 4715 alia
728 4659 878 4733 epistola:
912 4658 993 4716 «Me
1015 4667 1212 4734 reprezentou
1235 4677 1254 4716 ο
1276 4657 1451 4716 patriarcha
1472 4659 1511 4716 de
1540 4658 1686 4734 Ethiopia
1712 4679 1731 4719 a
1761 4658 1833 4717 faita

501 4774 560 4831 que
582 4756 711 4830 obispo
734 4756 779 4813 iaz
802 4758 947 4835 naquella
968 4757 1186 4839 christandade
1210 4800 1236 4813 ..
1266 4755 1315 4813 He
1336 4757 1511 4814 necessario
1539 4758 1645 4815 trateis
1665 4776 1736 4815 corn
1757 4756 1832 4814 mais

500 4855 586 4912 calor
606 4844 645 4911 de
667 4874 686 4911 o
708 4855 874 4917 enviardo
897 4873 956 4930 que
977 4864 1102 4930 ategora
1124 4874 1155 4911 se
1184 4863 1247 4912 tem
1275 4855 1444 4912 seito...».
1475 4855 1606 4912 Demum
1628 4873 1714 4914 anno
1742 4851 1832 4927 1636:

505 4976 519 5005 ‹
536 4952 588 5010 Me
606 4971 737 5028 pareceo
759 4971 962 5033 encargarvos
983 4972 1039 5033 por
1061 4963 1135 5023 esta,
1157 4971 1217 5034 que
1239 4971 1271 5010 se
1293 4953 1420 5028 obispo
1442 4954 1482 5010 de
1507 4952 1683 5029 Hierapolis
1708 4959 1768 5011 nau
1790 4953 1834 5009 for

501 5051 596 5108 vindo
618 5069 674 5125 por
696 5059 759 5108 este
774 5051 861 5108 reino
884 5069 974 5108 como
996 5052 1135 5119 ordenei,
1158 5051 1312 5107 executeis
1334 5070 1353 5107 o
1374 5069 1434 5125 que
1455 5051 1550 5108 tenho
1571 5053 1709 5110 reuoluto
1730 5066 1834 5110 acerca

506 5150 546 5207 da
567 5167 622 5206 sua
644 5149 739 5205 vinda
754 5172 780 5205 r.
