4124 6182
551 634 610 692 116
881 641 1155 692 EXPEDITIONIS
1178 641 1439 691 AETHIOPICAE
1462 642 1543 693 ETC.

544 789 623 852 lioee
641 790 779 875 puellos
793 789 1061 876 deoi'rginabant,
1076 796 1111 854 ct
1124 789 1206 854 aliis
1221 810 1255 852 se
1262 788 1420 876 flagitiis
1434 788 1654 859 involvebant,
1671 807 1757 872 quae
1767 786 1876 872 pudor

544 910 595 969 est
614 905 726 991 utari.
751 906 925 969 Mannum
948 905 1194 991 impositionem
1221 910 1256 969 et
1280 905 1445 969 altarium
1456 904 1674 989 portatilium
1690 903 1876 988 inaugura·

544 1021 667 1085 tionem
690 1041 775 1085 auro
798 1026 832 1085 et
852 1022 936 1086 solis
958 1022 1134 1085 laterculis
1160 1023 1294 1085 uenales
1323 1021 1563 1106 proponebant,
1588 1020 1626 1083 in
1651 1018 1752 1083 cleris
1778 1037 1877 1082 avare

544 1139 766 1207 dominantes,
783 1143 817 1202 et
830 1138 1037 1203 ordinandos
1050 1137 1265 1201 semiannum
1280 1137 1335 1201 vel
1347 1158 1478 1201 annum
1493 1133 1734 1200 conuehena'am
1746 1154 1876 1219 aquarii,

544 1252 641 1339 li'gua
664 1260 699 1317 ct
719 1274 807 1317 saxo
829 1254 867 1317 in
890 1275 1032 1318 suarum
1055 1251 1226 1317 domorum
1249 1258 1284 1317 et
1303 1258 1473 1337 septorum
1495 1250 1773 1315 constructionem
1788 1247 1875 1312 dam·

544 1372 686 1437 montisc
709 1390 782 1431 curu
806 1369 931 1432 isthaec
958 1370 1133 1433 molientes
1157 1368 1368 1433 execrationi
1389 1368 1616 1432 uibi'iciantur
1642 1366 1681 1429 ab
1706 1364 1877 1450 Apostolos

544 1485 596 1547 ita
619 1505 637 1547 e
659 1484 692 1547 S
685 1483 871 1568 ynodorum
895 1484 979 1548 libro
1004 1485 1312 1570 proclamantibus:
1350 1510 1364 1543 ‹
1384 1484 1458 1567 Qui
1472 1491 1538 1569 per
1557 1482 1721 1568 pecunias
1743 1479 1875 1543 oreli'ria·

544 1600 668 1663 tionem
691 1601 853 1671 babiurit
881 1601 1062 1665 deiiciatur
1089 1602 1161 1686 ipse
1185 1606 1221 1664 et
1246 1599 1421 1665 ordinator
1447 1601 1521 1665 eius
1543 1607 1578 1665 ct
1602 1621 1623 1663 a
1651 1594 1877 1663 communione

544 1715 669 1780 *modis
693 1718 844 1780 omnibus
866 1717 1094 1783 abscindatur.
1118 1716 1208 1780 sicut
1229 1717 1351 1781 Simon
1375 1716 1504 1802 Magus
1525 1737 1547 1779 a
1567 1717 1699 1800 Petro(
1721 1716 1745 1800 ).
1899 1725 1914 1775 f.
1931 1732 1981 1787 sie.

232 1839 393 1920 nonnarum
418 1838 515 1896 Marci,
634 1837 664 1896 6.
690 1833 846 1896 Abunam
863 1834 1023 1896 ellarcum
1035 1833 1317 1920 grauissimorum
1333 1839 1367 1897 et
1379 1833 1673 1919 spurcissimorum
1684 1831 1875 1900 criminum,

196 1910 371 1960 Christoduli
396 1922 423 1962 et
441 1910 516 1961 Petri
1269 1949 1275 1963 .

196 1983 311 2044 mm„
545 1969 631 2032 quae
653 1948 771 2011 nullae
794 1969 893 2011 aures
916 1949 1061 2013 tolerare
1078 1955 1232 2034 possunt,
1257 1954 1442 2035 imperator
1464 1950 1579 2013 Malae
1604 1949 1781 2035 Seguedus
1805 1969 1875 2011 eon·

544 2063 632 2137 eiecit,
664 2084 736 2127 cum
762 2064 836 2127 illis
854 2071 923 2148 par
945 2063 1106 2138 evaderet,
1130 2065 1192 2150 qui
1207 2071 1285 2151 post
1306 2067 1450 2129 alteram
1473 2087 1607 2130 carnem
1633 2066 1791 2130 abuentes
1799 2063 1875 2150 plu·

546 2179 676 2243 obesum
700 2181 740 2245 ile
762 2181 847 2244 eaelo
869 2181 1067 2266 supliurem
1089 2186 1123 2245 et
1144 2182 1256 2267 iguem
1275 2188 1513 2267 provocarunt.
1539 2182 1587 2245 Ob
1621 2202 1705 2267 quae
1732 2181 1875 2267 flagitio

545 2297 727 2361 sacerdotio
753 2303 895 2361 exutum
918 2302 953 2359 et
973 2297 1011 2360 in
1039 2297 1118 2361 Dok
1143 2298 1292 2361 insulam
1319 2299 1505 2385 relegatum
1532 2303 1648 2362 uentre
1677 2298 1715 2361 in
1741 2296 1874 2382 speeiem

544 2413 693 2499 ingentis
716 2413 873 2499 tympani
900 2414 1034 2491 inflato,
1051 2412 1212 2477 horribile
1227 2414 1370 2477 exitium
1397 2413 1569 2498 oppressit.
1587 2413 1712 2477 Aluna
1729 2412 1758 2477 C
1757 2413 1875 2476 liri'sio

544 2529 640 2592 dulos
667 2530 784 2594 multis
809 2530 1068 2594 concubinarum
1094 2530 1204 2594 cliori's
1234 2530 1449 2617 cingebatur:
1475 2531 1565 2615 quod
1587 2530 1755 2593 neminem
1783 2529 1876 2592 illius

544 2651 703 2731 temporis
717 2644 828 2733 fugit,
852 2653 886 2709 et
907 2647 1013 2711 multi
1032 2668 1122 2710 nunc
1143 2647 1328 2711 uiuentium
1353 2668 1419 2710 non
1435 2647 1604 2732 ignorant.
1628 2645 1736 2709 Illius
1757 2666 1875 2709 succes·

545 2784 601 2825 sor
615 2762 739 2825 ‘ibana
756 2763 889 2837 Petrus,
905 2763 1057 2826 auulsum
1073 2784 1095 2825 o
1111 2763 1237 2827 Graeci
1248 2764 1423 2829 cuiusdam
1438 2763 1545 2826 latere
1561 2782 1711 2836 uxorem,
1727 2762 1766 2824 iu
1782 2782 1875 2825 suam

544 2880 678 2941 domum
702 2878 885 2942 transtulit
905 2885 939 2943 et
960 2877 1084 2943 iuo'i'cio
1106 2884 1286 2964 superatus
1308 2877 1477 2942 adulterii
1488 2886 1634 2965 poenam
1652 2879 1827 2963 persolvit,
1841 2883 1879 2940 ut

545 2995 698 3080 apprime
719 2994 844 3058 callent
869 2994 1032 3079 Iosephus
1058 3000 1091 3058 et
1117 2994 1281 3059 Marinus
1304 2996 1385 3079 (qui
1403 2996 1497 3059 inter
1518 3016 1579 3057 nos
1592 2995 1719 3080 agunt)
1736 2992 1877 3058 adauae

545 3109 696 3172 homines
718 3115 752 3173 et
774 3109 845 3173 ideo
868 3111 1079 3195 uostri'sfia'e
1093 3110 1274 3196 di'gfm'ores.
1295 3112 1344 3175 Et
1356 3111 1480 3175 scelera
1495 3111 1673 3175 sceleribus
1691 3111 1875 3178 cumulans.

543 3245 617 3287 eum
640 3230 763 3310 septem
786 3226 856 3289 iam
879 3247 986 3290 annos
1009 3227 1149 3290 Iacobus
1167 3233 1286 3311 pacate
1308 3228 1347 3290 in
1369 3247 1472 3313 reguo
1496 3227 1723 3313 transegisset,
1740 3224 1875 3288 Aetlii'o·

539 3341 651 3424 pi'com
663 3347 795 3427 gentem
811 3342 902 3405 diris
916 3344 1098 3415 commouit,
1115 3349 1156 3406 ut
1169 3344 1317 3407 ablatum
1333 3343 1375 3406 ab
1391 3343 1472 3429 ipso,
1488 3342 1526 3407 iri
1542 3343 1720 3406 Naraeam
1733 3341 1875 3409 dimisso,

544 3477 687 3541 reguum
717 3455 763 3520 aii
791 3458 1034 3545 Zoelenguilem
1061 3460 1314 3534 transmitteret,
1341 3464 1479 3523 etanta
1504 3479 1636 3521 aunum
1663 3463 1781 3521 auctor
1800 3456 1879 3544 suit

545 3572 696 3635 aliarum
719 3573 1000 3657 imprecationum
1023 3581 1064 3638 nt
1088 3573 1296 3661 Zadcnguili
1319 3576 1469 3640 exti'ricto
1495 3576 1635 3639 Iacobus
1658 3576 1783 3639 iterum
1806 3575 1876 3637 sub-

543 3688 743 3751 stitueretur
758 3693 792 3751 et
805 3709 879 3751 cum
894 3688 1003 3753 eodem
1019 3696 1135 3754 contra
1150 3712 1210 3753 nos
1217 3692 1392 3776 praeliari
1400 3697 1527 3755 ornatu
1539 3692 1577 3754 in
1589 3692 1693 3755 aciem
1704 3689 1875 3761 deseendit,

544 3804 637 3865 etin
659 3826 740 3868 suae
757 3806 975 3889 proditionis,
998 3807 1095 3870 toti'es
1117 3808 1289 3892 repetitae,
1307 3814 1462 3892 poenam,
1486 3807 1638 3871 animam
1662 3808 1701 3870 iu
1720 3808 1793 3893 ipso
1806 3827 1877 3870 con-

537 3919 643 4001 flictu
668 3921 745 3983 telis
767 3920 942 4008 confossus
964 3921 1085 3986 emisit.

233 4051 332 4099 Abuna
350 4045 450 4097 simon
465 4048 517 4096 im·
636 4054 665 4114 7.
690 4036 905 4100 Atrocioruiu
928 4039 1088 4102 scelerum
1112 4059 1192 4103 reus
1206 4038 1292 4126 fuit
1312 4040 1437 4103 Abuna
1461 4039 1595 4114 Simon,
1611 4061 1720 4105 uxore
1742 4062 1763 4104 a
1788 4040 1881 4103 Mati

198 4135 284 4184 purus
303 4132 330 4170 et
355 4115 519 4169 rebellionis

198 4196 264 4245 lum
284 4195 420 4244 incentor.
546 4153 701 4237 negutti'o
724 4154 771 4216 ab
790 4174 824 4217 se
855 4154 1037 4225 translato,
1064 4155 1221 4239 plurium
1251 4155 1425 4240 in'rginum
1452 4157 1583 4240 stupris
1604 4161 1639 4220 et
1659 4157 1773 4241 amplo
1795 4176 1877 4219 scor-

546 4272 656 4332 torum
676 4289 778 4356 grege
802 4267 955 4356 crisantis,
972 4291 1015 4334 ex
1038 4293 1183 4355 quorum
1211 4292 1279 4334 uno
1306 4269 1477 4358 insontem
1499 4272 1645 4358 genuit:
1670 4292 1818 4357 eumque,
1838 4292 1879 4335 ne

546 4405 609 4446 sua
633 4384 819 4469 impuritas
837 4391 982 4471 pateret,
998 4389 1092 4450 aomo
1106 4387 1256 4462 eiectum,
1271 4408 1344 4450 eum
1361 4392 1469 4452 mater
1483 4388 1605 4451 aleuelo
1621 4409 1689 4451 nou
1704 4389 1877 4474 sufficeret,

547 4499 627 4583 lupi
646 4507 856 4584 exceperunt.
883 4502 1045 4565 Omnibus
1068 4510 1148 4566 nolo
1172 4509 1222 4567 est
1243 4503 1323 4567 liaeo
1337 4500 1463 4590 sabula
1486 4509 1521 4567 et
1545 4505 1684 4588 saepi'us
1709 4510 1792 4568 aute
1806 4525 1878 4567 nos·

545 4619 693 4678 strorum
721 4623 914 4680 senatorum
945 4640 1046 4682 aures
1076 4620 1261 4683 decantata.
1293 4620 1427 4683 Iuli'nm
1457 4626 1574 4684 eontra
1601 4641 1751 4683 socerum
1784 4641 1878 4683 arrio

540 4735 731 4813 parantem,
756 4732 849 4795 nobis
871 4733 1130 4818 haudquaquam
1155 4734 1235 4819 (qui
1254 4756 1323 4799 mos
1345 4740 1396 4799 est
1423 4735 1627 4799 Abuuarum
1650 4742 1684 4800 et
1709 4734 1880 4800 monacho

547 4846 640 4929 rum)
664 4848 842 4911 conciliare
864 4850 998 4912 studuit
1010 4852 1071 4914 sed
1082 4850 1311 4914 uehementius
1325 4851 1481 4916 irritare.
1498 4851 1663 4916 Omnibus
1677 4852 1769 4916 enim
1784 4851 1880 4915 illius

547 4962 716 5027 militibus
739 4965 776 5026 in
803 4986 907 5027 unam
930 4966 1116 5029 concionem
1143 4966 1294 5039 collectis,
1323 4965 1434 5031 deecit:
1458 4968 1532 5049 Qui
1544 4967 1582 5030 in
1605 4968 1661 5031 elie
1682 4967 1881 5033 certaminis

635 5222 672 5281 u)
691 5216 764 5269 Can..
785 5226 818 5275 30
837 5214 957 5278 Apostol.
