4058 6178
556 574 614 633 ¹9²
884 564 1157 617 EXPEDITIONIS
1180 564 1441 617 AETHIOPICAE
1465 566 1545 617 ETC.

551 717 663 778 eidem
687 716 833 788 dictum;
857 733 964 797 eaque
988 715 1160 796 dispansa,
1183 714 1280 778 illam
1303 717 1554 798 contemplatus
1576 726 1629 780 est
1652 719 1778 781 sensim
1801 735 1874 778 con·

550 832 780 903 scandentem,
810 832 920 894 donec
953 832 1089 912 penitus
1118 850 1165 892 ex
1194 831 1303 893 oculis
1333 843 1562 895 evanesceret.
1594 833 1817 914 Imperatoris
1844 842 1874 894 et

551 947 734 1010 multorum
749 948 976 1029 spectantium
991 945 1082 1009 oculi
1097 966 1198 1029 saepe
1213 947 1278 1009 visi
1295 957 1373 1010 sunt
1389 948 1551 1029 lacrymis
1566 949 1710 1018 irrorati,
1727 958 1762 1011 et
1781 966 1874 1009 nemo

551 1064 710 1125 inventus
732 1064 786 1125 cui
810 1064 927 1125 drama
951 1063 1086 1124 nonsit
1110 1062 1301 1144 probatum.

240 1185 382 1236 &ueniae
412 1188 465 1237 dos
497 1198 524 1238 et
641 1181 671 1241 6.
695 1178 885 1262 Imperator
907 1198 953 1241 ex
976 1179 1069 1241 curia
1091 1178 1339 1261 quinquaginta
1361 1178 1434 1241 auri
1457 1180 1586 1251 uncias,
1608 1199 1696 1262 quae
1719 1181 1874 1260 qulngen·

202 1265 330 1307 mm*
551 1307 605 1359 tos
628 1315 749 1359 aureos
772 1295 927 1365 reddunt,
950 1295 993 1358 ad
1017 1294 1291 1375 prosequendum
1314 1313 1401 1375 opus
1434 1294 1535 1365 misit,
1560 1304 1594 1357 et
1617 1295 1683 1357 tria
1713 1294 1770 1356 vel
1800 1313 1875 1375 qua-

551 1423 629 1475 tuor
650 1413 779 1493 tapetia
802 1411 955 1473 belluata
976 1411 1021 1473 ad
1043 1410 1171 1492 gradus
1192 1410 1312 1473 altaris
1330 1411 1538 1474 vestiendos.
1555 1410 1682 1474 Postea
1697 1428 1876 1473 oeconomo

551 1547 612 1589 suo
636 1525 750 1589 Melea
772 1523 927 1588 Christos
950 1536 985 1588 et
1007 1528 1145 1609 proregi
1168 1522 1264 1589 Caba
1284 1524 1439 1588 Christos
1463 1524 1498 1589 in
1521 1527 1691 1590 mandatis
1722 1526 1817 1587 dedit
1843 1535 1876 1585 ut

551 1660 676 1704 novam
706 1639 914 1723 Gorgorram
944 1642 1153 1713 accederent,
1184 1650 1219 1704 et
1248 1640 1445 1704 adiacentes
1476 1660 1617 1723 campos
1651 1642 1687 1703 in
1716 1641 1876 1703 ecclesiae

490 1816 493 1823 ,
551 1756 794 1839 patrimonium
829 1758 1035 1819 addicerent.
1070 1756 1138 1819 Diu
1168 1754 1233 1819 fuit
1262 1758 1384 1819 iterum
1415 1777 1437 1819 a
1466 1758 1629 1839 patribus,
1657 1758 1719 1822 sed
1746 1754 1875 1825 frustra.

551 1874 774 1943 obluctatum,
797 1881 833 1934 ut
856 1874 915 1953 qui
939 1872 1046 1953 probe
1068 1873 1226 1943 scierent,
1242 1873 1372 1953 primos
1390 1881 1426 1935 et
1441 1873 1647 1935 centesimos
1662 1890 1822 1955 agrorum
1836 1872 1877 1933 ab

552 1989 629 2051 aliis
651 1990 685 2051 in
709 1990 798 2051 alios
819 1988 1062 2052 translatorum
1077 1987 1240 2059 redditus,
1256 2006 1332 2050 esse
1347 1989 1497 2069 priorum
1514 2006 1748 2069 possessorum
1766 1997 1879 2049 contra

553 2124 669 2176 novos,
693 2105 884 2167 simultates
907 2114 942 2166 et
965 2104 1225 2184 quaerimonias.
1249 2102 1355 2165 Anno
1378 2105 1533 2185 sequenti
1555 2112 1634 2185 post
1656 2102 1877 2184 colophonem

551 2222 681 2302 templo
704 2222 900 2301 impositum
923 2220 968 2282 ab
991 2218 1211 2300 Imperatore,
1235 2218 1435 2282 Patriarcba
1457 2230 1492 2282 et
1507 2220 1661 2302 patribus
1677 2220 1879 2301 parisolem·

553 2338 659 2399 nitate
682 2332 747 2398 fuit
769 2335 862 2398 illius
884 2336 1055 2399 dedicatio
1078 2335 1261 2398 celebrata.

241 2461 433 2540 Nenenene·
457 2459 526 2511 resi·
643 2470 673 2530 7.
697 2448 855 2514 Secunda
877 2451 1061 2513 residentia
1081 2453 1217 2513 noviter
1230 2461 1343 2514 erecta
1362 2449 1427 2514 fuit
1451 2450 1660 2515 Nebessaea.
1683 2449 1747 2513 Est
1771 2461 1879 2513 autem

205 2530 310 2580 dm
553 2567 768 2631 Nebessaeus
798 2587 896 2629 mons
927 2567 961 2629 in
992 2567 1143 2629 interiori
1167 2566 1322 2638 Goiama,
1347 2569 1484 2650 reginae
1519 2568 1691 2649 quondam
1716 2566 1879 2636 Helenae,

551 2683 706 2754 Davidis,
723 2683 882 2765 adquam
899 2701 1064 2764 proavum
1089 2682 1279 2765 Imperator
1294 2702 1388 2745 suarn
1406 2681 1575 2745 referebat
1588 2683 1767 2765 originem,
1784 2682 1879 2745 aviae

553 2801 694 2870 mansio,
719 2801 754 2861 in
777 2818 845 2880 quo
868 2797 1039 2882 magnifici
1057 2799 1189 2880 templi,
1212 2799 1257 2860 ab
1278 2818 1319 2861 ea
1342 2800 1538 2870 constructi,
1564 2798 1735 2861 cadavera
1750 2809 1879 2861 tantum

551 2925 727 2997 apparent,
752 2917 786 2976 in
809 2916 932 2997 quibus
955 2915 1187 2977 restaurandis
1209 2935 1230 2976 a
1254 2915 1362 2977 multo
1384 2924 1539 2995 tempore
1562 2915 1698 2976 animus
1713 2925 1785 2977 erat
1816 2914 1880 2976 Im·

551 3032 728 3112 peratoris.
753 3029 824 3093 Nec
847 3032 987 3093 deerant
1010 3031 1163 3094 subsidia
1193 3026 1228 3092 in
1259 3030 1391 3092 duabus
1420 3029 1548 3092 tabulis
1571 3031 1693 3101 aureis,
1724 3049 1812 3110 quae
1835 3029 1880 3091 al-

551 3149 635 3210 taris
657 3146 827 3228 portatilis
849 3146 943 3208 vices
965 3147 1124 3209 subibant
1143 3159 1177 3208 et
1201 3145 1359 3210 Granhae
1386 3164 1426 3209 ac
1453 3142 1631 3209 Gallarum
1660 3147 1882 3227 rapacitatem

552 3260 755 3344 effugerant,
779 3263 897 3324 uncias
920 3261 1079 3324 millenas
1100 3272 1392 3343 quatercentenas,
1417 3281 1594 3325 aureorum
1618 3280 1703 3324 vero
1725 3271 1882 3343 quatuor·

551 3378 662 3440 decim
687 3379 781 3440 milia
811 3377 1009 3459 pendentes.
1035 3376 1250 3441 Demandata
1277 3374 1428 3440 fabricae
1454 3388 1490 3440 et
1516 3378 1723 3441 residentiae
1753 3376 1883 3440 curatio

551 3494 639 3574 patri
662 3493 778 3556 Bruno
801 3493 907 3556 Bruui
931 3512 1082 3564 romano,
1106 3494 1141 3555 in
1164 3491 1353 3574 Aethiopia
1376 3494 1469 3556 dIcto
1496 3492 1613 3556 Bruno
1639 3504 1778 3557 sanctae
1800 3489 1882 3554 Cru-

551 3610 610 3682 cis,
634 3608 692 3690 qui
716 3619 837 3690 postea
860 3607 935 3680 fuit,
959 3610 1079 3672 sinon
1107 3610 1227 3679 crucis,
1258 3608 1433 3690 suspendii
1455 3618 1571 3671 tamen
1597 3607 1746 3689 gloriam
1770 3610 1806 3670 in
1830 3628 1883 3669 ca·

551 3725 699 3787 thelicae
721 3723 801 3787 fidei
825 3721 1059 3787 defensionem
1086 3725 1238 3804 adeptus.
1271 3724 1438 3786 Fabricae
1468 3734 1567 3805 pater
1589 3735 1669 3787 ante
1693 3725 1811 3786 omnia
1839 3743 1885 3786 ex

549 3842 716 3923 quadrato
741 3840 855 3923 lapide
877 3851 911 3903 et
934 3841 1030 3903 calce
1053 3858 1185 3902 murum
1213 3859 1288 3902 cum
1320 3839 1598 3921 propugnaculis,
1629 3842 1673 3902 ad
1704 3839 1827 3921 templi
1852 3848 1884 3900 et

550 3956 740 4019 vicinorum
764 3954 987 4018 munitionem
1010 3956 1247 4025 circumduxit,
1271 3955 1315 4017 ad
1338 3952 1459 4017 Gallas
1485 3956 1661 4027 arcendos,
1691 3957 1761 4036 qul,
1785 3974 1885 4035 supe-

550 4086 625 4136 rato
648 4072 739 4144 Nilo,
764 4073 907 4147 licenter
929 4073 964 4133 in
986 4090 1142 4152 quaeque
1165 4072 1322 4151 proxima
1345 4071 1545 4151 irrumpunt.
1570 4068 1769 4151 Tem*plum
1786 4071 1885 4133 brevi
1910 4075 1926 4123 t.
1942 4081 1988 4131 9²³1

548 4190 659 4252 tribus
682 4188 887 4251 ambulacris
909 4188 1058 4249 divisum
1089 4196 1124 4248 et
1153 4187 1328 4267 utriusque
1360 4185 1477 4249 lateris
1506 4185 1655 4267 parietes
1685 4186 1730 4247 ad
1761 4187 1885 4249 iustam

549 4303 763 4367 altitudinem
790 4305 912 4367 educti.
936 4302 1021 4366 Cum
1046 4321 1127 4364 vero
1150 4303 1216 4365 tria
1238 4302 1365 4364 sacella
1389 4302 1424 4363 in
1447 4302 1591 4363 adversa
1610 4302 1886 4364 ambulationum

550 4418 662 4482 fronte
699 4439 788 4482 anno
824 4422 905 4481 1628
941 4418 1099 4481 absoluta
1129 4428 1251 4488 essent,
1284 4417 1329 4479 Za
1362 4415 1566 4488 Marianum,
1598 4417 1756 4499 proregIs
1791 4416 1888 4480 Caba

549 4536 704 4598 Christos
727 4534 876 4606 fratrem,
901 4533 968 4615 ipsi
983 4533 1173 4597 catholicae
1196 4532 1374 4615 religionis
1400 4535 1522 4595 ardore
1548 4550 1650 4611 quam
1670 4532 1888 4594 simillimum

550 4650 741 4732 imperator
764 4652 825 4713 illo
848 4650 951 4721 misit,
976 4658 1013 4712 ut
1036 4669 1112 4712 aras
1134 4649 1314 4730 portatiles
1337 4650 1372 4711 in
1396 4649 1458 4711 illa
1480 4668 1543 4711 suo
1566 4648 1704 4710 nomine
1731 4645 1889 4718 inferret,

550 4768 730 4830 assistente
754 4767 821 4828 alio
845 4765 891 4828 Za
917 4764 1073 4827 Mariano
1104 4763 1279 4846 praefecto
1308 4764 1571 4834 Tambennensi,
1600 4763 1644 4826 de
1671 4782 1740 4844 quo
1767 4763 1891 4845 largus

550 4879 689 4944 inferius
712 4901 824 4944 sermo
848 4883 982 4949 redibit.
1007 4880 1236 4962 Imperatoris,
1260 4890 1297 4941 ut
1321 4890 1355 4942 et
1379 4880 1439 4942 llle
1461 4882 1602 4961 primus,
1626 4899 1672 4942 err
1696 4881 1792 4960 nepti
1810 4898 1891 4961 pro·

549 5016 687 5079 genero,
711 5017 787 5059 cum
811 5017 879 5078 quo
903 4997 941 5061 P.
965 4996 1080 5059 Bruno
1107 5007 1202 5058 tanta
1232 4996 1280 5058 ibi
1310 5006 1485 5058 contracta
1516 4995 1742 5067 necessitudo
1768 5005 1811 5058 ut
1831 4995 1891 5056 hic

550 5114 592 5175 ad
616 5133 692 5176 eam
716 5113 904 5184 colendam,
929 5124 1118 5175 extremam
1141 5114 1208 5175 sibi
1231 5113 1418 5194 perniciem
1441 5109 1651 5175 conflaverit.
