4066 6184
583 609 647 670 320
914 598 1190 651 EXPEDITIONIS
1213 598 1478 649 AETHIOPICAE
1500 598 1583 648 ETC.

581 754 768 816 luctantem
792 772 870 816 cum
894 749 1053 816 fluctibus
1083 754 1235 816 assumit.
1259 753 1404 817 Postera
1433 753 1490 816 die
1514 773 1617 816 unum
1640 772 1687 815 ex
1710 753 1783 816 suis
1805 753 1906 834 pueris

581 887 657 932 cum
681 887 855 932 sacrorum
878 869 1073 932 Bibliorum
1088 870 1208 933 codice
1224 870 1267 933 ad
1290 878 1407 952 patres
1423 869 1515 934 misit
1531 868 1724 952 Imperator
1739 888 1815 931 cum
1830 880 1906 931 aste·

581 986 671 1048 risco
695 984 729 1048 in
753 1006 830 1049 eum
854 987 967 1049 locum
990 986 1071 1049 libri
1094 987 1186 1049 tertii
1210 985 1361 1071 Regum,
1385 1005 1454 1069 quo
1477 986 1573 1049 Deus
1587 1006 1649 1068 per
1665 986 1844 1067 quemdam
1866 1005 1905 1047 ex

581 1098 662 1164 filiis
674 1101 920 1185 Prophetarum
937 1103 1091 1166 nuntium
1109 1103 1202 1166 misit
1217 1104 1261 1166 ad
1277 1102 1414 1175 Achab,
1430 1122 1508 1165 cum
1524 1103 1689 1165 Bonadab
1705 1102 1781 1185 regi
1795 1100 1906 1184 Syriae

581 1236 669 1299 peno
693 1227 793 1301 capto
816 1229 850 1282 et
873 1220 1022 1301 supplici
1045 1219 1144 1282 illata
1166 1218 1233 1282 sibi
1259 1220 1384 1282 damna
1407 1220 1617 1282 condonavit
1644 1229 1679 1281 et
1699 1237 1817 1300 pacem
1839 1237 1906 1281 cum

581 1334 701 1397 eodem
726 1333 896 1407 conflavit,
920 1344 957 1398 ut
981 1335 1136 1399 viderent
1167 1355 1210 1398 an
1233 1344 1351 1399 textus
1378 1334 1505 1398 latinus
1534 1344 1569 1398 et
1591 1333 1805 1416 aethiopicus
1837 1354 1906 1397 oon·

581 1450 774 1514 cordarent.
805 1449 923 1514 Verba
945 1451 1007 1513 illa
1037 1461 1150 1515 erant:
1176 1451 1250 1533 Qui
1268 1450 1323 1514 ait
1343 1450 1391 1514 ad
1408 1471 1503 1514 cum:
1525 1450 1622 1513 Haec
1643 1448 1728 1512 dicit
1748 1449 1906 1512 Dominus

581 1566 661 1651 quia
684 1566 849 1630 dimisisti
867 1567 981 1631 virum
996 1567 1140 1653 dignum
1156 1571 1260 1631 morte
1282 1565 1321 1631 de
1336 1587 1439 1629 manu
1464 1571 1535 1641 lua,
1549 1566 1619 1629 erit
1639 1566 1759 1628 amm
1781 1570 1840 1628 tua
1849 1571 1905 1650 pro

581 1684 699 1747 anima
712 1682 813 1747 illius
826 1683 879 1766 (ι).
897 1683 1000 1747 Liber
1015 1685 1106 1747 libro
1121 1686 1165 1747 ad
1176 1685 1317 1766 plenum
1329 1685 1547 1758 concinebat3
1572 1684 1632 1746 sed
1645 1682 1846 1745 intellexere
1855 1702 1903 1763 pa·

586 1808 664 1871 trcs,
689 1820 767 1863 eum
791 1802 902 1864 iocum
928 1801 1036 1864 instar
1059 1799 1305 1864 satisfactionis
1328 1801 1372 1863 ab
1397 1800 1457 1863 illo
1480 1800 1547 1862 sibi
1562 1798 1741 1881 praestari,
1758 1799 1788 1860 si
1803 1795 1903 1863 forsan

582 1917 825 1980 inclementem
851 1917 1051 1989 iudicarent,
1074 1918 1167 1999 quod
1191 1926 1260 1979 tam
1284 1918 1368 1980 dure
1384 1918 1418 1979 in
1436 1913 1551 1979 fratris
1573 1915 1627 1979 sui
1643 1914 1752 1977 filium
1768 1915 1904 1977 animad-

583 2033 751 2105 vertisset,
776 2034 904 2096 veritus
927 2052 979 2105 ne,
1004 2034 1034 2096 si
1061 2035 1263 2116 ignosceret,
1291 2033 1496 2116 supplicium
1520 2033 1565 2095 ab
1587 2051 1630 2093 eo
1646 2032 1862 2113 promeritum
1877 2029 1903 2095 in

583 2147 692 2230 ipsius
715 2160 816 2232 caput
840 2159 874 2213 ct
897 2150 1036 2212 domum
1061 2159 1255 2213 verteretur.

671 2398 696 2468 (ι
733 2412 748 2463 3
767 2400 835 2465 Reg.
856 2412 898 2458 ιο,
917 2415 943 2452 n.
962 2413 1005 2463 4²·
