4066 6184
585 654 647 720 268
921 663 1194 721 exednnronrs
1217 662 1479 721 nermoercnn
1503 643 1585 722 nro.

267 822 485 877 undenorum
512 827 553 875 Α·
674 839 722 881 11.
747 815 921 884 Infaustus
943 821 1086 884 istorum
1101 822 1254 902 equitum
1278 818 1431 884 deiectus
1446 829 1627 883 montanos
1642 818 1792 882 locorum
1809 817 1894 883 etiam

230 898 553 1020 aufflfflffiffl
581 936 763 1018 asperitate
785 934 1013 1019 praefidentes
1035 937 1122 1000 adeo
1149 947 1267 1001 contra
1286 934 1413 1000 famem
1429 945 1463 999 et
1478 936 1548 999 alia
1563 935 1708 998 adversa
1723 936 1893 1008 obduravit,

229 1038 357 1091 ΝΜΟ·
580 1060 617 1114 ut
640 1071 677 1115 se
700 1052 825 1115 dedere
848 1052 1029 1125 noluerint,
1051 1055 1210 1135 quamvis
1232 1054 1300 1118 duo
1324 1054 1473 1135 ipsorum
1500 1050 1597 1135 globi
1622 1049 1894 1115 frumentantesa

580 1168 713 1231 duobus
737 1167 813 1231 Ras
836 1169 980 1232 ducibus
994 1166 1120 1233 fuerint
1142 1170 1252 1233 eversi
1268 1179 1302 1232 et
1318 1169 1407 1233 ultra
1428 1168 1665 1251 septingentos
1687 1165 1759 1231 vita
1779 1167 1894 1232 delecti.

578 1283 665 1347 Tam
689 1284 864 1349 incondita
886 1294 966 1349 sunt
987 1286 1023 1349 hi
1047 1285 1201 1350 montani
1224 1286 1391 1357 barbarie,
1415 1294 1453 1347 ut
1475 1304 1588 1368 saepe,
1612 1303 1689 1347 cum
1717 1284 1838 1368 aliquot
1856 1306 1893 1347 ex

580 1398 657 1465 Ras
679 1402 801 1465 castris
824 1403 996 1485 dispersos
1011 1401 1192 1486 cepissent,
1208 1422 1250 1465 eo
1272 1411 1405 1467 tantum
1428 1401 1637 1465 trucidarent
1651 1401 1745 1485 quod
1760 1402 1792 1463 in
1806 1420 1843 1464 eo
1855 1401 1895 1463 di·

580 1516 740 1580 scrimine
770 1518 1023 1582 sanctissimum
1053 1516 1130 1582 Iesu
1161 1537 1286 1582 nomen
1315 1518 1585 1601 pronuntiarent,
1611 1526 1646 1581 et
1668 1520 1786 1581 insane
1809 1517 1896 1580 adde·

579 1642 666 1707 rent,
691 1633 819 1698 idcirco
842 1634 932 1708 illos,
956 1635 1014 1718 qui
1034 1633 1217 1698 Romanae
1240 1644 1319 1698 sunt
1345 1631 1436 1707 fidei,
1460 1653 1584 1697 nomen
1608 1634 1698 1697 illud
1724 1630 1897 1717 frequenter

580 1748 744 1831 prolerre,
768 1752 861 1833 quod
883 1749 1010 1815 Christi
1033 1751 1130 1835 ligno
1160 1749 1320 1836 affigendi
1344 1759 1501 1814 auctores
1531 1747 1677 1814 fuissent
1707 1759 1742 1814 et
1763 1769 1842 1813 unus
1859 1769 1896 1812 ex

580 1866 623 1929 iis
646 1868 823 1931 cuiusdam
853 1869 1002 1933 salutare
1032 1867 1119 1931 illud
1150 1887 1274 1931 nomen
1304 1863 1509 1949 proferentis
1539 1886 1588 1939 os,
1619 1867 1719 1950 quasi
1748 1866 1896 1949 insignem

580 1983 730 2067 aliquam
754 1984 1002 2068 blasphemiam
1019 1984 1200 2057 emisisset,
1215 1984 1332 2047 hastili
1351 1982 1651 2046 transverberavit
1676 1982 1780 2045 Brevi
1799 1990 1894 2043 tamen

580 2101 633 2163 illi
655 2120 718 2183 par
740 2100 815 2183 pari
830 2119 1029 2184 repensum;
1053 2120 1132 2163 nam
1157 2102 1246 2164 intra
1261 2119 1392 2183 paucos
1415 2099 1499 2171 dies,
1519 2101 1630 2182 primo
1646 2118 1725 2160 cum
1740 2096 1896 2161 catholicis

581 2236 774 2300 congressu,
798 2217 904 2280 simili
926 2217 998 2281 telo
1021 2214 1188 2288 confixus,
1212 2216 1299 2279 illud
1322 2226 1357 2280 et
1379 2215 1521 2279 humum
1551 2234 1610 2278 ore
1640 2225 1781 2279 cruento
1805 2222 1835 2276 et
1853 2230 1895 2274 sa·

581 2334 712 2416 crilego
736 2334 932 2399 momordit.
