4058 6178
706 2154 894 2232 CAPUT
920 2156 988 2231 111.

265 2448 536 2542 Imperatoris
562 2448 827 2524 ratiocinatio
854 2457 897 2524 et
923 2450 976 2523 ab
1004 2449 1152 2525 eodem
1178 2448 1420 2543 praestitum

408 2582 668 2658 obedientiae
695 2593 738 2657 et
762 2582 974 2658 fidelitatis
1001 2583 1285 2657 iuramentum.

269 2946 299 2989 1.
324 2926 544 2991 Patriarchae
567 2930 757 2991 orationem
781 2931 923 2992 arrectis
946 2930 1085 2992 auribus
1108 2948 1226 2992 omnes
1240 2927 1435 3001 hauserunt,
1451 2930 1513 2992 sed
1576 2941 1631 2990 ote
1661 2943 1753 2992 Melet
1779 2943 1861 2993 chri·

169 3062 279 3106 nemo
303 3044 468 3106 attentior
488 3063 591 3124 quam
622 3044 822 3127 Imperator,
853 3046 921 3126 qui,
949 3054 1027 3127 post
1058 3045 1229 3108 modicum
1252 3045 1435 3117 silentium,
1459 3063 1512 3107 se·
1539 3013 1740 3133 mmmm
1769 3017 1861 3079 ΙΨ·

168 3169 341 3240 quantem
365 3161 620 3241 responsionem
644 3162 772 3224 ductim
795 3162 933 3245 proregi
956 3158 1070 3224 Melcte
1084 3158 1239 3223 Christos
1253 3161 1288 3222 in
1304 3179 1420 3223 aurern
1435 3179 1513 3242 sug·

167 3274 333 3356 gerebat,
358 3273 418 3338 ille
440 3295 521 3338 vero
545 3286 704 3340 contenta
728 3297 814 3340 voce
836 3279 872 3340 in
886 3274 1099 3359 frequentem
1122 3278 1321 3339 concionem
1337 3273 1510 3339 efferebat.

270 3410 300 3452 2.
327 3388 450 3454 Omnes
480 3396 640 3475 quotquot
666 3391 803 3467 adesti's,
833 3388 992 3455 auditote.
1015 3392 1240 3477 Imperatoris
1266 3388 1405 3455 Claudii
1431 3397 1511 3455 tem·
1574 3405 1777 3457 nominarem
1793 3420 1861 3469 erga

161 3512 253 3590 pore
279 3504 461 3570 Adelensis
483 3504 628 3570 Granlia
643 3505 745 3594 falsi
763 3506 967 3572 Malionieti's
987 3511 1132 3572 sectator
1153 3512 1257 3571 totam
1271 3503 1353 3593 sere
1374 3505 1511 3570 Aethio·
1538 3476 1692 3528 ΜΝ
1713 3479 1858 3541 ⁰b¹¹⁸¹⁸⁰'

161 3622 272 3706 piam
294 3620 355 3685 sub
376 3642 476 3685 sunm
499 3621 642 3685 miserat
662 3621 807 3686 hastile:
829 3643 911 3686 suas
932 3624 1043 3707 copias
1064 3624 1103 3686 in
1125 3628 1309 3708 angustum
1328 3626 1513 3708 compactas

165 3756 318 3801 cernens
339 3737 543 3821 Imperator,
566 3737 751 3801 Lusitanos
773 3737 811 3801 in
841 3739 1015 3803 auxilium
1045 3738 1172 3814 acam‘t,
1197 3739 1374 3823 pollicitus
1395 3738 1469 3802 i'lli's
1490 3758 1512 3801 a

165 3873 204 3917 se
229 3852 402 3917 tributum
427 3852 479 3917 i'ri'
497 3854 634 3917 tertiam
653 3854 753 3938 regni
767 3860 904 3940 partem
927 3859 962 3918 et
991 3875 1151 3918 romanae
1168 3852 1268 3938 fidei,
1292 3874 1392 3939 quam
1407 3853 1512 3917 solam

165 3989 293 4033 aeram
316 3973 426 4044 norat,
443 3989 518 4033 enm
535 3973 605 4033 tata
620 3990 684 4033 sua
698 3967 825 4033 ditione
839 3989 959 4033 nomen
978 3970 1139 4034 a'aturiim
1158 3970 1275 4034 addito
1289 3970 1512 4033 iiirmnrando

164 4090 204 4148 et
225 4084 378 4148 solemni
397 4084 622 4161 anathemate,
644 4105 687 4149 ne
704 4086 817 4170 pactio
842 4085 1024 4150 vacillaret.
1049 4086 1220 4157 Lusitani,
1251 4106 1320 4149 nan
1345 4085 1438 4149 lucri
1456 4106 1511 4148 cri·
1601 4121 1606 4129 ·

162 4200 304 4284 pruine,
326 4200 388 4263 sed
407 4199 476 4263 solo
490 4201 585 4284 fidei
611 4221 723 4266 amore
756 4201 873 4276 illecti,
899 4201 997 4265 enim
1025 4206 1067 4265 ut
1090 4222 1242 4286 sequaces
1270 4205 1360 4272 sunt,
1392 4202 1442 4264 ita
1466 4206 1511 4265 te·

165 4337 283 4391 noces,
306 4317 354 4380 aa
380 4322 651 4401 quatercentenos
672 4318 889 4394 advolarunt,
926 4323 961 4382 et
989 4317 1053 4381 illa
1080 4338 1211 4404 gessere
1232 4317 1398 4407 facinora
1428 4339 1513 4404 quae

167 4431 304 4497 nostris
326 4436 360 4497 et
380 4433 546 4497 salatiel
567 4433 863 4521 miraculofuere.
895 4434 1015 4498 Multa
1049 4434 1367 4500 Maliometanarum
1399 4435 1512 4500 millia

167 4568 353 4636 regemque
374 4552 409 4612 et
429 4547 597 4613 ductorem
621 4549 772 4635 ipsorum
794 4549 974 4614 Granliam
996 4550 1224 4616 internecioni
1242 4549 1417 4627 dederunt,
1431 4572 1511 4615 san·

161 4663 295 4752 guinis
316 4664 377 4728 sui
390 4665 504 4749 pretio
518 4663 621 4751 facti
639 4671 775 4731 nostrae
796 4666 972 4740 libertatis,
995 4670 1029 4730 et
1049 4666 1152 4752 regni
1171 4671 1361 4733 assertores.

28 4788 48 4838 t.
67 4788 136 4852 tia.
264 4778 316 4860 *3.
339 4780 534 4864 Imperator
555 4785 669 4844 tamen
693 4781 866 4867 ipsiusque
888 4782 1024 4846 clientes
1050 4782 1192 4867 ingrati}
1223 4783 1380 4848 datarum
1403 4789 1438 4850 et
1457 4805 1510 4848 sa·
1573 4795 1711 4847 claudii
1742 4796 1860 4861 inmo-

166 4894 345 4962 cramenti
355 4896 466 4979 fidem
494 4896 621 4961 soloere
649 4899 843 4970 noluerunt,
875 4919 933 4962 nec
960 4898 1090 4961 nilesse
1119 4898 1345 4964 Patriarcliae
1367 4921 1389 4964 a
1410 4900 1510 4965 Lusi·
1537 4868 1860 5005 ssfffftgr‘uffffiff'

167 5013 272 5077 lania
298 5012 509 5076 transmisso.
533 5012 578 5076 In
601 5014 698 5077 cicius
715 5015 888 5098 perfidiae
906 5021 1049 5099 poenam
1065 5014 1163 5079 Deus
1184 5016 1223 5079 in
1245 5011 1511 5101 nos-ferreorum

167 5127 329 5193 dentium
346 5125 528 5213 formicas,
553 5126 675 5192 Gallae
697 5136 823 5215 nempe,
852 5128 1004 5201 immisit,
1029 5130 1092 5216 qui
1111 5131 1267 5195 discincti
1288 5136 1322 5197 et
1341 5132 1515 5197 seminudi
