4124 6182
259 1588 433 1639 procedendi
453 1600 481 1639 et
498 1605 544 1640 ca·

222 1662 406 1712 strumemndi
432 1663 541 1713 modus.

255 2985 363 3037 Castris
377 2981 542 3045 aethiopicis

220 3057 312 3109 fumes
330 3053 491 3108 familiaris.

256 3799 387 3851 Famis
420 3797 540 3848 huius

217 3888 328 3925 musae.

577 629 616 687 5²
866 619 1139 672 EXPEDITIONIS
1162 621 1426 671 AETHIOPICAE
1451 621 1532 671 ETC.

575 769 824 851 appendicibus
847 780 1057 832 excrescant.
1079 770 1151 833 Nec
1168 770 1229 832 illa
1248 768 1447 854 Aethiopiae
1463 768 1621 843 tentonia,
1637 788 1724 850 quae
1739 766 1911 849 Propheta

574 907 609 949 se
619 893 684 971 pro
700 886 882 970 iniquitate
892 885 1015 949 uidisse
1030 896 1172 950 testatur
1184 886 1240 971 (il,
1256 887 1310 948 his
1326 888 1360 948 in
1377 886 1500 948 castris
1515 886 1761 948 desiderantur.
1782 884 1910 947 Eorum

575 1004 666 1065 enim
689 1014 843 1075 metator,
876 1005 991 1067 omnia
1018 1006 1157 1087 agmina
1187 1004 1406 1085 praecedens,
1430 1002 1598 1064 vexillum
1627 1003 1704 1063 loco
1730 1001 1911 1065 commodo

573 1120 750 1200 suspendit
772 1122 807 1183 in
833 1122 1005 1202 regiorum
1029 1122 1325 1183 tabernaculorum
1352 1120 1450 1201 (quae
1481 1121 1632 1200 quinque
1655 1128 1733 1180 sunt
1756 1118 1812 1180 vel
1837 1136 1910 1187 sex,

573 1256 682 1318 eaque
706 1237 919 1318 amplissima
941 1247 975 1299 et
1007 1237 1249 1318 pulcherrima)
1277 1233 1532 1318 deligendorum
1563 1235 1800 1297 indicaturam.
1834 1230 1909 1313 Quo

572 1364 769 1434 conspecto,
793 1350 896 1416 facile
920 1355 998 1435 quis
1020 1352 1197 1437 cognoscit
1213 1353 1271 1414 ubi
1288 1372 1349 1414 sua
1365 1351 1433 1413 sint
1449 1351 1698 1421 constituenda,
1714 1369 1797 1413 suus
1819 1350 1908 1411 enim

572 1470 694 1550 cuique
717 1479 826 1532 status
850 1480 901 1532 est
925 1471 1021 1533 locus
1045 1480 1079 1532 et
1103 1469 1237 1532 duobus
1260 1470 1399 1550 templis
1422 1469 1651 1550 portatilibus‚
1668 1485 1756 1548 quae
1775 1484 1911 1546 semper

572 1595 684 1647 castra
706 1586 921 1647 comitantur.
945 1585 986 1648 In
1010 1605 1182 1667 processu,
1205 1605 1283 1647 cum
1306 1587 1423 1647 hostes
1445 1586 1579 1656 absunt,
1603 1584 1717 1646 nullus
1733 1581 1806 1644 fere
1826 1581 1910 1642 ordo

571 1701 785 1772 observatur,
808 1721 885 1764 cum
910 1704 1047 1773 instant,
1072 1700 1241 1784 principia
1266 1722 1332 1764 non
1353 1702 1497 1765 muitum
1513 1700 1704 1772 discedunt,
1720 1710 1754 1763 et
1771 1701 1909 1782 agmina

571 1824 701 1878 attente
724 1818 937 1881 clauduntur,
961 1815 1029 1898 Qui
1045 1827 1160 1880 sunta
1176 1828 1284 1899 tergo,
1305 1817 1379 1880 alas
1394 1817 1597 1889 extendunt,
1614 1827 1647 1879 et
1664 1815 1910 1896 impedimenta

570 1942 714 1994 tuentur.
740 1931 939 2013 Imperator,
963 1934 1035 1996 suis
1063 1933 1195 1996 cinctus
1218 1933 1479 2015 apparitoribus,
1504 1932 1637 1994 medius
1660 1943 1909 2011 coronatusque

573 2048 717 2120 incedit3
742 2068 819 2110 eum
843 2068 904 2112 sua
927 2069 1061 2131 semper
1077 2050 1231 2121 classica,
1252 2069 1318 2111 non
1343 2050 1515 2132 ingratum
1538 2048 1705 2119 sonantia,
1722 2058 1756 2110 et
1771 2046 1838 2109 tria
1853 2047 1908 2108 vei

569 2174 716 2245 quatuor
746 2175 987 2246 tympanorum
1019 2166 1125 2248 paria,
1157 2167 1315 2228 mulabus
1338 2164 1509 2247 imposita,
1534 2165 1749 2228 antecedunt.
1780 2161 1908 2226 Conse·

570 2291 719 2360 quuntur
742 2291 888 2361 quatuor
910 2282 967 2344 vel
990 2282 1140 2364 quinque
1156 2282 1236 2363 equi
1253 2283 1444 2344 desultores
1468 2282 1641 2363 argenteis
1664 2280 1720 2342 vel
1744 2279 1908 2341 inauratis

570 2396 742 2478 ephippiis
765 2395 913 2471 feroces;
938 2418 977 2460 ac
1005 2398 1106 2461 binae
1137 2400 1260 2470 mulae,
1284 2398 1410 2480 quibus
1434 2398 1624 2479 Imperator
1646 2394 1800 2458 vicissim
1828 2395 1907 2456 obe·

569 2513 689 2593 quitat.
715 2512 754 2575 Iu
777 2533 902 2594 equum
925 2534 1060 2596 semper
1082 2514 1170 2577 intra
1193 2517 1376 2577 tentorium
1393 2513 1517 2587 insilit3
1534 2515 1564 2575 si
1580 2531 1663 2575 vero
1679 2511 1906 2573 desiliendum

569 2628 613 2690 sit
636 2629 670 2689 in
696 2628 827 2701 itinere,
851 2629 1034 2693 viciniores
1057 2632 1167 2713 pictas
1193 2632 1365 2702 sindones,
1390 2631 1515 2710 quibus
1537 2648 1600 2710 pro
1616 2626 1733 2709 palliis
1756 2637 1906 2693 utuntur,

569 2746 836 2818 circumducunt,
861 2746 986 2808 lectum
1010 2744 1188 2819 *inferunt
1212 2748 1340 2810 sericas
1367 2746 1534 2809 lodiculas
1556 2755 1591 2807 et
1614 2745 1774 2825 pulvinos
1797 2742 1906 2824 appli-
1954 2779 1960 2791 ·
2009 2777 2015 2788 ·

569 2872 704 2924 cantet
727 2864 857 2944 tapetia
880 2864 1110 2926 substernunt.

658 2980 689 3040 ὁ.
714 2978 753 3041 In
778 2980 898 3042 castris
920 2980 1084 3042 esuriales
1107 2981 1307 3062 plerumque
1331 2977 1439 3042 feriae
1454 2978 1680 3048 celebrantur,
1696 2976 1798 3059 pauci
1814 2977 1905 3037 enim

569 3095 756 3176 quidquam
780 3094 985 3158 cibariorum
1009 3115 1125 3158 secum
1149 3105 1383 3178 comportant3
1408 3107 1442 3157 et
1466 3094 1590 3175 quibus
1613 3093 1743 3175 aliquid
1767 3103 1820 3154 cst
1847 3112 1905 3152 an·

569 3231 688 3282 nonae,
713 3231 754 3273 eo
778 3212 957 3283 exhausto
980 3212 1108 3274 vivitur
1131 3232 1175 3274 ex
1200 3214 1280 3275 dato
1303 3213 1348 3274 ab
1371 3212 1484 3273 obviis
1507 3211 1563 3272 vel
1586 3220 1686 3291 rapto
1702 3229 1723 3271 a
1739 3207 1903 3277 finitimis

568 3346 655 3408 quos
678 3328 728 3389 sic
752 3337 910 3399 atterunt,
934 3337 972 3390 ut
994 3327 1213 3391 immaniores
1237 3348 1304 3391 nou
1336 3340 1449 3390 essent
1481 3325 1612 3397 Gallae,
1644 3327 1674 3388 si
1705 3325 1786 3386 illac
1810 3342 1904 3406 gras·

569 3453 733 3505 sarentur.
760 3442 828 3505 Ubi
855 3445 1030 3506 exercitus
1053 3463 1182 3506 moram
1211 3442 1304 3515 facit,
1337 3444 1539 3506 necessitate
1564 3443 1763 3524 compulsus
1795 3438 1903 3522 Impe-

569 3569 660 3621 rator
683 3561 738 3621 vel
766 3579 891 3640 prorex
923 3570 981 3622 aut
1011 3562 1124 3641 quivis
1144 3561 1232 3622 alius
1260 3562 1341 3632 dux,
1370 3560 1620 3622 immunitatem
1651 3558 1795 3639 praebet
1825 3557 1903 3619 talis

568 3674 727 3737 territorii
751 3675 807 3738 vel
830 3677 948 3757 oppidi
973 3677 1166 3757 expilandi;
1191 3697 1258 3758 qua
1281 3679 1432 3749 obtenta,
1464 3676 1600 3747 milites,
1629 3684 1751 3737 cuncta
1774 3684 1902 3756 proter·

567 3793 654 3863 viae,
678 3793 776 3872 quasi
800 3791 892 3874 ignis
913 3801 1038 3866 essent,
1062 3793 1235 3855 addicunt.
1260 3792 1475 3874 Flagellatae
1491 3790 1725 3854 huiuscemodi
1748 3808 1902 3852 annonae

567 3927 669 3970 eausa
692 3917 744 3970 est
767 3910 899 3971 viarum
923 3906 1117 3982 difficultas,
1141 3910 1265 3990 quibus
1287 3910 1343 3971 vel
1368 3908 1584 3989 impossibile
1606 3917 1667 3978 est,
1692 3908 1749 3968 vei
1772 3922 1902 3968 summe

567 4025 719 4097 arduum,
744 4023 915 4088 frumenta
938 4026 1102 4098 convehi3
1126 4027 1312 4107 eademque
1335 4024 1530 4087 Abassinos
1557 4023 1725 4085 absterret
1748 4041 1770 4083 a
1793 4018 1903 4083 Gallis

567 4142 784 4213 insectandis,
809 4162 886 4205 cum
910 4143 1001 4204 euim
1025 4143 1110 4205 nihil
1134 4144 1296 4205 sementis
1318 4152 1429 4205 terrae
1452 4140 1702 4210 commendent,
1733 4124 1819 4200 nihil
1842 4156 1900 4199 ex·

567 4256 740 4318 culentum
758 4258 792 4318 in
813 4257 963 4338 ipsorum
987 4258 1091 4340 agris,
1112 4260 1223 4321 bobus
1238 4258 1308 4321 alio
1324 4259 1464 4327 abactis,
1482 4266 1716 4338 assequuntur.
1734 4255 1764 4319 E
1785 4268 1901 4319 contra

567 4370 689 4434 Gallae
713 4374 747 4434 in
771 4374 922 4454 ipsorum
946 4374 1087 4456 regione
1111 4376 1216 4446 cibos,
1240 4385 1394 4438 armenta
1416 4384 1451 4437 et
1475 4375 1645 4455 mancipia
1669 4374 1854 4435 lucrantur.

657 4506 685 4566 7.
711 4488 812 4551 Pacis
836 4509 917 4551 vero
940 4500 1094 4571 tempore
1118 4490 1304 4553 christiana
1327 4493 1437 4573 pietas
1456 4504 1490 4553 et
1504 4492 1721 4572 hospitalitas
1737 4494 1771 4554 in
1788 4509 1902 4554 socor-

568 4606 659 4666 diam
684 4606 924 4687 diritatemque
948 4608 1119 4689 migrauit.
1144 4605 1228 4670 Cum
1252 4611 1342 4670 enim
1367 4628 1486 4671 omnes
1512 4610 1577 4671 sub
1608 4619 1744 4671 noctem
1776 4610 1901 4671 adven-

567 4719 717 4782 tantibus
741 4740 882 4783 coenam
906 4724 1124 4804 suppeditare
1147 4734 1337 4795 teneantur,
1361 4744 1424 4787 nec
1447 4725 1518 4788 ulla
1544 4726 1613 4787 sint
1643 4726 1789 4787 advenis
1819 4726 1902 4787 reci·

566 4836 701 4918 piendis
724 4838 922 4909 diversoria,
946 4840 982 4900 id
1005 4841 1057 4901 sui
1082 4850 1220 4903 tenaces
1243 4852 1277 4904 et
1300 4842 1430 4904 otiosos
1454 4843 1587 4913 invitat,
1611 4862 1654 4904 ne
1674 4851 1902 4905 commeatum

567 4964 694 5024 curent,
719 4963 753 5014 et
777 4953 898 5016 alienis
914 4956 1060 5037 dapibus
1076 4967 1178 5038 atque
1194 4959 1368 5027 uxoribus,
1386 4977 1462 5020 cum
1479 4957 1544 5019 viri
1562 4959 1694 5029 absunt,
1712 4960 1902 5021 intendant.

655 5202 794 5269 11)Hab„
815 5214 838 5264 3,
859 5219 883 5255 u.
905 5212 927 5262 7.
