<?xml version="1.0" encoding="UTF-8"?>
<!DOCTYPE html PUBLIC "-//W3C//DTD XHTML 1.0 Transitional//EN"
    "http://www.w3.org/TR/xhtml1/DTD/xhtml1-transitional.dtd">
<html xmlns="http://www.w3.org/1999/xhtml" xml:lang="en" lang="en">
 <head>
  <title>
</title>
<meta http-equiv="Content-Type" content="text/html;charset=utf-8" />
  <meta name='ocr-system' content='tesseract 3.04.00' />
  <meta name='ocr-capabilities' content='ocr_page ocr_carea ocr_par ocr_line ocrx_word'/>
</head>
<body>
  <div class='ocr_page' id='page_1' title='image "./rerumaethiopica00beccgoog_0145.png"; bbox 0 0 4124 6182; ppageno 0'>
   <div class='ocr_carea' id='block_1_1' title="bbox 540 552 1536 617">
    <p class='ocr_par' dir='ltr' id='par_1_1' title="bbox 540 552 1536 617">
     <span class='ocr_line' id='line_1_1' title="bbox 540 552 1536 617; baseline 0.007 -19"><span class='ocrx_word' id='word_1_1' title='bbox 540 559 580 617; x_wconf 71' lang='lat'><strong>74</strong></span> <span class='ocrx_word' id='word_1_2' title='bbox 872 552 1144 602; x_wconf 80' lang='lat' dir='ltr'>EXPEDITIONIS</span> <span class='ocrx_word' id='word_1_3' title='bbox 1168 552 1429 604; x_wconf 79' lang='lat' dir='ltr'><strong>AETHIOPICAE</strong></span> <span class='ocrx_word' id='word_1_4' title='bbox 1455 552 1536 605; x_wconf 85' lang='lat' dir='ltr'><strong>ETC.</strong></span> 
     </span>
    </p>
   </div>
   <div class='ocr_carea' id='block_1_2' title="bbox 190 696 1993 4720">
    <p class='ocr_par' dir='ltr' id='par_1_2' title="bbox 190 696 1993 4720">
     <span class='ocr_line' id='line_1_2' title="bbox 538 696 1993 782; baseline 0.003 -22"><span class='ocrx_word' id='word_1_5' title='bbox 538 699 760 781; x_wconf 85' lang='lat' dir='ltr'><strong>Imperatoris</strong></span> <span class='ocrx_word' id='word_1_6' title='bbox 781 698 966 763; x_wconf 89' lang='lat' dir='ltr'><strong>tribunalia</strong></span> <span class='ocrx_word' id='word_1_7' title='bbox 988 699 1195 762; x_wconf 86' lang='lat' dir='ltr'><strong>admittatur.</strong></span> <span class='ocrx_word' id='word_1_8' title='bbox 1221 700 1319 763; x_wconf 91' lang='lat' dir='ltr'><strong>Duos</strong></span> <span class='ocrx_word' id='word_1_9' title='bbox 1342 702 1432 764; x_wconf 92' lang='lat' dir='ltr'><strong>enim</strong></span> <span class='ocrx_word' id='word_1_10' title='bbox 1459 702 1504 763; x_wconf 95' lang='lat' dir='ltr'><strong>ab</strong></span> <span class='ocrx_word' id='word_1_11' title='bbox 1527 700 1635 782; x_wconf 93' lang='lat' dir='ltr'><strong>ipsius</strong></span> <span class='ocrx_word' id='word_1_12' title='bbox 1656 696 1817 763; x_wconf 83' lang='lat' dir='ltr'><strong>*secretis</strong></span> <span class='ocrx_word' id='word_1_13' title='bbox 1840 710 1874 761; x_wconf 89' lang='lat' dir='ltr'><strong>et</strong></span> <span class='ocrx_word' id='word_1_14' title='bbox 1900 706 1918 757; x_wconf 77' lang='lat' dir='ltr'><strong>f·</strong></span> <span class='ocrx_word' id='word_1_15' title='bbox 1936 705 1993 765; x_wconf 48' lang='grc'>38)·-</span> 
     </span>
     <span class='ocr_line' id='line_1_3' title="bbox 537 814 1874 900; baseline 0.001 -24"><span class='ocrx_word' id='word_1_16' title='bbox 537 817 654 896; x_wconf 89' lang='lat' dir='ltr'><strong>plures</strong></span> <span class='ocrx_word' id='word_1_17' title='bbox 676 814 825 898; x_wconf 89' lang='lat' dir='ltr'><strong>Azages,</strong></span> <span class='ocrx_word' id='word_1_18' title='bbox 852 815 917 877; x_wconf 93' lang='lat' dir='ltr'><strong>hoc</strong></span> <span class='ocrx_word' id='word_1_19' title='bbox 948 826 999 878; x_wconf 91' lang='lat' dir='ltr'><strong>est</strong></span> <span class='ocrx_word' id='word_1_20' title='bbox 1029 817 1180 897; x_wconf 86' lang='lat' dir='ltr'>supremi</span> <span class='ocrx_word' id='word_1_21' title='bbox 1211 817 1349 879; x_wconf 90' lang='lat' dir='ltr'><strong>concilii</strong></span> <span class='ocrx_word' id='word_1_22' title='bbox 1384 828 1568 889; x_wconf 81' lang='lat' dir='ltr'><strong>senatores,</strong></span> <span class='ocrx_word' id='word_1_23' title='bbox 1599 818 1820 900; x_wconf 82' lang='lat' dir='ltr'><strong>agnoscimus</strong></span> <span class='ocrx_word' id='word_1_24' title='bbox 1854 837 1874 877; x_wconf 91' lang='lat' dir='ltr'><strong>a</strong></span> 
     </span>
     <span class='ocr_line' id='line_1_4' title="bbox 538 932 1874 1012; baseline 0.001 -20"><span class='ocrx_word' id='word_1_25' title='bbox 538 932 637 993; x_wconf 92' lang='lat' dir='ltr'><strong>cellis</strong></span> <span class='ocrx_word' id='word_1_26' title='bbox 660 932 702 993; x_wconf 92' lang='lat' dir='ltr'><strong>ad</strong></span> <span class='ocrx_word' id='word_1_27' title='bbox 728 932 867 1003; x_wconf 89' lang='lat' dir='ltr'><strong>curiam,</strong></span> <span class='ocrx_word' id='word_1_28' title='bbox 891 950 958 993; x_wconf 90' lang='lat' dir='ltr'><strong>non</strong></span> <span class='ocrx_word' id='word_1_29' title='bbox 981 940 1109 1012; x_wconf 90' lang='lat' dir='ltr'><strong>raptos,</strong></span> <span class='ocrx_word' id='word_1_30' title='bbox 1137 933 1197 993; x_wconf 89' lang='lat' dir='ltr'><strong>sed</strong></span> <span class='ocrx_word' id='word_1_31' title='bbox 1228 934 1480 996; x_wconf 85' lang='lat' dir='ltr'><strong>transvolantes</strong></span> <span class='ocrx_word' id='word_1_32' title='bbox 1509 943 1544 996; x_wconf 92' lang='lat' dir='ltr'><strong>et</strong></span> <span class='ocrx_word' id='word_1_33' title='bbox 1574 934 1638 995; x_wconf 93' lang='lat' dir='ltr'><strong>sub</strong></span> <span class='ocrx_word' id='word_1_34' title='bbox 1668 950 1817 994; x_wconf 81' lang='lat' dir='ltr'><strong>uxorum</strong></span> <span class='ocrx_word' id='word_1_35' title='bbox 1840 941 1874 993; x_wconf 88' lang='lat' dir='ltr'><strong>et</strong></span> 
     </span>
     <span class='ocr_line' id='line_1_5' title="bbox 539 1045 1875 1128; baseline 0.001 -20"><span class='ocrx_word' id='word_1_36' title='bbox 539 1045 686 1109; x_wconf 88' lang='lat' dir='ltr'><strong>filiorum</strong></span> <span class='ocrx_word' id='word_1_37' title='bbox 723 1046 976 1128; x_wconf 85' lang='lat' dir='ltr'><strong>impedimentis</strong></span> <span class='ocrx_word' id='word_1_38' title='bbox 1010 1049 1173 1110; x_wconf 88' lang='lat' dir='ltr'><strong>abbatum</strong></span> <span class='ocrx_word' id='word_1_39' title='bbox 1209 1049 1319 1111; x_wconf 88' lang='lat' dir='ltr'><strong>adhuc</strong></span> <span class='ocrx_word' id='word_1_40' title='bbox 1350 1068 1474 1111; x_wconf 90' lang='lat' dir='ltr'><strong>nomen</strong></span> <span class='ocrx_word' id='word_1_41' title='bbox 1505 1050 1700 1111; x_wconf 85' lang='lat' dir='ltr'><strong>retinentes.</strong></span> <span class='ocrx_word' id='word_1_42' title='bbox 1732 1047 1875 1128; x_wconf 82' lang='lat' dir='ltr'><strong>Duplex</strong></span> 
     </span>
     <span class='ocr_line' id='line_1_6' title="bbox 539 1161 1875 1245; baseline -0.001 -22"><span class='ocrx_word' id='word_1_43' title='bbox 539 1165 689 1244; x_wconf 91' lang='lat' dir='ltr'><strong>ipsorum</strong></span> <span class='ocrx_word' id='word_1_44' title='bbox 714 1171 766 1225; x_wconf 88' lang='lat' dir='ltr'><strong>est</strong></span> <span class='ocrx_word' id='word_1_45' title='bbox 789 1181 914 1245; x_wconf 89' lang='lat' dir='ltr'><strong>genus:</strong></span> <span class='ocrx_word' id='word_1_46' title='bbox 944 1164 1037 1226; x_wconf 91' lang='lat' dir='ltr'><strong>aliud</strong></span> <span class='ocrx_word' id='word_1_47' title='bbox 1060 1163 1300 1234; x_wconf 89' lang='lat' dir='ltr'><strong>solitariorum,</strong></span> <span class='ocrx_word' id='word_1_48' title='bbox 1332 1183 1418 1244; x_wconf 91' lang='lat' dir='ltr'><strong>quos</strong></span> <span class='ocrx_word' id='word_1_49' title='bbox 1448 1163 1566 1225; x_wconf 91' lang='lat' dir='ltr'><strong>dicunt</strong></span> <span class='ocrx_word' id='word_1_50' title='bbox 1596 1162 1748 1233; x_wconf 87' lang='lat' dir='ltr'><strong>Batavis,</strong></span> <span class='ocrx_word' id='word_1_51' title='bbox 1781 1161 1875 1223; x_wconf 89' lang='lat' dir='ltr'><strong>aliud</strong></span> 
     </span>
     <span class='ocr_line' id='line_1_7' title="bbox 537 1277 1874 1363; baseline -0.001 -23"><span class='ocrx_word' id='word_1_52' title='bbox 537 1278 665 1341; x_wconf 88' lang='lat' dir='ltr'><strong>sociale</strong></span> <span class='ocrx_word' id='word_1_53' title='bbox 701 1280 735 1339; x_wconf 93' lang='lat' dir='ltr'><strong>in</strong></span> <span class='ocrx_word' id='word_1_54' title='bbox 769 1280 946 1341; x_wconf 87' lang='lat' dir='ltr'><strong>coenobiis</strong></span> <span class='ocrx_word' id='word_1_55' title='bbox 980 1280 1110 1363; x_wconf 84' lang='lat' dir='ltr'><strong>degens</strong></span> <span class='ocrx_word' id='word_1_56' title='bbox 1143 1279 1199 1342; x_wconf 87' lang='lat' dir='ltr'><strong>vel</strong></span> <span class='ocrx_word' id='word_1_57' title='bbox 1236 1282 1280 1343; x_wconf 89' lang='lat' dir='ltr'><strong>ab</strong></span> <span class='ocrx_word' id='word_1_58' title='bbox 1315 1279 1399 1362; x_wconf 90' lang='lat' dir='ltr'><strong>ipsis</strong></span> <span class='ocrx_word' id='word_1_59' title='bbox 1429 1298 1615 1363; x_wconf 89' lang='lat' dir='ltr'><strong>egressum.</strong></span> <span class='ocrx_word' id='word_1_60' title='bbox 1651 1277 1730 1340; x_wconf 92' lang='lat' dir='ltr'><strong>Hoc</strong></span> <span class='ocrx_word' id='word_1_61' title='bbox 1758 1279 1874 1340; x_wconf 90' lang='lat' dir='ltr'><strong>catho-</strong></span> 
     </span>
     <span class='ocr_line' id='line_1_8' title="bbox 538 1392 1873 1478; baseline 0.001 -23"><span class='ocrx_word' id='word_1_62' title='bbox 538 1395 625 1456; x_wconf 91' lang='lat' dir='ltr'><strong>licae</strong></span> <span class='ocrx_word' id='word_1_63' title='bbox 659 1394 831 1478; x_wconf 88' lang='lat' dir='ltr'><strong>religioni,</strong></span> <span class='ocrx_word' id='word_1_64' title='bbox 862 1405 982 1476; x_wconf 88' lang='lat' dir='ltr'><strong>utpote</strong></span> <span class='ocrx_word' id='word_1_65' title='bbox 1016 1397 1127 1478; x_wconf 85' lang='lat' dir='ltr'><strong>magis</strong></span> <span class='ocrx_word' id='word_1_66' title='bbox 1158 1393 1449 1466; x_wconf 82' lang='lat' dir='ltr'><strong>condocefactum,</strong></span> <span class='ocrx_word' id='word_1_67' title='bbox 1477 1392 1579 1456; x_wconf 84' lang='lat' dir='ltr'><strong>facile</strong></span> <span class='ocrx_word' id='word_1_68' title='bbox 1610 1414 1731 1456; x_wconf 92' lang='lat' dir='ltr'><strong>manus</strong></span> <span class='ocrx_word' id='word_1_69' title='bbox 1762 1394 1873 1465; x_wconf 88' lang='lat' dir='ltr'><strong>dedit;</strong></span> 
     </span>
     <span class='ocr_line' id='line_1_9' title="bbox 537 1510 1874 1594; baseline -0.001 -23"><span class='ocrx_word' id='word_1_70' title='bbox 537 1511 598 1572; x_wconf 85' lang='lat' dir='ltr'><strong>sed</strong></span> <span class='ocrx_word' id='word_1_71' title='bbox 630 1511 725 1582; x_wconf 90' lang='lat' dir='ltr'><strong>illud,</strong></span> <span class='ocrx_word' id='word_1_72' title='bbox 753 1530 816 1572; x_wconf 91' lang='lat' dir='ltr'><strong>sua</strong></span> <span class='ocrx_word' id='word_1_73' title='bbox 842 1511 1008 1573; x_wconf 88' lang='lat' dir='ltr'><strong>munitum</strong></span> <span class='ocrx_word' id='word_1_74' title='bbox 1041 1512 1177 1573; x_wconf 88' lang='lat' dir='ltr'><strong>inscitia</strong></span> <span class='ocrx_word' id='word_1_75' title='bbox 1207 1520 1241 1573; x_wconf 91' lang='lat' dir='ltr'><strong>et</strong></span> <span class='ocrx_word' id='word_1_76' title='bbox 1272 1513 1480 1594; x_wconf 79' lang='lat' dir='ltr'><strong>arrogantia,</strong></span> <span class='ocrx_word' id='word_1_77' title='bbox 1511 1511 1719 1592; x_wconf 86' lang='lat' dir='ltr'><strong>pertinacius</strong></span> <span class='ocrx_word' id='word_1_78' title='bbox 1750 1510 1874 1572; x_wconf 88' lang='lat' dir='ltr'><strong>mansit</strong></span> 
     </span>
     <span class='ocr_line' id='line_1_10' title="bbox 537 1626 750 1687; baseline 0.005 -1"><span class='ocrx_word' id='word_1_79' title='bbox 537 1626 750 1687; x_wconf 90' lang='lat' dir='ltr'><strong>obduratum.</strong></span> 
     </span>
     <span class='ocr_line' id='line_1_11' title="bbox 227 1740 1874 1825; baseline 0 -22"><span class='ocrx_word' id='word_1_80' title='bbox 227 1755 345 1803; x_wconf 72' lang='lat' dir='ltr'><strong>Habitus</strong></span> <span class='ocrx_word' id='word_1_81' title='bbox 363 1753 436 1803; x_wconf 84' lang='lat' dir='ltr'><strong>nulli</strong></span> <span class='ocrx_word' id='word_1_82' title='bbox 450 1767 510 1802; x_wconf 79' lang='lat' dir='ltr'><strong>cer·</strong></span> <span class='ocrx_word' id='word_1_83' title='bbox 631 1762 679 1804; x_wconf 89' lang='lat'><strong>10.</strong></span> <span class='ocrx_word' id='word_1_84' title='bbox 704 1741 829 1805; x_wconf 91' lang='lat' dir='ltr'><strong>Nullus</strong></span> <span class='ocrx_word' id='word_1_85' title='bbox 852 1741 936 1824; x_wconf 94' lang='lat' dir='ltr'><strong>ipsis</strong></span> <span class='ocrx_word' id='word_1_86' title='bbox 959 1743 1097 1805; x_wconf 90' lang='lat' dir='ltr'><strong>habitus</strong></span> <span class='ocrx_word' id='word_1_87' title='bbox 1120 1752 1178 1805; x_wconf 92' lang='lat' dir='ltr'><strong>aut</strong></span> <span class='ocrx_word' id='word_1_88' title='bbox 1201 1745 1297 1806; x_wconf 90' lang='lat' dir='ltr'><strong>color</strong></span> <span class='ocrx_word' id='word_1_89' title='bbox 1327 1753 1379 1806; x_wconf 86' lang='lat' dir='ltr'><strong>est</strong></span> <span class='ocrx_word' id='word_1_90' title='bbox 1402 1740 1529 1806; x_wconf 90' lang='lat' dir='ltr'><strong>firmus.</strong></span> <span class='ocrx_word' id='word_1_91' title='bbox 1554 1742 1750 1825; x_wconf 89' lang='lat' dir='ltr'><strong>Rigidioris</strong></span> <span class='ocrx_word' id='word_1_92' title='bbox 1773 1741 1874 1803; x_wconf 91' lang='lat' dir='ltr'><strong>disci·</strong></span> 
     </span>
     <span class='ocr_line' id='line_1_12' title="bbox 190 1835 1873 1940; baseline -0.001 -21"><span class='ocrx_word' id='word_1_93' title='bbox 190 1835 245 1874; x_wconf 60' lang='grc' dir='ltr'><strong>ω’·</strong></span> <span class='ocrx_word' id='word_1_94' title='bbox 538 1859 653 1938; x_wconf 91' lang='lat' dir='ltr'><strong>plinae</strong></span> <span class='ocrx_word' id='word_1_95' title='bbox 676 1866 864 1920; x_wconf 86' lang='lat' dir='ltr'><strong>sectatores</strong></span> <span class='ocrx_word' id='word_1_96' title='bbox 887 1858 989 1920; x_wconf 89' lang='lat' dir='ltr'><strong>luteis</strong></span> <span class='ocrx_word' id='word_1_97' title='bbox 1011 1859 1166 1921; x_wconf 89' lang='lat' dir='ltr'><strong>vestibus</strong></span> <span class='ocrx_word' id='word_1_98' title='bbox 1195 1868 1229 1921; x_wconf 92' lang='lat' dir='ltr'><strong>et</strong></span> <span class='ocrx_word' id='word_1_99' title='bbox 1264 1877 1518 1940; x_wconf 87' lang='lat' dir='ltr'><strong>nonnumquam</strong></span> <span class='ocrx_word' id='word_1_100' title='bbox 1540 1856 1707 1940; x_wconf 87' lang='lat' dir='ltr'><strong>pelliceis,</strong></span> <span class='ocrx_word' id='word_1_101' title='bbox 1734 1869 1769 1919; x_wconf 88' lang='lat' dir='ltr'><strong>et</strong></span> <span class='ocrx_word' id='word_1_102' title='bbox 1799 1857 1873 1918; x_wconf 92' lang='lat' dir='ltr'><strong>stri·</strong></span> 
     </span>
     <span class='ocr_line' id='line_1_13' title="bbox 537 1971 1873 2057; baseline 0 -22"><span class='ocrx_word' id='word_1_103' title='bbox 537 1975 635 2037; x_wconf 92' lang='lat' dir='ltr'><strong>ctiori</strong></span> <span class='ocrx_word' id='word_1_104' title='bbox 659 1975 795 2036; x_wconf 91' lang='lat' dir='ltr'><strong>cucullo</strong></span> <span class='ocrx_word' id='word_1_105' title='bbox 819 1976 1036 2057; x_wconf 88' lang='lat' dir='ltr'><strong>obteguntur.</strong></span> <span class='ocrx_word' id='word_1_106' title='bbox 1061 1972 1221 2037; x_wconf 89' lang='lat' dir='ltr'><strong>Pluribus</strong></span> <span class='ocrx_word' id='word_1_107' title='bbox 1244 1975 1448 2037; x_wconf 89' lang='lat' dir='ltr'><strong>indiscretus</strong></span> <span class='ocrx_word' id='word_1_108' title='bbox 1471 1985 1524 2037; x_wconf 89' lang='lat' dir='ltr'><strong>est</strong></span> <span class='ocrx_word' id='word_1_109' title='bbox 1547 1994 1624 2037; x_wconf 91' lang='lat' dir='ltr'><strong>cum</strong></span> <span class='ocrx_word' id='word_1_110' title='bbox 1647 1971 1802 2056; x_wconf 86' lang='lat' dir='ltr'><strong>profanis</strong></span> <span class='ocrx_word' id='word_1_111' title='bbox 1818 1993 1873 2035; x_wconf 91' lang='lat' dir='ltr'><strong>ve-</strong></span> 
     </span>
     <span class='ocr_line' id='line_1_14' title="bbox 439 2089 1874 2173; baseline -0.002 -20"><span class='ocrx_word' id='word_1_112' title='bbox 439 2095 440 2098; x_wconf 73' lang='grc'>’</span> <span class='ocrx_word' id='word_1_113' title='bbox 537 2093 647 2161; x_wconf 88' lang='lat' dir='ltr'><strong>stitus,</strong></span> <span class='ocrx_word' id='word_1_114' title='bbox 682 2092 769 2153; x_wconf 90' lang='lat' dir='ltr'><strong>adeo</strong></span> <span class='ocrx_word' id='word_1_115' title='bbox 799 2101 837 2152; x_wconf 90' lang='lat' dir='ltr'><strong>ut</strong></span> <span class='ocrx_word' id='word_1_116' title='bbox 866 2110 912 2153; x_wconf 83' lang='lat' dir='ltr'><strong>ex</strong></span> <span class='ocrx_word' id='word_1_117' title='bbox 943 2092 1064 2154; x_wconf 91' lang='lat' dir='ltr'><strong>eodem</strong></span> <span class='ocrx_word' id='word_1_118' title='bbox 1098 2111 1212 2173; x_wconf 93' lang='lat' dir='ltr'><strong>panno</strong></span> <span class='ocrx_word' id='word_1_119' title='bbox 1246 2092 1347 2154; x_wconf 89' lang='lat' dir='ltr'><strong>miles</strong></span> <span class='ocrx_word' id='word_1_120' title='bbox 1377 2091 1593 2173; x_wconf 88' lang='lat' dir='ltr'><strong>chlamydem</strong></span> <span class='ocrx_word' id='word_1_121' title='bbox 1622 2098 1656 2151; x_wconf 89' lang='lat' dir='ltr'><strong>et</strong></span> <span class='ocrx_word' id='word_1_122' title='bbox 1688 2089 1874 2151; x_wconf 88' lang='lat' dir='ltr'><strong>monachus</strong></span> 
     </span>
     <span class='ocr_line' id='line_1_15' title="bbox 538 2203 1873 2288; baseline -0.002 -19"><span class='ocrx_word' id='word_1_123' title='bbox 538 2208 687 2270; x_wconf 89' lang='lat' dir='ltr'><strong>tunicam</strong></span> <span class='ocrx_word' id='word_1_124' title='bbox 710 2208 908 2287; x_wconf 87' lang='lat' dir='ltr'><strong>partiantur.</strong></span> <span class='ocrx_word' id='word_1_125' title='bbox 932 2203 1102 2269; x_wconf 91' lang='lat' dir='ltr'><strong>Omnibus</strong></span> <span class='ocrx_word' id='word_1_126' title='bbox 1125 2209 1160 2268; x_wconf 93' lang='lat' dir='ltr'><strong>in</strong></span> <span class='ocrx_word' id='word_1_127' title='bbox 1183 2208 1372 2287; x_wconf 89' lang='lat' dir='ltr'><strong>scapularis</strong></span> <span class='ocrx_word' id='word_1_128' title='bbox 1394 2206 1510 2269; x_wconf 89' lang='lat' dir='ltr'><strong>bullae</strong></span> <span class='ocrx_word' id='word_1_129' title='bbox 1534 2209 1683 2288; x_wconf 90' lang='lat' dir='ltr'><strong>speciem</strong></span> <span class='ocrx_word' id='word_1_130' title='bbox 1715 2225 1802 2267; x_wconf 87' lang='lat' dir='ltr'><strong>crux</strong></span> <span class='ocrx_word' id='word_1_131' title='bbox 1825 2206 1873 2266; x_wconf 91' lang='lat' dir='ltr'><strong>in-</strong></span> 
     </span>
     <span class='ocr_line' id='line_1_16' title="bbox 538 2321 1872 2403; baseline -0.002 -19"><span class='ocrx_word' id='word_1_132' title='bbox 538 2332 598 2395; x_wconf 90' lang='lat' dir='ltr'><strong>est,</strong></span> <span class='ocrx_word' id='word_1_133' title='bbox 623 2324 838 2386; x_wconf 89' lang='lat' dir='ltr'><strong>mollioribus</strong></span> <span class='ocrx_word' id='word_1_134' title='bbox 861 2342 881 2384; x_wconf 89' lang='lat' dir='ltr'><strong>a</strong></span> <span class='ocrx_word' id='word_1_135' title='bbox 904 2323 1036 2385; x_wconf 88' lang='lat' dir='ltr'><strong>cervice</strong></span> <span class='ocrx_word' id='word_1_136' title='bbox 1060 2324 1142 2384; x_wconf 91' lang='lat' dir='ltr'><strong>corii</strong></span> <span class='ocrx_word' id='word_1_137' title='bbox 1167 2321 1292 2385; x_wconf 86' lang='lat' dir='ltr'><strong>taeniis</strong></span> <span class='ocrx_word' id='word_1_138' title='bbox 1315 2323 1359 2384; x_wconf 90' lang='lat' dir='ltr'><strong>ad</strong></span> <span class='ocrx_word' id='word_1_139' title='bbox 1382 2333 1511 2403; x_wconf 88' lang='lat' dir='ltr'><strong>pectus,</strong></span> <span class='ocrx_word' id='word_1_140' title='bbox 1535 2331 1571 2384; x_wconf 88' lang='lat' dir='ltr'><strong>et</strong></span> <span class='ocrx_word' id='word_1_141' title='bbox 1593 2323 1672 2384; x_wconf 87' lang='lat' dir='ltr'><strong>aliis</strong></span> <span class='ocrx_word' id='word_1_142' title='bbox 1694 2323 1739 2384; x_wconf 90' lang='lat' dir='ltr'><strong>ab</strong></span> <span class='ocrx_word' id='word_1_143' title='bbox 1763 2341 1805 2383; x_wconf 90' lang='lat' dir='ltr'><strong>ea</strong></span> <span class='ocrx_word' id='word_1_144' title='bbox 1831 2321 1872 2382; x_wconf 89' lang='lat' dir='ltr'><strong>ad</strong></span> 
     </span>
     <span class='ocr_line' id='line_1_17' title="bbox 537 2437 1873 2520; baseline -0.003 -19"><span class='ocrx_word' id='word_1_145' title='bbox 537 2459 657 2502; x_wconf 86' lang='lat' dir='ltr'><strong>zonam</strong></span> <span class='ocrx_word' id='word_1_146' title='bbox 682 2437 924 2509; x_wconf 87' lang='lat' dir='ltr'><strong>diffluentibus,</strong></span> <span class='ocrx_word' id='word_1_147' title='bbox 949 2437 1117 2510; x_wconf 86' lang='lat' dir='ltr'><strong>demissa;</strong></span> <span class='ocrx_word' id='word_1_148' title='bbox 1148 2458 1251 2520; x_wconf 90' lang='lat' dir='ltr'><strong>quam</strong></span> <span class='ocrx_word' id='word_1_149' title='bbox 1282 2437 1461 2519; x_wconf 73' lang='lat' dir='ltr'><strong>Asquemei</strong></span> <span class='ocrx_word' id='word_1_150' title='bbox 1492 2448 1626 2509; x_wconf 90' lang='lat' dir='ltr'><strong>vocant,</strong></span> <span class='ocrx_word' id='word_1_151' title='bbox 1657 2447 1691 2500; x_wconf 90' lang='lat' dir='ltr'><strong>et</strong></span> <span class='ocrx_word' id='word_1_152' title='bbox 1716 2438 1873 2499; x_wconf 88' lang='lat' dir='ltr'><strong>monachi</strong></span> 
     </span>
     <span class='ocr_line' id='line_1_18' title="bbox 538 2552 1873 2636; baseline -0.001 -19"><span class='ocrx_word' id='word_1_153' title='bbox 538 2556 677 2618; x_wconf 90' lang='lat' dir='ltr'><strong>schema</strong></span> <span class='ocrx_word' id='word_1_154' title='bbox 699 2556 781 2618; x_wconf 88' lang='lat' dir='ltr'><strong>licet</strong></span> <span class='ocrx_word' id='word_1_155' title='bbox 804 2554 1029 2635; x_wconf 89' lang='lat' dir='ltr'><strong>interpretari,</strong></span> <span class='ocrx_word' id='word_1_156' title='bbox 1053 2574 1094 2617; x_wconf 91' lang='lat' dir='ltr'><strong>eo</strong></span> <span class='ocrx_word' id='word_1_157' title='bbox 1117 2554 1208 2617; x_wconf 92' lang='lat' dir='ltr'><strong>enim</strong></span> <span class='ocrx_word' id='word_1_158' title='bbox 1232 2555 1404 2617; x_wconf 90' lang='lat' dir='ltr'><strong>schemate</strong></span> <span class='ocrx_word' id='word_1_159' title='bbox 1435 2555 1570 2636; x_wconf 90' lang='lat' dir='ltr'><strong>adept0,</strong></span> <span class='ocrx_word' id='word_1_160' title='bbox 1594 2574 1632 2616; x_wconf 91' lang='lat' dir='ltr'><strong>se</strong></span> <span class='ocrx_word' id='word_1_161' title='bbox 1655 2562 1772 2616; x_wconf 88' lang='lat' dir='ltr'><strong>rentur</strong></span> <span class='ocrx_word' id='word_1_162' title='bbox 1802 2552 1873 2615; x_wconf 92' lang='lat' dir='ltr'><strong>Ma·</strong></span> 
     </span>
     <span class='ocr_line' id='line_1_19' title="bbox 226 2669 1873 2750; baseline -0.001 -19"><span class='ocrx_word' id='word_1_163' title='bbox 226 2680 353 2731; x_wconf 82' lang='lat' dir='ltr'><strong>Nullus</strong></span> <span class='ocrx_word' id='word_1_164' title='bbox 381 2690 510 2730; x_wconf 69' lang='lat' dir='ltr'><strong>votorum</strong></span> <span class='ocrx_word' id='word_1_165' title='bbox 539 2672 649 2733; x_wconf 88' lang='lat' dir='ltr'><strong>carios</strong></span> <span class='ocrx_word' id='word_1_166' title='bbox 672 2682 705 2733; x_wconf 92' lang='lat' dir='ltr'><strong>et</strong></span> <span class='ocrx_word' id='word_1_167' title='bbox 730 2670 938 2733; x_wconf 89' lang='lat' dir='ltr'><strong>Hilariones.</strong></span> <span class='ocrx_word' id='word_1_168' title='bbox 962 2669 1087 2732; x_wconf 89' lang='lat' dir='ltr'><strong>Nullus</strong></span> <span class='ocrx_word' id='word_1_169' title='bbox 1110 2670 1200 2750; x_wconf 88' lang='lat' dir='ltr'><strong>apud</strong></span> <span class='ocrx_word' id='word_1_170' title='bbox 1223 2688 1282 2731; x_wconf 91' lang='lat' dir='ltr'><strong>eos</strong></span> <span class='ocrx_word' id='word_1_171' title='bbox 1313 2681 1470 2731; x_wconf 89' lang='lat' dir='ltr'><strong>votorum</strong></span> <span class='ocrx_word' id='word_1_172' title='bbox 1502 2679 1554 2732; x_wconf 89' lang='lat' dir='ltr'><strong>est</strong></span> <span class='ocrx_word' id='word_1_173' title='bbox 1585 2689 1706 2740; x_wconf 87' lang='lat' dir='ltr'><strong>nexus,</strong></span> <span class='ocrx_word' id='word_1_174' title='bbox 1730 2678 1765 2732; x_wconf 89' lang='lat' dir='ltr'><strong>et</strong></span> <span class='ocrx_word' id='word_1_175' title='bbox 1788 2671 1873 2731; x_wconf 88' lang='lat' dir='ltr'><strong>sicut</strong></span> 
     </span>
     <span class='ocr_line' id='line_1_20' title="bbox 191 2765 1873 2869; baseline -0.001 -20"><span class='ocrx_word' id='word_1_176' title='bbox 191 2765 288 2802; x_wconf 75' lang='lat' dir='ltr'><strong>nexus.</strong></span> <span class='ocrx_word' id='word_1_177' title='bbox 540 2788 678 2868; x_wconf 91' lang='lat' dir='ltr'><strong>nuptiae</strong></span> <span class='ocrx_word' id='word_1_178' title='bbox 709 2788 756 2849; x_wconf 89' lang='lat' dir='ltr'><strong>ita</strong></span> <span class='ocrx_word' id='word_1_179' title='bbox 790 2786 913 2869; x_wconf 88' lang='lat' dir='ltr'><strong>religio</strong></span> <span class='ocrx_word' id='word_1_180' title='bbox 944 2785 1133 2848; x_wconf 88' lang='lat' dir='ltr'><strong>arbitraria.</strong></span> <span class='ocrx_word' id='word_1_181' title='bbox 1164 2784 1336 2866; x_wconf 83' lang='lat' dir='ltr'><strong>Quamdiu</strong></span> <span class='ocrx_word' id='word_1_182' title='bbox 1359 2785 1444 2848; x_wconf 90' lang='lat' dir='ltr'><strong>libet</strong></span> <span class='ocrx_word' id='word_1_183' title='bbox 1467 2786 1501 2846; x_wconf 92' lang='lat' dir='ltr'><strong>in</strong></span> <span class='ocrx_word' id='word_1_184' title='bbox 1525 2786 1702 2847; x_wconf 91' lang='lat' dir='ltr'><strong>caenobiis</strong></span> <span class='ocrx_word' id='word_1_185' title='bbox 1725 2805 1873 2848; x_wconf 92' lang='lat' dir='ltr'><strong>commo-</strong></span> 
     </span>
     <span class='ocr_line' id='line_1_21' title="bbox 538 2901 1873 2983; baseline -0.001 -19"><span class='ocrx_word' id='word_1_186' title='bbox 538 2912 672 2975; x_wconf 83' lang='lat' dir='ltr'><strong>rantur3</strong></span> <span class='ocrx_word' id='word_1_187' title='bbox 703 2922 779 2966; x_wconf 92' lang='lat' dir='ltr'><strong>cum</strong></span> <span class='ocrx_word' id='word_1_188' title='bbox 812 2901 1060 2965; x_wconf 86' lang='lat' dir='ltr'><strong>inconstantiae</strong></span> <span class='ocrx_word' id='word_1_189' title='bbox 1083 2901 1263 2983; x_wconf 86' lang='lat' dir='ltr'><strong>vertigine,</strong></span> <span class='ocrx_word' id='word_1_190' title='bbox 1293 2901 1349 2963; x_wconf 92' lang='lat' dir='ltr'><strong>vel</strong></span> <span class='ocrx_word' id='word_1_191' title='bbox 1376 2902 1503 2963; x_wconf 90' lang='lat' dir='ltr'><strong>amoris</strong></span> <span class='ocrx_word' id='word_1_192' title='bbox 1531 2910 1643 2962; x_wconf 90' lang='lat' dir='ltr'><strong>aestro</strong></span> <span class='ocrx_word' id='word_1_193' title='bbox 1667 2909 1873 2983; x_wconf 89' lang='lat' dir='ltr'><strong>punguntur,</strong></span> 
     </span>
     <span class='ocr_line' id='line_1_22' title="bbox 538 3015 1872 3100; baseline 0.001 -21"><span class='ocrx_word' id='word_1_194' title='bbox 538 3015 630 3081; x_wconf 90' lang='lat' dir='ltr'><strong>foras</strong></span> <span class='ocrx_word' id='word_1_195' title='bbox 653 3039 690 3081; x_wconf 91' lang='lat' dir='ltr'><strong>se</strong></span> <span class='ocrx_word' id='word_1_196' title='bbox 724 3029 898 3100; x_wconf 89' lang='lat' dir='ltr'><strong>proruunt.</strong></span> <span class='ocrx_word' id='word_1_197' title='bbox 931 3017 1086 3100; x_wconf 88' lang='lat' dir='ltr'><strong>Azagem</strong></span> <span class='ocrx_word' id='word_1_198' title='bbox 1117 3015 1215 3088; x_wconf 86' lang='lat' dir='ltr'><strong>Tin0,</strong></span> <span class='ocrx_word' id='word_1_199' title='bbox 1250 3016 1471 3098; x_wconf 89' lang='lat' dir='ltr'><strong>Imperatoris</strong></span> <span class='ocrx_word' id='word_1_200' title='bbox 1504 3025 1635 3079; x_wconf 89' lang='lat' dir='ltr'><strong>secreta</strong></span> <span class='ocrx_word' id='word_1_201' title='bbox 1669 3026 1872 3086; x_wconf 89' lang='lat' dir='ltr'><strong>servantem,</strong></span> 
     </span>
     <span class='ocr_line' id='line_1_23' title="bbox 538 3129 1873 3214; baseline -0.001 -19"><span class='ocrx_word' id='word_1_202' title='bbox 538 3135 596 3214; x_wconf 93' lang='lat' dir='ltr'><strong>qui</strong></span> <span class='ocrx_word' id='word_1_203' title='bbox 620 3144 740 3214; x_wconf 88' lang='lat' dir='ltr'><strong>postea</strong></span> <span class='ocrx_word' id='word_1_204' title='bbox 763 3133 887 3196; x_wconf 87' lang='lat' dir='ltr'><strong>illustri</strong></span> <span class='ocrx_word' id='word_1_205' title='bbox 907 3143 1016 3195; x_wconf 86' lang='lat' dir='ltr'><strong>morte</strong></span> <span class='ocrx_word' id='word_1_206' title='bbox 1040 3133 1074 3194; x_wconf 94' lang='lat' dir='ltr'><strong>in</strong></span> <span class='ocrx_word' id='word_1_207' title='bbox 1097 3150 1258 3194; x_wconf 90' lang='lat' dir='ltr'><strong>romanae</strong></span> <span class='ocrx_word' id='word_1_208' title='bbox 1282 3129 1362 3195; x_wconf 88' lang='lat' dir='ltr'><strong>fidei</strong></span> <span class='ocrx_word' id='word_1_209' title='bbox 1385 3129 1621 3195; x_wconf 89' lang='lat' dir='ltr'><strong>defensionem</strong></span> <span class='ocrx_word' id='word_1_210' title='bbox 1645 3133 1816 3204; x_wconf 90' lang='lat' dir='ltr'><strong>occubuit,</strong></span> <span class='ocrx_word' id='word_1_211' title='bbox 1840 3144 1873 3194; x_wconf 90' lang='lat' dir='ltr'><strong>et</strong></span> 
     </span>
     <span class='ocr_line' id='line_1_24' title="bbox 538 3248 1873 3330; baseline -0.001 -19"><span class='ocrx_word' id='word_1_212' title='bbox 538 3270 623 3312; x_wconf 92' lang='lat' dir='ltr'><strong>unus</strong></span> <span class='ocrx_word' id='word_1_213' title='bbox 646 3258 718 3312; x_wconf 91' lang='lat' dir='ltr'><strong>erat</strong></span> <span class='ocrx_word' id='word_1_214' title='bbox 741 3270 786 3311; x_wconf 87' lang='lat' dir='ltr'><strong>ex</strong></span> <span class='ocrx_word' id='word_1_215' title='bbox 810 3250 852 3311; x_wconf 90' lang='lat' dir='ltr'><strong>iis</strong></span> <span class='ocrx_word' id='word_1_216' title='bbox 874 3251 932 3330; x_wconf 90' lang='lat' dir='ltr'><strong>qui</strong></span> <span class='ocrx_word' id='word_1_217' title='bbox 957 3248 1129 3310; x_wconf 86' lang='lat' dir='ltr'><strong>iuventam</strong></span> <span class='ocrx_word' id='word_1_218' title='bbox 1160 3248 1195 3308; x_wconf 90' lang='lat' dir='ltr'><strong>in</strong></span> <span class='ocrx_word' id='word_1_219' title='bbox 1227 3249 1402 3310; x_wconf 89' lang='lat' dir='ltr'><strong>coenobiis</strong></span> <span class='ocrx_word' id='word_1_220' title='bbox 1429 3250 1645 3319; x_wconf 88' lang='lat' dir='ltr'><strong>contriverat,</strong></span> <span class='ocrx_word' id='word_1_221' title='bbox 1676 3250 1873 3329; x_wconf 88' lang='lat' dir='ltr'><strong>rogavimus</strong></span> 
     </span>
     <span class='ocr_line' id='line_1_25' title="bbox 539 3362 1873 3446; baseline -0.004 -17"><span class='ocrx_word' id='word_1_222' title='bbox 539 3367 733 3446; x_wconf 90' lang='lat' dir='ltr'><strong>aliquando,</strong></span> <span class='ocrx_word' id='word_1_223' title='bbox 758 3384 942 3446; x_wconf 90' lang='lat' dir='ltr'><strong>numquam</strong></span> <span class='ocrx_word' id='word_1_224' title='bbox 966 3367 1000 3426; x_wconf 91' lang='lat' dir='ltr'><strong>in</strong></span> <span class='ocrx_word' id='word_1_225' title='bbox 1025 3366 1108 3446; x_wconf 86' lang='lat' dir='ltr'><strong>ipsis</strong></span> <span class='ocrx_word' id='word_1_226' title='bbox 1131 3373 1289 3428; x_wconf 90' lang='lat' dir='ltr'><strong>votorum</strong></span> <span class='ocrx_word' id='word_1_227' title='bbox 1313 3363 1451 3425; x_wconf 90' lang='lat' dir='ltr'><strong>vincula</strong></span> <span class='ocrx_word' id='word_1_228' title='bbox 1472 3365 1653 3446; x_wconf 84' lang='lat' dir='ltr'><strong>vigerent?</strong></span> <span class='ocrx_word' id='word_1_229' title='bbox 1676 3362 1743 3425; x_wconf 88' lang='lat' dir='ltr'><strong>Ille</strong></span> <span class='ocrx_word' id='word_1_230' title='bbox 1774 3383 1873 3426; x_wconf 89' lang='lat' dir='ltr'><strong>vero:</strong></span> 
     </span>
     <span class='ocr_line' id='line_1_26' title="bbox 539 3479 1874 3565; baseline -0.001 -23"><span class='ocrx_word' id='word_1_231' title='bbox 539 3482 677 3565; x_wconf 87' lang='lat' dir='ltr'><strong>Vigent,</strong></span> <span class='ocrx_word' id='word_1_232' title='bbox 703 3482 822 3563; x_wconf 90' lang='lat' dir='ltr'><strong>inquit,</strong></span> <span class='ocrx_word' id='word_1_233' title='bbox 845 3500 947 3563; x_wconf 89' lang='lat' dir='ltr'><strong>quam</strong></span> <span class='ocrx_word' id='word_1_234' title='bbox 971 3480 1206 3552; x_wconf 89' lang='lat' dir='ltr'><strong>tenacissima;</strong></span> <span class='ocrx_word' id='word_1_235' title='bbox 1231 3490 1265 3542; x_wconf 90' lang='lat' dir='ltr'><strong>et</strong></span> <span class='ocrx_word' id='word_1_236' title='bbox 1288 3489 1325 3540; x_wconf 92' lang='lat' dir='ltr'><strong>ut</strong></span> <span class='ocrx_word' id='word_1_237' title='bbox 1348 3488 1440 3542; x_wconf 90' lang='lat' dir='ltr'><strong>totus</strong></span> <span class='ocrx_word' id='word_1_238' title='bbox 1463 3479 1536 3542; x_wconf 87' lang='lat' dir='ltr'><strong>sale</strong></span> <span class='ocrx_word' id='word_1_239' title='bbox 1559 3480 1716 3542; x_wconf 89' lang='lat' dir='ltr'><strong>conditus</strong></span> <span class='ocrx_word' id='word_1_240' title='bbox 1740 3490 1822 3552; x_wconf 87' lang='lat' dir='ltr'><strong>erat,</strong></span> <span class='ocrx_word' id='word_1_241' title='bbox 1842 3490 1874 3541; x_wconf 88' lang='lat' dir='ltr'><strong>et</strong></span> 
     </span>
     <span class='ocr_line' id='line_1_27' title="bbox 538 3596 1874 3678; baseline -0.004 -16"><span class='ocrx_word' id='word_1_242' title='bbox 538 3601 668 3662; x_wconf 89' lang='lat' dir='ltr'><strong>salibus</strong></span> <span class='ocrx_word' id='word_1_243' title='bbox 692 3596 877 3671; x_wconf 90' lang='lat' dir='ltr'><strong>diffluebat,</strong></span> <span class='ocrx_word' id='word_1_244' title='bbox 900 3599 1042 3660; x_wconf 89' lang='lat' dir='ltr'><strong>adiecit:</strong></span> <span class='ocrx_word' id='word_1_245' title='bbox 1067 3596 1174 3659; x_wconf 91' lang='lat' dir='ltr'><strong>Humi</strong></span> <span class='ocrx_word' id='word_1_246' title='bbox 1198 3607 1373 3678; x_wconf 90' lang='lat' dir='ltr'><strong>tamquam</strong></span> <span class='ocrx_word' id='word_1_247' title='bbox 1396 3606 1549 3658; x_wconf 90' lang='lat' dir='ltr'><strong>mortuus</strong></span> <span class='ocrx_word' id='word_1_248' title='bbox 1572 3597 1768 3678; x_wconf 89' lang='lat' dir='ltr'><strong>procumbit</strong></span> <span class='ocrx_word' id='word_1_249' title='bbox 1798 3596 1874 3658; x_wconf 86' lang='lat' dir='ltr'><strong>reli·</strong></span> 
     </span>
     <span class='ocr_line' id='line_1_28' title="bbox 538 3712 1873 3797; baseline -0.004 -20"><span class='ocrx_word' id='word_1_250' title='bbox 538 3716 651 3797; x_wconf 87' lang='lat' dir='ltr'><strong>gionis</strong></span> <span class='ocrx_word' id='word_1_251' title='bbox 674 3714 875 3777; x_wconf 89' lang='lat' dir='ltr'><strong>candidatus</strong></span> <span class='ocrx_word' id='word_1_252' title='bbox 898 3732 1043 3793; x_wconf 86' lang='lat' dir='ltr'><strong>eumque</strong></span> <span class='ocrx_word' id='word_1_253' title='bbox 1065 3712 1220 3775; x_wconf 84' lang='lat' dir='ltr'><strong>caenobii</strong></span> <span class='ocrx_word' id='word_1_254' title='bbox 1244 3714 1409 3794; x_wconf 89' lang='lat' dir='ltr'><strong>magister</strong></span> <span class='ocrx_word' id='word_1_255' title='bbox 1432 3721 1541 3794; x_wconf 84' lang='lat' dir='ltr'><strong>rogat,</strong></span> <span class='ocrx_word' id='word_1_256' title='bbox 1573 3730 1654 3773; x_wconf 91' lang='lat' dir='ltr'><strong>uum</strong></span> <span class='ocrx_word' id='word_1_257' title='bbox 1685 3712 1772 3773; x_wconf 83' lang='lat' dir='ltr'><strong>velit</strong></span> <span class='ocrx_word' id='word_1_258' title='bbox 1794 3730 1873 3792; x_wconf 90' lang='lat' dir='ltr'><strong>pau·</strong></span> 
     </span>
     <span class='ocr_line' id='line_1_29' title="bbox 538 3827 1874 3913; baseline -0.004 -19"><span class='ocrx_word' id='word_1_259' title='bbox 538 3841 705 3913; x_wconf 91' lang='lat' dir='ltr'><strong>pertatem</strong></span> <span class='ocrx_word' id='word_1_260' title='bbox 729 3829 900 3912; x_wconf 84' lang='lat' dir='ltr'><strong>profiteri?</strong></span> <span class='ocrx_word' id='word_1_261' title='bbox 924 3827 986 3891; x_wconf 92' lang='lat' dir='ltr'><strong>Cui</strong></span> <span class='ocrx_word' id='word_1_262' title='bbox 1011 3830 1080 3900; x_wconf 91' lang='lat' dir='ltr'><strong>ille,</strong></span> <span class='ocrx_word' id='word_1_263' title='bbox 1104 3829 1196 3891; x_wconf 91' lang='lat' dir='ltr'><strong>velle</strong></span> <span class='ocrx_word' id='word_1_264' title='bbox 1220 3849 1266 3899; x_wconf 86' lang='lat' dir='ltr'><strong>se,</strong></span> <span class='ocrx_word' id='word_1_265' title='bbox 1291 3829 1406 3890; x_wconf 89' lang='lat' dir='ltr'><strong>verbis</strong></span> <span class='ocrx_word' id='word_1_266' title='bbox 1428 3828 1621 3909; x_wconf 90' lang='lat' dir='ltr'><strong>respondit;</strong></span> <span class='ocrx_word' id='word_1_267' title='bbox 1645 3829 1706 3890; x_wconf 89' lang='lat' dir='ltr'><strong>sed</strong></span> <span class='ocrx_word' id='word_1_268' title='bbox 1722 3830 1759 3890; x_wconf 91' lang='lat' dir='ltr'><strong>in</strong></span> <span class='ocrx_word' id='word_1_269' title='bbox 1774 3828 1874 3890; x_wconf 90' lang='lat' dir='ltr'><strong>corde</strong></span> 
     </span>
     <span class='ocr_line' id='line_1_30' title="bbox 539 3942 1874 4026; baseline -0.004 -18"><span class='ocrx_word' id='word_1_270' title='bbox 539 3947 639 4009; x_wconf 88' lang='lat' dir='ltr'><strong>dicit:</strong></span> <span class='ocrx_word' id='word_1_271' title='bbox 663 3943 722 4008; x_wconf 92' lang='lat' dir='ltr'><strong>Sic</strong></span> <span class='ocrx_word' id='word_1_272' title='bbox 745 3947 835 4017; x_wconf 92' lang='lat' dir='ltr'><strong>volo,</strong></span> <span class='ocrx_word' id='word_1_273' title='bbox 860 3955 896 4007; x_wconf 93' lang='lat' dir='ltr'><strong>ut</strong></span> <span class='ocrx_word' id='word_1_274' title='bbox 919 3955 955 4007; x_wconf 90' lang='lat' dir='ltr'><strong>tu</strong></span> <span class='ocrx_word' id='word_1_275' title='bbox 975 3945 1104 4025; x_wconf 91' lang='lat' dir='ltr'><strong>optime</strong></span> <span class='ocrx_word' id='word_1_276' title='bbox 1120 3954 1332 4026; x_wconf 86' lang='lat' dir='ltr'><strong>praeceptor,</strong></span> <span class='ocrx_word' id='word_1_277' title='bbox 1359 3947 1418 4025; x_wconf 92' lang='lat' dir='ltr'><strong>qui</strong></span> <span class='ocrx_word' id='word_1_278' title='bbox 1446 3945 1481 4006; x_wconf 94' lang='lat' dir='ltr'><strong>id</strong></span> <span class='ocrx_word' id='word_1_279' title='bbox 1504 3953 1637 4006; x_wconf 90' lang='lat' dir='ltr'><strong>tantum</strong></span> <span class='ocrx_word' id='word_1_280' title='bbox 1665 3963 1734 4006; x_wconf 91' lang='lat' dir='ltr'><strong>non</strong></span> <span class='ocrx_word' id='word_1_281' title='bbox 1757 3942 1874 4013; x_wconf 90' lang='lat' dir='ltr'><strong>habes,</strong></span> 
     </span>
     <span class='ocr_line' id='line_1_31' title="bbox 539 4057 1874 4144; baseline -0.004 -19"><span class='ocrx_word' id='word_1_282' title='bbox 539 4064 630 4144; x_wconf 89' lang='lat' dir='ltr'><strong>quod</strong></span> <span class='ocrx_word' id='word_1_283' title='bbox 646 4072 679 4124; x_wconf 92' lang='lat' dir='ltr'><strong>te</strong></span> <span class='ocrx_word' id='word_1_284' title='bbox 703 4060 836 4142; x_wconf 89' lang='lat' dir='ltr'><strong>assequi</strong></span> <span class='ocrx_word' id='word_1_285' title='bbox 861 4079 961 4141; x_wconf 87' lang='lat' dir='ltr'><strong>posse</strong></span> <span class='ocrx_word' id='word_1_286' title='bbox 977 4057 1114 4122; x_wconf 82' lang='lat' dir='ltr'><strong>diffidis,</strong></span> <span class='ocrx_word' id='word_1_287' title='bbox 1131 4058 1251 4142; x_wconf 87' lang='lat' dir='ltr'><strong>Rogat</strong></span> <span class='ocrx_word' id='word_1_288' title='bbox 1267 4062 1400 4132; x_wconf 88' lang='lat' dir='ltr'><strong>iterum,</strong></span> <span class='ocrx_word' id='word_1_289' title='bbox 1417 4079 1497 4122; x_wconf 92' lang='lat' dir='ltr'><strong>num</strong></span> <span class='ocrx_word' id='word_1_290' title='bbox 1513 4060 1599 4122; x_wconf 89' lang='lat' dir='ltr'><strong>velit</strong></span> <span class='ocrx_word' id='word_1_291' title='bbox 1614 4060 1766 4122; x_wconf 88' lang='lat' dir='ltr'><strong>castitati</strong></span> <span class='ocrx_word' id='word_1_292' title='bbox 1783 4078 1874 4120; x_wconf 90' lang='lat' dir='ltr'><strong>man·</strong></span> 
     </span>
     <span class='ocr_line' id='line_1_32' title="bbox 539 4174 1874 4258; baseline -0.004 -19"><span class='ocrx_word' id='word_1_293' title='bbox 539 4178 667 4258; x_wconf 83' lang='lat' dir='ltr'><strong>cipari?</strong></span> <span class='ocrx_word' id='word_1_294' title='bbox 692 4176 754 4239; x_wconf 89' lang='lat' dir='ltr'><strong>Cui</strong></span> <span class='ocrx_word' id='word_1_295' title='bbox 778 4177 846 4246; x_wconf 89' lang='lat' dir='ltr'><strong>ille,</strong></span> <span class='ocrx_word' id='word_1_296' title='bbox 872 4196 913 4238; x_wconf 90' lang='lat' dir='ltr'><strong>eo</strong></span> <span class='ocrx_word' id='word_1_297' title='bbox 936 4196 973 4238; x_wconf 91' lang='lat' dir='ltr'><strong>se</strong></span> <span class='ocrx_word' id='word_1_298' title='bbox 996 4186 1077 4238; x_wconf 87' lang='lat' dir='ltr'><strong>voto</strong></span> <span class='ocrx_word' id='word_1_299' title='bbox 1100 4177 1259 4258; x_wconf 88' lang='lat' dir='ltr'><strong>distringi</strong></span> <span class='ocrx_word' id='word_1_300' title='bbox 1276 4185 1461 4247; x_wconf 85' lang='lat' dir='ltr'><strong>asseverat,</strong></span> <span class='ocrx_word' id='word_1_301' title='bbox 1485 4176 1546 4238; x_wconf 90' lang='lat' dir='ltr'><strong>sed</strong></span> <span class='ocrx_word' id='word_1_302' title='bbox 1570 4176 1661 4237; x_wconf 90' lang='lat' dir='ltr'><strong>intus</strong></span> <span class='ocrx_word' id='word_1_303' title='bbox 1677 4174 1792 4236; x_wconf 92' lang='lat' dir='ltr'><strong>addit:</strong></span> <span class='ocrx_word' id='word_1_304' title='bbox 1816 4175 1874 4235; x_wconf 90' lang='lat' dir='ltr'><strong>Ad</strong></span> 
     </span>
     <span class='ocr_line' id='line_1_33' title="bbox 539 4289 1874 4374; baseline -0.004 -19"><span class='ocrx_word' id='word_1_305' title='bbox 539 4304 632 4356; x_wconf 89' lang='lat' dir='ltr'><strong>tuum</strong></span> <span class='ocrx_word' id='word_1_306' title='bbox 657 4312 778 4374; x_wconf 88' lang='lat' dir='ltr'><strong>nempe</strong></span> <span class='ocrx_word' id='word_1_307' title='bbox 802 4292 1011 4373; x_wconf 78' lang='lat' dir='ltr'><strong>exemplum,</strong></span> <span class='ocrx_word' id='word_1_308' title='bbox 1035 4292 1094 4373; x_wconf 92' lang='lat' dir='ltr'><strong>qui</strong></span> <span class='ocrx_word' id='word_1_309' title='bbox 1124 4291 1180 4353; x_wconf 90' lang='lat' dir='ltr'><strong>vel</strong></span> <span class='ocrx_word' id='word_1_310' title='bbox 1211 4292 1325 4372; x_wconf 92' lang='lat' dir='ltr'><strong>plures</strong></span> <span class='ocrx_word' id='word_1_311' title='bbox 1356 4291 1544 4373; x_wconf 90' lang='lat' dir='ltr'><strong>discipulas</strong></span> <span class='ocrx_word' id='word_1_312' title='bbox 1575 4292 1649 4372; x_wconf 87' lang='lat' dir='ltr'><strong>ipse</strong></span> <span class='ocrx_word' id='word_1_313' title='bbox 1680 4292 1788 4361; x_wconf 89' lang='lat' dir='ltr'><strong>audis,</strong></span> <span class='ocrx_word' id='word_1_314' title='bbox 1821 4289 1874 4350; x_wconf 86' lang='lat' dir='ltr'><strong>vel</strong></span> 
     </span>
     <span class='ocr_line' id='line_1_34' title="bbox 540 4405 1874 4488; baseline -0.004 -17"><span class='ocrx_word' id='word_1_315' title='bbox 540 4409 675 4471; x_wconf 89' lang='lat' dir='ltr'><strong>ancillis</strong></span> <span class='ocrx_word' id='word_1_316' title='bbox 697 4410 879 4471; x_wconf 90' lang='lat' dir='ltr'><strong>ancillaris.</strong></span> <span class='ocrx_word' id='word_1_317' title='bbox 905 4407 989 4471; x_wconf 91' lang='lat' dir='ltr'><strong>Cum</strong></span> <span class='ocrx_word' id='word_1_318' title='bbox 1013 4410 1104 4471; x_wconf 91' lang='lat' dir='ltr'><strong>enim</strong></span> <span class='ocrx_word' id='word_1_319' title='bbox 1127 4428 1186 4470; x_wconf 89' lang='lat' dir='ltr'><strong>eas</strong></span> <span class='ocrx_word' id='word_1_320' title='bbox 1209 4427 1334 4470; x_wconf 85' lang='lat' dir='ltr'><strong>uxores</strong></span> <span class='ocrx_word' id='word_1_321' title='bbox 1357 4405 1426 4469; x_wconf 92' lang='lat' dir='ltr'><strong>dici</strong></span> <span class='ocrx_word' id='word_1_322' title='bbox 1449 4407 1586 4488; x_wconf 90' lang='lat' dir='ltr'><strong>pudeat,</strong></span> <span class='ocrx_word' id='word_1_323' title='bbox 1613 4407 1803 4469; x_wconf 89' lang='lat' dir='ltr'><strong>honestiori</strong></span> <span class='ocrx_word' id='word_1_324' title='bbox 1827 4405 1874 4466; x_wconf 92' lang='lat' dir='ltr'><strong>di·</strong></span> 
     </span>
     <span class='ocr_line' id='line_1_35' title="bbox 540 4523 1731 4606; baseline -0.001 -20"><span class='ocrx_word' id='word_1_325' title='bbox 540 4526 747 4606; x_wconf 89' lang='lat' dir='ltr'><strong>scipularum</strong></span> <span class='ocrx_word' id='word_1_326' title='bbox 771 4536 805 4586; x_wconf 93' lang='lat' dir='ltr'><strong>et</strong></span> <span class='ocrx_word' id='word_1_327' title='bbox 828 4524 1030 4586; x_wconf 91' lang='lat' dir='ltr'><strong>ancillarum</strong></span> <span class='ocrx_word' id='word_1_328' title='bbox 1054 4523 1223 4585; x_wconf 91' lang='lat' dir='ltr'><strong>vocabulo</strong></span> <span class='ocrx_word' id='word_1_329' title='bbox 1247 4524 1491 4604; x_wconf 89' lang='lat' dir='ltr'><strong>turpitudinem</strong></span> <span class='ocrx_word' id='word_1_330' title='bbox 1514 4531 1731 4604; x_wconf 86' lang='lat' dir='ltr'><strong>praetexunt.</strong></span> 
     </span>
     <span class='ocr_line' id='line_1_36' title="bbox 227 4638 1874 4720; baseline 0.002 -26"><span class='ocrx_word' id='word_1_331' title='bbox 227 4644 364 4694; x_wconf 79' lang='lat' dir='ltr'><strong>curtam</strong></span> <span class='ocrx_word' id='word_1_332' title='bbox 402 4643 512 4707; x_wconf 71' lang='lat' dir='ltr'><strong>magia</strong></span> <span class='ocrx_word' id='word_1_333' title='bbox 633 4660 680 4701; x_wconf 87' lang='lat'><strong>11.</strong></span> <span class='ocrx_word' id='word_1_334' title='bbox 706 4639 842 4701; x_wconf 89' lang='lat' dir='ltr'><strong>Diutius</strong></span> <span class='ocrx_word' id='word_1_335' title='bbox 867 4658 904 4700; x_wconf 93' lang='lat' dir='ltr'><strong>se</strong></span> <span class='ocrx_word' id='word_1_336' title='bbox 928 4640 962 4699; x_wconf 92' lang='lat' dir='ltr'><strong>in</strong></span> <span class='ocrx_word' id='word_1_337' title='bbox 987 4638 1206 4719; x_wconf 87' lang='lat' dir='ltr'><strong>Imperatoris</strong></span> <span class='ocrx_word' id='word_1_338' title='bbox 1228 4647 1263 4701; x_wconf 88' lang='lat' dir='ltr'><strong>et</strong></span> <span class='ocrx_word' id='word_1_339' title='bbox 1293 4657 1475 4720; x_wconf 87' lang='lat' dir='ltr'><strong>proregum</strong></span> <span class='ocrx_word' id='word_1_340' title='bbox 1499 4639 1621 4700; x_wconf 88' lang='lat' dir='ltr'><strong>castris</strong></span> <span class='ocrx_word' id='word_1_341' title='bbox 1652 4645 1687 4700; x_wconf 91' lang='lat' dir='ltr'><strong>et</strong></span> <span class='ocrx_word' id='word_1_342' title='bbox 1714 4638 1874 4701; x_wconf 90' lang='lat' dir='ltr'><strong>ditiorum</strong></span> 
     </span>
    </p>
   </div>
   <div class='ocr_carea' id='block_1_3' title="bbox 191 4714 1875 4851">
    <p class='ocr_par' dir='ltr' id='par_1_3' title="bbox 191 4714 1875 4851">
     <span class='ocr_line' id='line_1_37' title="bbox 191 4714 1822 4780; baseline 0 -14"><span class='ocrx_word' id='word_1_343' title='bbox 191 4730 276 4780; x_wconf 80' lang='lat' dir='ltr'><strong>quarn</strong></span> <span class='ocrx_word' id='word_1_344' title='bbox 294 4714 431 4766; x_wconf 79' lang='lat' dir='ltr'><strong>coenobia</strong></span> <span class='ocrx_word' id='word_1_345' title='bbox 455 4717 512 4765; x_wconf 80' lang='lat' dir='ltr'><strong>frc-</strong></span> <span class='ocrx_word' id='word_1_346' title='bbox 635 4757 641 4768; x_wconf 92' lang='lat'>.</span> <span class='ocrx_word' id='word_1_347' title='bbox 904 4756 922 4768; x_wconf 90' lang='lat'><strong>..</strong></span> <span class='ocrx_word' id='word_1_348' title='bbox 1120 4755 1126 4767; x_wconf 93' lang='lat'>.</span> <span class='ocrx_word' id='word_1_349' title='bbox 1318 4755 1337 4767; x_wconf 87' lang='lat'><strong>..</strong></span> <span class='ocrx_word' id='word_1_350' title='bbox 1717 4755 1724 4767; x_wconf 88' lang='lat'><strong>.</strong></span> <span class='ocrx_word' id='word_1_351' title='bbox 1816 4755 1822 4766; x_wconf 90' lang='lat'><strong>.</strong></span> 
     </span>
     <span class='ocr_line' id='line_1_38' title="bbox 192 4753 1875 4851; baseline -0.002 -34"><span class='ocrx_word' id='word_1_352' title='bbox 192 4796 335 4851; x_wconf 75' lang='lat' dir='ltr'><strong>quentane</strong></span> <span class='ocrx_word' id='word_1_353' title='bbox 540 4753 764 4818; x_wconf 79' lang='lat' dir='ltr'><strong>foeminarum</strong></span> <span class='ocrx_word' id='word_1_354' title='bbox 787 4764 953 4825; x_wconf 76' lang='lat' dir='ltr'><strong>tentoriis</strong></span> <span class='ocrx_word' id='word_1_355' title='bbox 984 4772 1086 4835; x_wconf 88' lang='lat' dir='ltr'><strong>quam</strong></span> <span class='ocrx_word' id='word_1_356' title='bbox 1117 4772 1151 4815; x_wconf 92' lang='lat' dir='ltr'><strong>m</strong></span> <span class='ocrx_word' id='word_1_357' title='bbox 1183 4754 1358 4816; x_wconf 90' lang='lat' dir='ltr'><strong>coenobus</strong></span> <span class='ocrx_word' id='word_1_358' title='bbox 1388 4763 1560 4825; x_wconf 86' lang='lat' dir='ltr'><strong>exercent,</strong></span> <span class='ocrx_word' id='word_1_359' title='bbox 1584 4762 1619 4815; x_wconf 91' lang='lat' dir='ltr'><strong>et</strong></span> <span class='ocrx_word' id='word_1_360' title='bbox 1642 4753 1748 4816; x_wconf 83' lang='lat' dir='ltr'><strong>hodre</strong></span> <span class='ocrx_word' id='word_1_361' title='bbox 1777 4754 1875 4815; x_wconf 83' lang='lat' dir='ltr'><strong>mrles</strong></span> 
     </span>
    </p>
   </div>
   <div class='ocr_carea' id='block_1_4' title="bbox 539 4866 1994 5184">
    <p class='ocr_par' dir='ltr' id='par_1_4' title="bbox 539 4866 1994 5184">
     <span class='ocr_line' id='line_1_39' title="bbox 539 4866 1875 4954; baseline -0.002 -21"><span class='ocrx_word' id='word_1_362' title='bbox 539 4883 590 4935; x_wconf 89' lang='lat' dir='ltr'><strong>est</strong></span> <span class='ocrx_word' id='word_1_363' title='bbox 613 4872 779 4954; x_wconf 88' lang='lat' dir='ltr'><strong>galeatus,</strong></span> <span class='ocrx_word' id='word_1_364' title='bbox 803 4873 860 4953; x_wconf 92' lang='lat' dir='ltr'><strong>qui</strong></span> <span class='ocrx_word' id='word_1_365' title='bbox 883 4872 956 4934; x_wconf 93' lang='lat' dir='ltr'><strong>heri</strong></span> <span class='ocrx_word' id='word_1_366' title='bbox 981 4870 1167 4932; x_wconf 89' lang='lat' dir='ltr'><strong>monachus</strong></span> <span class='ocrx_word' id='word_1_367' title='bbox 1189 4866 1301 4932; x_wconf 88' lang='lat' dir='ltr'><strong>fuerat</strong></span> <span class='ocrx_word' id='word_1_368' title='bbox 1317 4871 1516 4932; x_wconf 91' lang='lat' dir='ltr'><strong>cucullatus.</strong></span> <span class='ocrx_word' id='word_1_369' title='bbox 1533 4869 1608 4932; x_wconf 89' lang='lat' dir='ltr'><strong>Iam</strong></span> <span class='ocrx_word' id='word_1_370' title='bbox 1624 4871 1660 4932; x_wconf 92' lang='lat' dir='ltr'><strong>in</strong></span> <span class='ocrx_word' id='word_1_371' title='bbox 1675 4870 1875 4933; x_wconf 91' lang='lat' dir='ltr'><strong>tumultibus</strong></span> 
     </span>
     <span class='ocr_line' id='line_1_40' title="bbox 539 4984 1876 5067; baseline -0.004 -17"><span class='ocrx_word' id='word_1_372' title='bbox 539 4989 703 5050; x_wconf 90' lang='lat' dir='ltr'><strong>adversus</strong></span> <span class='ocrx_word' id='word_1_373' title='bbox 726 4987 929 5048; x_wconf 89' lang='lat' dir='ltr'><strong>catholicam</strong></span> <span class='ocrx_word' id='word_1_374' title='bbox 953 4985 1056 5048; x_wconf 89' lang='lat' dir='ltr'><strong>fidem</strong></span> <span class='ocrx_word' id='word_1_375' title='bbox 1087 4987 1309 5057; x_wconf 90' lang='lat' dir='ltr'><strong>concitandis,</strong></span> <span class='ocrx_word' id='word_1_376' title='bbox 1334 4987 1426 5048; x_wconf 91' lang='lat' dir='ltr'><strong>etin</strong></span> <span class='ocrx_word' id='word_1_377' title='bbox 1456 4984 1650 5057; x_wconf 89' lang='lat' dir='ltr'><strong>caedendis,</strong></span> <span class='ocrx_word' id='word_1_378' title='bbox 1683 4984 1876 5067; x_wconf 88' lang='lat' dir='ltr'><strong>lapidandis</strong></span> 
     </span>
     <span class='ocr_line' id='line_1_41' title="bbox 540 5097 1994 5184; baseline -0.003 -19"><span class='ocrx_word' id='word_1_379' title='bbox 540 5114 573 5165; x_wconf 88' lang='lat' dir='ltr'><strong>et</strong></span> <span class='ocrx_word' id='word_1_380' title='bbox 589 5102 835 5184; x_wconf 89' lang='lat' dir='ltr'><strong>suspendendis</strong></span> <span class='ocrx_word' id='word_1_381' title='bbox 854 5097 965 5162; x_wconf 80' lang='lat' dir='ltr'><strong>*illius</strong></span> <span class='ocrx_word' id='word_1_382' title='bbox 980 5103 1217 5175; x_wconf 86' lang='lat' dir='ltr'><strong>sectatoribus,</strong></span> <span class='ocrx_word' id='word_1_383' title='bbox 1234 5123 1270 5165; x_wconf 91' lang='lat' dir='ltr'><strong>se</strong></span> <span class='ocrx_word' id='word_1_384' title='bbox 1287 5122 1396 5183; x_wconf 90' lang='lat' dir='ltr'><strong>neque</strong></span> <span class='ocrx_word' id='word_1_385' title='bbox 1412 5101 1660 5181; x_wconf 74' lang='lat' dir='ltr'><strong>exploratores</strong></span> <span class='ocrx_word' id='word_1_386' title='bbox 1677 5120 1790 5182; x_wconf 87' lang='lat' dir='ltr'><strong>neque</strong></span> <span class='ocrx_word' id='word_1_387' title='bbox 1805 5119 1875 5162; x_wconf 91' lang='lat' dir='ltr'><strong>car·</strong></span> <span class='ocrx_word' id='word_1_388' title='bbox 1917 5105 1936 5152; x_wconf 79' lang='lat' dir='ltr'><strong>s·</strong></span> <span class='ocrx_word' id='word_1_389' title='bbox 1958 5112 1994 5162; x_wconf 82' lang='lat'><strong>39·</strong></span> 
     </span>
    </p>
   </div>
   <div class='ocr_carea' id='block_1_5' title="bbox 0 0 2068 6180">
    <p class='ocr_par' dir='ltr' id='par_1_5' title="bbox 0 0 2068 6180">
     <span class='ocr_line' id='line_1_42' title="bbox 0 0 2068 6180; baseline 0 0"><span class='ocrx_word' id='word_1_390' title='bbox 0 0 2068 6180; x_wconf 95' lang='lat' dir='ltr'><strong> </strong></span> 
     </span>
    </p>
   </div>
  </div>
 </body>
</html>
