4066 6184
620 590 735 639 aranu
760 592 798 659 11,
823 590 948 640 capua
972 592 1071 641 xxu.
1447 600 1508 660 313

271 755 310 798 ro
344 734 476 799 Eadem
499 737 556 800 die
580 737 623 799 ad
646 757 684 800 se
707 736 860 820 pertrahi
884 737 982 801 iussit
1005 737 1172 801 sororium
1198 737 1348 810 fratrem,
1378 737 1511 803 Emana
1564 750 1658 801 ruem
1666 750 1859 803 annomi-

179 849 342 924 Cbristds,
366 853 472 936 vulgo
496 851 625 915 dictum
648 852 771 925 Tucur,
794 853 860 917 hoc
883 862 935 918 est
965 853 1110 937 nigrum,
1142 856 1185 918 ad
1216 854 1360 918 aliorum
1390 854 1510 919 distin·
1537 820 1631 944 ἓξὲξ
1656 822 1753 874 hum
1778 836 1860 874 Μ’

180 968 326 1032 ctionem
349 968 407 1050 qui
430 968 547 1032 colore
570 979 666 1031 erant
689 968 851 1042 dilutiori,
882 970 943 1034 sed
967 970 1120 1034 moribus
1140 979 1174 1035 et
1201 969 1267 1033 fide
1284 971 1416 1035 cunctis
1432 993 1511 1036 can·

179 1083 356 1157 didiorem,
380 1084 414 1147 in
437 1104 539 1165 quem
555 1084 683 1148 recenti
699 1087 879 1149 stomacho
901 1087 1066 1159 tumebat,
1081 1087 1174 1169 quod
1189 1106 1267 1150 curn
1282 1088 1313 1150 ei
1330 1087 1510 1161 diceretur,

178 1221 223 1273 se,
247 1203 277 1264 si
300 1212 418 1283 patres
440 1202 743 1285 comprehenderet
767 1202 822 1286 (de
846 1222 913 1285 qua
935 1222 973 1266 re
989 1204 1074 1265 nihil
1091 1203 1311 1287 ambigebatl,
1328 1224 1387 1267 eos
1414 1205 1511 1268 caedi

178 1336 391 1400 nequaquam
414 1319 629 1391 traditurum,
653 1320 714 1381 sed
737 1320 771 1399 in
788 1339 883 1382 suam
900 1318 1045 1401 patriam
1070 1321 1230 1383 innoxios
1253 1320 1511 1384 amandatumm

178 1434 364 1497 addiderit:
388 1431 427 1496 Si
450 1436 502 1498 sui
526 1446 766 1518 praeceptores
789 1435 940 1498 Romam
963 1435 1266 1517 profiscicerentur,
1291 1457 1350 1499 eos
1372 1458 1410 1502 se
1421 1446 1513 1501 terra

177 1551 323 1632 pedibus
346 1559 381 1613 et
405 1552 489 1614 mari
505 1553 655 1614 natando
671 1561 953 1615 consectatumm.
972 1550 1057 1615 Cum
1074 1571 1156 1615 vero
1173 1554 1277 1614 animi
1294 1563 1407 1617 certus
1422 1565 1511 1617 esset

178 1665 263 1729 nihil
286 1687 324 1730 se
346 1687 424 1730 cum
448 1669 509 1731 illo
532 1668 715 1731 verborum
738 1668 982 1731 blandimentis
1005 1666 1244 1751 perfecturum,
1262 1671 1360 1732 iussit
1381 1671 1513 1733 adstan-

176 1783 279 1855 tibus,
302 1793 340 1846 ut
362 1804 441 1846 eum
464 1785 618 1857 clavulis,
643 1805 728 1867 quas
750 1804 884 1867 semper
908 1784 1035 1848 habent
1066 1804 1148 1867 prae
1176 1787 1341 1858 manibus,
1368 1788 1512 1849 sanctis·

176 1900 299 1962 simum
323 1899 401 1964 Iesu
425 1921 549 1965 nomen
573 1902 820 1983 multiplicatis,
845 1912 879 1965 et
902 1912 1022 1983 postea
1045 1902 1286 1974 intermortuis,
1303 1903 1445 1964 uocibus
1462 1904 1513 1965 in·

176 2015 383 2079 clamantem
407 2019 666 2081 contunderent.
697 2014 757 2080 Sic
788 2019 943 2080 eamdem
976 2018 1087 2080 lucem
1118 2018 1196 2091 duo,
1229 2019 1315 2081 alter
1345 2028 1510 2091 terrenae,

177 2131 265 2195 alter
287 2133 447 2197 coelestis
470 2134 614 2197 militiae
637 2135 750 2205 duces,
775 2153 837 2196 suo
860 2135 1026 2216 sanguine
1048 2133 1269 2197 illustrarunt.

265 2244 301 2310 ἰ
312 2269 337 2312 1.
354 2247 522 2313 Diversus
538 2247 604 2313 fuit
620 2251 734 2313 exitus
748 2249 850 2332 Edag
864 2248 940 2312 Ras
956 2249 1047 2311 Zaba
1061 2247 1224 2323 Esraelis,
1236 2260 1273 2313 ut
1286 2251 1392 2313 torvis
1403 2251 1512 2313 oculis

176 2366 226 2428 sic
249 2363 317 2428 lide
334 2367 488 2431 'distorti
512 2364 579 2448 Qui
604 2387 681 2429 cum
704 2367 749 2429 ad
771 2366 981 2449 proditorem
1009 2366 1176 2429 deductus
1205 2377 1296 2429 esset
1323 2377 1357 2430 et
1386 2366 1512 2430 hastile

176 2483 211 2545 in
234 2502 272 2545 se
296 2484 516 2564 contorqueri
539 2483 682 2553 videret,
706 2483 796 2545 dixit
821 2484 850 2545 si
874 2482 998 2546 caedes
1028 2484 1063 2544 in
1086 2483 1204 2545 odium
1228 2483 1408 2546 Romanae
1431 2482 1510 2547 fidei

176 2596 368 2672 inferretur,
391 2599 460 2662 sibi
482 2598 758 2662 Alexandrinam
783 2600 877 2661 cordi
901 2617 1037 2679 semper
1060 2596 1174 2671 fuisse,
1199 2609 1233 2662 et
1256 2609 1413 2682 paratum
1436 2621 1512 2665 esse
1576 2610 1582 2624 '

175 2715 271 2779 illico
294 2715 449 2779 eiusdem
471 2717 709 2779 communione
732 2715 899 2799 vegetari.
923 2714 992 2777 Sed
1015 2717 1170 2797 proditor
1191 2717 1344 2798 graviter
1363 2717 1397 2779 in
1413 2717 1511 2780 illurn

176 2842 367 2896 commotus
390 2842 424 2896 et
447 2834 539 2913 quod
563 2834 775 2895 necessarius
805 2843 895 2895 esset
926 2831 1111 2895 Damotum
1141 2833 1308 2915 proregis,
1331 2834 1381 2894 sui
1413 2852 1511 2895 accu-

175 2932 311 3021 satoris,
335 2958 369 3011 et
392 2950 485 3031 quod
507 2949 623 3031 plures
646 2949 825 3011 adversum
842 2968 880 3010 se
896 2948 1084 3011 sententias
1099 2961 1197 3011 antea
1216 2951 1249 3010 in
1267 2947 1384 3011 multis
1400 2950 1512 3012 causis

175 3066 384 3147 protulisset,
409 3066 544 3128 cuidam
568 3065 681 3127 esuis
704 3065 845 3127 tradidit
869 3065 986 3128 hastili
1010 3063 1259 3148 configendum.
1286 3063 1332 3127 Et
1363 3066 1412 3127 ita
1441 3075 1510 3127 tor·

175 3192 275 3244 tuosa
298 3192 407 3243 morte
430 3181 584 3243 sublatus
606 3190 670 3253 est,
693 3181 752 3263 qui
775 3182 897 3244 videns
920 3192 1047 3244 rectam
1073 3179 1174 3244 fidem
1197 3182 1234 3243 in
1253 3191 1424 3244 tortuosas
1440 3200 1511 3243 arn·

175 3299 284 3381 bages
306 3297 544 3380 detorquebat.

270 3433 319 3476 12.
343 3413 437 3477 Acta
459 3424 537 3477 sunt
561 3413 646 3478 haec
669 3415 784 3476 omnia
807 3435 848 3476 eo
872 3412 997 3487 animo,
1021 3424 1057 3476 ut
1079 3415 1236 3496 proditor
1261 3425 1332 3477 tam
1364 3414 1511 3496 publicis

176 3528 358 3593 Romanae
392 3529 471 3594 fidei
495 3551 516 3594 a
539 3551 576 3594 se
599 3532 748 3595 violatae
783 3530 990 3594 testimoniis
1017 3532 1143 3593 multos
1165 3531 1232 3592 sibi
1255 3531 1368 3593 socios
1392 3530 1510 3594 adiun-

173 3655 293 3728 geret;
318 3646 353 3709 id
376 3658 490 3710 tamen
515 3648 550 3709 in
573 3668 675 3711 causa
700 3645 764 3710 luit
787 3659 823 3709 ut
847 3668 907 3710 eos
930 3667 1016 3728 quos
1038 3649 1133 3728 prius
1156 3648 1314 3720 habebat,
1339 3669 1359 3710 a
1390 3667 1427 3710 se
1458 3644 1510 3710 fu·

174 3773 283 3843 garet.
308 3762 402 3826 Inter
424 3782 512 3845 quos
534 3761 598 3827 fuit
621 3764 850 3827 Bellarminus
873 3774 908 3828 et
932 3783 978 3826 ex
1008 3765 1313 3845 praestantioribus
1342 3765 1509 3846 plerique.

175 3878 246 3941 Sed
268 3880 349 3962 quia
372 3880 416 3942 ad
438 3878 562 3963 flagitii
585 3880 758 3943 cumulum
782 3882 909 3952 deerat,
933 3890 969 3942 ut
1000 3898 1134 3942 sacrum
1165 3879 1391 3943 alexandrino
1414 3880 1510 3942 sche-

176 4005 267 4057 mate
300 4006 612 4078 repraesentaretur
635 4005 669 4058 et
693 4016 811 4059 omnes
833 3995 1015 4059 Romanae
1038 3997 1228 4059 desertores
1255 3993 1387 4058 nefaria
1418 3996 1510 4058 illius

175 4110 414 4174 communione
437 4113 741 4195 obstringerentur,
759 4112 793 4174 id
810 4113 1049 4193 exequendum
1065 4113 1197 4174 curavit
1214 4112 1269 4174 die
1285 4110 1511 4175 Ascensionis

174 4246 253 4290 cum
273 4227 441 4311 vigesima
464 4248 555 4291 nona
579 4229 705 4291 mensis
727 4241 958 4292 concurrente.
979 4226 1041 4290 Cui
1065 4248 1141 4290 cum
1157 4228 1321 4291 ecclesias
1336 4228 1371 4289 in
1387 4228 1511 4309 quibus

174 4343 337 4406 catholici
360 4346 557 4407 sacerdotes
581 4345 734 4417 litabant,
759 4366 822 4427 pro
845 4346 992 4408 sordidis
1019 4355 1053 4408 et
1083 4344 1226 4426 pollutis
1254 4344 1405 4415 haberet,
1437 4354 1510 4407 ten-

173 4461 301 4524 torium
324 4461 515 4544 assignavit
537 4461 639 4542 quod,
664 4472 903 4543 praeterquam
927 4463 1018 4543 quod
1034 4482 1096 4524 nec
1112 4458 1245 4524 radices
1261 4462 1318 4523 vel
1333 4472 1510 4523 caementa

175 4597 238 4642 nec
261 4578 406 4641 liberum
431 4579 519 4642 coeli
543 4590 763 4661 conspectum
787 4578 938 4652 haberet,
963 4577 1063 4641 ferali
1086 4590 1222 4641 ostento
1238 4579 1272 4639 in
1289 4588 1414 4640 terram
1431 4596 1509 4659 pro·

175 4696 321 4777 lapsum,
344 4713 473 4767 omnes,
497 4708 665 4778 quotquot
699 4698 849 4769 aderant,
878 4697 1058 4778 oppressit,
1090 4705 1125 4757 et
1155 4712 1331 4756 acetosum
1363 4691 1508 4755 fermen-

173 4821 351 4893 tatumque
374 4830 509 4893 panem,
532 4832 600 4894 quo
623 4812 667 4875 ad
683 4813 972 4876 consecrationem
989 4812 1179 4882 utebantur,
1196 4811 1370 4871 interram
1388 4827 1508 4870 excus-

172 4927 230 5000 sit,
254 4927 366 5010 ipsum
389 4927 549 4991 similiter
571 4929 814 4992 excutiendum
838 4928 1167 5012 opprimendumque
1190 4926 1437 4989 demonstrans.

711 5154 724 5161 -
733 5155 850 5161 ..---.
858 5155 876 5159 --
897 5156 906 5160 -

255 5297 281 5341 C.
296 5296 409 5340 Breuni.
423 5297 480 5342 Rer.
493 5297 561 5341 elath.
576 5299 669 5352 Scrr'pt.
683 5312 729 5341 occ.
745 5299 812 5343 r'ned.
831 5320 856 5330 -
871 5298 938 5342 VIII.
