4066 6174
570 598 632 674 336
902 606 1178 657 EXPEDITIONIS
1202 606 1464 657 AETHIOPICAE
1487 606 1568 656 ETC.

508 824 515 837 ⁸
568 756 659 836 regis
682 753 774 817 filiae
798 755 930 818 illatum
956 755 985 817 is
1008 755 1066 838 qui
1092 753 1308 817 Alexandria
1331 764 1475 816 vocatus
1491 753 1654 816 successit
1670 752 1891 823 Patriarchae,

257 2152 376 2217 Aliquos
397 2152 540 2211 ambitio,

221 2223 297 2274 ullos
315 2223 433 2274 avaritia
457 2223 541 2274 insti·

222 2297 315 2357 gabat.

258 3658 362 3709 Odium
380 3669 409 3707 ot
435 3657 544 3708 invidia

222 3730 253 3780 in
282 3732 338 3780 Ru
366 3730 471 3779 multos
497 3744 542 3779 nc·

222 3802 366 3851 tendebat.

568 891 588 933 a
612 871 744 933 duobus
766 872 865 932 annis
888 870 970 933 exul
994 872 1028 933 in
1054 872 1158 933 maris
1182 869 1433 932 Dambaeensis
1453 869 1575 940 insula,
1591 866 1752 931 fluctibus
1767 868 1891 937 eluitur,

568 997 601 1048 et
626 983 787 1049 infamiae
809 984 926 1048 flabris
949 1006 990 1048 ac
1013 984 1162 1067 flagellis
1189 995 1223 1048 et
1256 987 1345 1047 intra
1376 995 1410 1047 et
1441 995 1543 1046 extra
1573 983 1797 1065 Aethiopiam
1827 1002 1893 1045 ver·

567 1102 713 1164 beratur.
739 1101 911 1171 Monachi,
935 1122 1011 1164 curn
1036 1121 1132 1164 suam
1156 1101 1401 1182 turpitudinem
1425 1102 1544 1162 uxoris
1567 1101 1705 1162 nomine
1732 1099 1893 1170 velabant

568 1219 756 1280 sanctiores
779 1218 997 1298 putabantur,
1021 1237 1084 1279 nec
1109 1231 1264 1280 coeteros
1287 1216 1530 1298 discipularum
1555 1216 1821 1285 contubernium,
1844 1226 1895 1277 aut

568 1332 771 1396 vocabulum
797 1332 970 1405 foedabat,
993 1344 1051 1396 aut
1075 1335 1312 1415 presbyteratu
1337 1332 1510 1417 insignitis
1533 1333 1657 1415 religio
1681 1340 1754 1393 erat
1784 1331 1896 1393 diebus

567 1449 749 1512 dominicis
771 1469 869 1511 sacro
892 1450 1036 1532 operari,
1067 1458 1125 1512 aut
1156 1447 1309 1531 profanis
1340 1451 1383 1512 ad
1414 1468 1547 1512 sacram
1579 1467 1731 1510 mensam
1762 1447 1895 1528 epulari.

568 1565 754 1647 Plerosque
777 1586 823 1627 ex
846 1565 888 1627 iis
911 1567 1026 1628 rabies
1047 1566 1228 1637 exedebat,
1253 1585 1328 1627 curn
1360 1567 1513 1627 viderent
1543 1566 1638 1627 calce
1669 1564 1896 1647 conglutinata

568 1693 601 1742 et
625 1681 852 1744 testudineata
882 1682 1013 1762 templa
1035 1701 1055 1743 a
1078 1682 1233 1763 patribus
1255 1691 1422 1752 extructa,
1446 1690 1480 1743 et
1502 1680 1657 1743 subsidia
1679 1680 1724 1741 ab
1755 1678 1896 1760 Impera·

568 1806 642 1858 tore
666 1806 700 1859 et
724 1796 801 1859 aliis
824 1798 1035 1878 principibus
1059 1799 1091 1858 in
1115 1808 1270 1879 sumptus
1293 1805 1445 1878 erogata,
1469 1806 1505 1859 et
1528 1795 1712 1859 latifundia
1735 1796 1772 1857 in
1791 1795 1896 1857 dotem

569 1912 754 1995 assignata,
777 1931 893 1975 secum
917 1922 1113 1994 reputantes
1137 1914 1199 1975 illa
1221 1913 1287 1976 sibi
1311 1913 1428 1985 adimi,
1452 1932 1540 1994 quae
1564 1911 1640 1974 Deo
1667 1921 1702 1974 et
1718 1910 1896 1994 peregrinis

568 2029 785 2091 donarentur.

658 2148 687 2207 8.
712 2144 841 2207 Acrius
865 2146 944 2208 illos
967 2145 1123 2208 translati
1149 2165 1169 2207 a
1192 2164 1230 2208 se
1253 2146 1296 2207 ad
1320 2145 1495 2226 praelatos
1517 2155 1553 2208 et
1576 2144 1761 2227 magistros
1787 2145 1896 2205 alieni·

568 2278 675 2341 genas
697 2261 837 2323 honoris
860 2262 1003 2324 ambitio
1027 2271 1061 2322 et
1085 2261 1215 2323 invidia
1238 2259 1516 2333 excarnificabat,
1544 2280 1621 2323 cum
1644 2280 1681 2323 se
1705 2279 1752 2321 ex
1769 2259 1896 2321 menda·

569 2376 699 2438 ciorum
722 2376 920 2438 doctoribus
943 2386 1097 2438 recoctos
1121 2386 1299 2439 cernerent
1315 2378 1348 2438 in
1366 2376 1555 2458 discipulos
1570 2375 1737 2438 veritatis.
1753 2371 1895 2454 Quorum

569 2490 674 2572 aliqui
698 2493 763 2553 hoc
788 2501 950 2574 tempore,
974 2511 1042 2573 quo
1065 2511 1145 2554 suos
1167 2492 1203 2554 in
1231 2513 1294 2554 nos
1325 2511 1504 2554 mucrones
1534 2492 1712 2553 ardescere
1744 2488 1896 2555 fecerunt.

570 2608 619 2669 sic
654 2608 898 2670 ratiocinantes
928 2618 1006 2669 sunt
1034 2609 1150 2670 auditi.
1183 2606 1274 2688 Quid
1305 2609 1481 2670 stertimus
1511 2617 1546 2669 et
1573 2617 1716 2670 veterno
1746 2624 1896 2688 praegra-

571 2724 713 2785 vamur?
735 2721 844 2785 Totus
867 2725 1012 2785 mundus
1035 2734 1112 2805 post
1140 2724 1224 2786 istos
1251 2723 1340 2786 abit:
1376 2724 1421 2785 ad
1455 2733 1573 2786 nostra
1601 2726 1734 2803 templa
1765 2730 1799 2783 et
1827 2739 1896 2781 coe·

570 2840 749 2901 nobiorum
772 2841 861 2901 ostia
883 2839 1043 2902 solitudo
1069 2838 1166 2900 Haec
1189 2840 1328 2923 quidem
1359 2837 1446 2901 fides
1469 2857 1551 2900 vera
1580 2849 1631 2900 est
1663 2848 1697 2901 et
1724 2837 1893 2909 salutaris;

569 2957 599 3017 si
622 2965 735 3017 tamen
761 2955 952 3027 invalescit,
977 2976 1038 3018 nos
1061 2958 1197 3038 penitus
1220 2956 1418 3018 occidimus.
1442 2953 1552 3026 Tolle,
1569 2954 1663 3026 tolle,
1681 2955 1813 3016 dicunt:
1835 2971 1893 3014 nou

570 3070 669 3142 hunc,
690 3072 750 3133 sed
776 3071 978 3141 Barabbam‚
1003 3070 1219 3141 Dioscorum,
1243 3081 1277 3134 et
1292 3070 1534 3153 Eutychetem.
1559 3069 1661 3132 Multi
1678 3071 1780 3132 etiam
1796 3069 1896 3130 eccle·
2006 3052 2007 3057 ἵ

570 3187 695 3248 siarum
719 3187 861 3267 praedia
884 3196 1107 3257 corraserant,
1133 3207 1194 3249 nec
1221 3188 1434 3261 restituendi,
1458 3188 1616 3269 quamvis
1631 3185 1767 3267 saepius
1789 3186 1894 3248 admo

570 3301 642 3374 niti,
670 3304 819 3364 animum
852 3300 1066 3365 in*duebant.
1100 3304 1225 3385 Regiis
1255 3322 1391 3384 quoque
1418 3304 1632 3366 senatoribus
1663 3312 1736 3364 erat
1766 3300 1896 3363 insuave
1918 3310 1991 3367 tuus.

570 3437 631 3480 sua
654 3418 847 3489 tribunalia,
872 3418 1009 3480 illorum
1033 3427 1068 3480 et
1092 3419 1383 3481 matrimoniorum
1407 3419 1519 3481 causis
1542 3428 1576 3480 et
1598 3418 1765 3498 sportulis
1787 3416 1829 3478 ad
1850 3412 1895 3476 fo-
2005 3482 2006 3505 ,

570 3552 645 3596 rum
669 3533 936 3597 ecclesiasticum
960 3535 1145 3607 translatis,
1171 3535 1293 3597 orbari.

661 3670 689 3729 9.
715 3649 845 3711 Multos
869 3651 984 3712 odium
1006 3652 1040 3712 in
1067 3650 1144 3712 Ras
1168 3650 1249 3713 Sela
1277 3647 1431 3713 Christos
1458 3671 1505 3712 ex
1532 3667 1770 3731 prosperorum
1799 3648 1897 3728 ipsius

570 3775 751 3828 eventuum
764 3768 977 3847 perennitate
990 3777 1192 3847 conceptum
1205 3778 1239 3828 et
1256 3769 1412 3829 adultum
1429 3768 1516 3829 adeo
1532 3765 1679 3847 capitale
1696 3765 1896 3847 exagitabat,

573 3890 608 3942 ut
639 3900 716 3943 cum
749 3882 800 3943 vir
823 3882 940 3963 grauis
963 3901 1066 3943 unum
1090 3902 1135 3943 ex
1167 3883 1370 3965 proregibus
1393 3883 1487 3964 prius
1511 3883 1544 3943 in
1569 3879 1672 3943 fidem
1703 3878 1896 3942 catholicam

571 4016 641 4059 non
658 3999 747 4058 male
764 3998 961 4068 animatum,
979 3998 1088 4059 amice
1105 4008 1269 4078 carperet,
1286 3999 1378 4079 quod
1394 3997 1489 4060 illam
1511 4016 1600 4059 nunc
1616 3996 1785 4058 hostiliter
1800 3994 1897 4055 laces·

571 4122 671 4181 seret,
684 4111 913 4193 responderit:
931 4112 1013 4175 Sine
1029 4115 1132 4175 modo
1148 4123 1184 4175 ut
1197 4112 1274 4175 Ras
1286 4111 1368 4176 Sela
1380 4111 1534 4176 Christos
1546 4113 1612 4174 hac
1626 4112 1681 4174 via
1693 4111 1896 4177 deliciamus3
2004 4124 2005 4177 ζ

570 4226 650 4289 fidei
675 4229 765 4290 enim
792 4247 889 4289 suum
914 4248 1049 4309 semper
1073 4241 1208 4309 tempus
1231 4240 1284 4291 est
1307 4231 1512 4311 repositum:
1537 4230 1567 4290 si
1591 4229 1723 4300 abierit,
1752 4245 1832 4288 mox
1854 4244 1897 4286 re

571 4344 667 4407 dibit.
682 4344 741 4406 Ad
758 4363 833 4406 eam
850 4345 1067 4406 sternendam
1083 4344 1117 4405 in
1135 4344 1356 4426 Imperatoris
1372 4356 1406 4407 et
1421 4345 1587 4426 principis
1601 4344 1778 4406 cerebrum
1792 4343 1897 4403 obtru·

571 4470 697 4531 serunt,
723 4460 819 4521 illurn
844 4478 919 4521 cum
952 4459 1152 4522 Patriarcha
1175 4471 1209 4521 et
1239 4461 1395 4541 patribus
1426 4461 1502 4523 dies
1532 4470 1718 4541 noctesque
1741 4477 1839 4541 agere
1860 4457 1898 4517 de

571 4575 744 4636 Lusitanis
767 4576 811 4636 ab
842 4574 939 4636 India
971 4577 1005 4636 in
1037 4575 1261 4657 Aethiopiam
1290 4577 1334 4637 ad
1363 4578 1542 4657 imperium
1567 4576 1795 4638 invadendum
1826 4591 1898 4634 con·

570 4693 710 4762 ciendis
736 4702 873 4752 nostrae
897 4690 1062 4752 ecclesiae
1080 4711 1146 4752 non
1171 4693 1239 4753 iam
1266 4693 1431 4755 orationis
1455 4693 1577 4755 domus
1592 4702 1700 4763 erant,
1723 4691 1784 4754 sed
1813 4707 1900 4751 arces
2003 4680 2004 4691 ’

572 4807 643 4869 illis
667 4806 881 4886 excipiendis
904 4817 1134 4887 praeparatae.
1160 4807 1286 4870 Rasin
1304 4829 1366 4870 nos
1380 4807 1548 4871 beneficia
1572 4817 1607 4870 et
1630 4816 1746 4870 nostra
1762 4806 1794 4868 in
1811 4807 1897 4866 illum

574 4923 748 5003 obsequia,
773 4931 909 4983 mutuae
933 4924 1109 5003 pactiones
1133 4934 1167 4984 et
1191 4926 1452 5006 negotiationes
1470 4923 1603 5006 Quibus
1625 4924 1729 4986 dictis
1752 4920 1899 4986 credulae

575 5058 639 5099 non
665 5049 761 5099 erant
785 5036 1006 5118 Imperatoris
1028 5057 1136 5111 aures,
1161 5041 1231 5109 sed,
1257 5060 1333 5102 cum
1360 5041 1497 5121 patulae
1521 5050 1645 5110 essent,
1671 5041 1838 5102 delatores
1859 5034 1897 5095 ad
2002 5024 2003 5057 r

576 5153 840 5251 obtrectationes
857 5155 1031 5237 augendas
1047 5156 1291 5218 accendebant.
1308 5153 1452 5238 Semper
1468 5157 1559 5219 enirn
1577 5175 1685 5221 vacuo
1702 5154 1785 5229 vasi,
1801 5155 1898 5215 donec
