4066 6174
580 568 696 617 uranu
721 569 760 628 11,
783 567 908 618 capua
932 569 1077 619 xxv111.
1428 575 1491 635 349

143 710 303 790 plurima
326 725 416 788 sunt,
439 724 514 778 tuto
537 718 773 779 excurrebant.
798 714 843 778 Et
867 736 944 779 cum
967 716 1033 780 hoc
1057 727 1092 780 et
1112 718 1181 781 alia
1203 719 1382 782 abnormia
1405 717 1492 780 mul·

143 836 266 892 torum
291 842 406 895 errata
428 831 498 894 levi
522 834 703 895 verborum
726 833 941 914 correptione
965 834 1247 907 condonarentur,
1264 836 1359 898 solae
1374 833 1493 898 futiles

143 946 366 1010 aemulorum
389 949 425 1010 in
449 947 525 1010 Ras
547 945 630 1011 Sela
652 946 808 1011 Christds
831 950 1088 1012 criminationes
1104 949 1326 1032 Imperatoris
1341 951 1492 1027 animum

143 1062 374 1126 acerbabant.

242 1204 274 1259 4.
299 1179 404 1244 Illum
427 1179 532 1264 igitur
556 1182 720 1245 malorum
745 1181 972 1254 instinctores,
996 1182 1084 1245 inter
1106 1202 1193 1263 quos
1208 1181 1323 1246 Melea
1338 1179 1493 1247 Christos
1556 1194 1612 1242 Ra·
1633 1193 1768 1314 {utetur
1786 1193 1842 1244 ini-

1478 1309 1493 1362 t
1520 1278 1605 1328 quum
1644 1279 1728 1315 ocum
1757 1280 1841 1316 occu·

143 1296 218 1358 iam
244 1317 324 1360 cum
349 1307 495 1380 tyranno
518 1298 561 1360 ad
584 1295 812 1381 transfugium
840 1296 1045 1370 foederatus,
1077 1300 1210 1362 irritare
1240 1308 1425 1380 coeperunt
1455 1320 1477 1362 u

143 1413 287 1476 iuberet
310 1414 446 1485 collem,
462 1433 483 1476 a
501 1412 682 1478 rusticanis
697 1414 740 1477 ad
757 1414 1020 1496 sesquimilliare
1037 1415 1231 1488 discretum,
1248 1436 1268 1478 a
1283 1415 1360 1479 Ras
1374 1435 1493 1497 quam·

145 1529 303 1609 primum
326 1531 497 1611 occupari,
520 1530 613 1612 quod
637 1540 674 1594 ut
696 1527 857 1593 fidentius
888 1531 1027 1593 auderet
1055 1530 1128 1612 ipse
1160 1531 1239 1594 illos
1269 1530 1411 1613 propius
1438 1551 1493 1594 ac·

144 1645 270 1716 cessit,
294 1664 372 1708 cum
396 1645 506 1709 abiis
530 1646 573 1708 ad
597 1647 763 1709 orientem
788 1647 863 1709 sitis
886 1656 920 1709 et
943 1646 1073 1718 eloco,
1098 1666 1240 1727 querna
1267 1645 1345 1709 Ras
1367 1647 1411 1709 ad
1436 1666 1493 1709 au·

144 1770 264 1823 strum
298 1761 408 1825 teneri
439 1761 587 1834 volebat,
621 1762 756 1844 aequali
787 1762 972 1825 intervallo
1007 1780 1071 1824 sex
1106 1762 1303 1825 milliarium
1338 1763 1493 1826 distaret.

144 1873 256 1956 Quod
280 1877 461 1941 consilium
484 1876 570 1941 satis
593 1878 677 1941 utile
699 1878 890 1951 videbatur,
913 1898 957 1942 ne
980 1879 1145 1942 rusticani
1162 1880 1335 1942 montibus
1351 1899 1493 1943 exscen-

146 1990 274 2055 derent
297 1992 359 2055 sed
382 1994 594 2075 consumptis
616 1991 774 2077 frugibus
798 1994 941 2067 abirent,
966 2004 1024 2058 aut
1047 1997 1081 2057 in
1106 2015 1247 2076 campos
1266 1996 1493 2078 degrederen·

145 2115 216 2182 tur,
242 2107 302 2170 ubi
321 2118 452 2172 certum
468 2120 540 2172 erat
557 2109 771 2172 memorabili
799 2110 943 2173 victoria
959 2112 1180 2192 superandos.
1205 2110 1354 2184 Nuntiis,
1369 2112 1493 2194 quibus

147 2222 230 2286 Res
255 2225 300 2286 ab
324 2223 533 2306 Imperatore
557 2225 750 2309 urgebatur,
775 2227 1013 2308 respondebat,
1038 2227 1208 2309 migrandi
1228 2235 1365 2308 tempus
1380 2226 1493 2290 adhuc

147 2358 222 2402 non
246 2359 332 2412 esse,
356 2351 430 2404 tum
453 2342 532 2422 quia
557 2361 638 2404 suae
661 2343 780 2424 copiae
804 2342 954 2404 nondum
978 2343 1198 2416 advenerant,
1224 2361 1347 2424 nempe
1371 2340 1493 2407 Gallae

147 2455 343 2518 auxiliares
365 2457 409 2518 ad
433 2455 604 2529 millenos,
620 2476 764 2539 quorum
779 2477 858 2539 pars
872 2432 1000 2541 magna
1015 2460 1157 2541 equites
1174 2468 1208 2522 et
1223 2459 1391 2521 Damotes
1408 2478 1493 2540 quos

147 2580 314 2634 vocatum
340 2572 490 2644 miserat,
514 2583 585 2635 tum
610 2574 692 2654 quia
707 2591 768 2654 por
782 2592 842 2635 eos
857 2573 932 2635 dies
947 2573 1154 2656 podragicus
1168 2568 1240 2659 istc]
1255 2575 1492 2637 decumbebat.
1605 2598 1608 2604 ·

148 2683 299 2749 Clausas
322 2688 366 2750 ad
390 2707 527 2751 omnem
550 2689 806 2751 excusationem
831 2707 930 2750 aures
953 2688 1101 2751 habebat
1129 2688 1329 2770 Imperator,
1346 2701 1381 2754 et
1397 2700 1493 2753 erant

148 2803 214 2885 qui
237 2800 361 2866 fortius
384 2804 591 2876 obserarent,
615 2805 798 2868 suadentes
822 2805 919 2867 illum
940 2804 1056 2867 valere
1071 2815 1106 2868 et
1122 2803 1368 2869 sufficientibus
1384 2807 1494 2887 copiis

149 2938 230 2982 esse
254 2920 465 2992 instructum,
489 2922 550 2983 sed
574 2921 788 2984 causationes
811 2939 946 3002 semper
969 2939 1132 3002 quaerere
1159 2930 1196 2984 ut
1226 2923 1341 3005 regiae
1371 2921 1493 2985 volun·

149 3036 216 3100 tati
241 3037 424 3109 obnitatur,
449 3047 483 3099 et
506 3038 621 3100 omnia
645 3047 743 3101 vetus
765 3036 956 3101 diffidentia
979 3036 1183 3119 Imperatori
1207 3037 1386 3101 credibilia
1417 3039 1493 3101 red-

150 3152 266 3217 debat.
292 3149 370 3233 Qua
393 3152 586 3236 instigatus,
610 3173 686 3217 cum
711 3153 786 3216 Ras
813 3154 916 3215 biduo
947 3163 1026 3215 ante
1057 3150 1182 3216 festum
1214 3152 1437 3217 Pentecostes
1460 3155 1493 3217 ei

151 3287 214 3348 per
237 3267 461 3349 interpretem
484 3268 683 3339 nuntiasset,
707 3288 746 3332 se
770 3288 878 3349 neque
902 3267 990 3331 iusto
1014 3270 1160 3331 militum
1184 3288 1324 3332 numero
1340 3288 1416 3332 esse
1431 3271 1492 3333 sti·

151 3391 272 3465 patum
297 3403 407 3465 neque
430 3405 475 3447 ex
498 3385 652 3466 podagra
674 3385 710 3447 in
733 3403 858 3465 equum
884 3402 986 3465 posse
1017 3384 1261 3447 conscendere:
1286 3387 1316 3447 si
1348 3395 1491 3448 mortem

151 3501 376 3563 commeritus
399 3511 499 3572 esset,
523 3520 560 3562 se
584 3501 628 3564 ad
652 3520 713 3562 sua
737 3510 849 3563 castra
871 3500 1011 3580 perduci
1036 3500 1178 3571 iuberet,
1210 3510 1243 3563 et
1275 3510 1353 3563 ante
1385 3500 1493 3582 ipsius

151 3616 339 3679 tentorium
363 3616 577 3691 obtruncari;
602 3617 637 3679 id
664 3617 730 3679 sibi
760 3616 936 3678 honestius
968 3626 1001 3678 et
1033 3614 1098 3697 ipsi
1130 3617 1248 3679 utilius
1275 3613 1358 3688 fore,
1389 3636 1493 3698 quam

152 3732 292 3812 penitus
315 3733 521 3813 imparatum
545 3742 659 3794 certae
684 3732 785 3793 morti
807 3731 1017 3813 ignominiae
1040 3741 1074 3793 et
1105 3741 1261 3794 extremo
1284 3731 1418 3813 imperii
1442 3731 1492 3795 in·

150 3847 370 3910 tertrimento
394 3847 569 3910 obiectari.
594 3848 659 3910 Per
682 3847 801 3929 palatii
826 3855 1019 3908 senatorem
1054 3848 1088 3908 in
1112 3865 1187 3909 eam
1212 3866 1282 3910 rem
1314 3848 1493 3911 dimissum

151 3982 229 4025 cum
253 3971 328 4025 tota
347 3961 537 4025 acritudine
552 3963 743 4044 respondit:
768 3959 846 4043 Quo
861 3957 990 4033 *iubeo
1006 3963 1133 4031 statim,
1151 3963 1263 4043 posita
1278 3964 1371 4024 omni
1387 3964 1493 4046 tergi·

148 4075 357 4149 versatione,
389 4077 571 4141 abscedas:
596 4078 624 4140 si
649 4098 717 4140 non
740 4096 777 4140 es
804 4077 999 4158 equitando,
1031 4078 1121 4140 lecto
1152 4077 1333 4160 impositus
1365 4080 1423 4151 ito,
1456 4090 1493 4141 et

151 4193 258 4256 obito.
283 4191 371 4255 Mox
388 4191 440 4263 iis,
461 4195 521 4274 qui
543 4194 578 4255 in
602 4194 751 4257 tentorio
774 4194 963 4264 adstabant,
989 4193 1096 4256 dixit:
1121 4191 1322 4257 Orationem
1346 4194 1493 4257 domini·

151 4327 228 4372 cam
252 4318 287 4370 et
311 4308 555 4371 salutationem
578 4308 771 4392 angelicam
803 4308 953 4378 recitate,
985 4316 1022 4371 ut
1054 4308 1138 4371 mihi
1168 4307 1245 4371 Ras
1275 4311 1491 4390 obsequatur.

151 4422 254 4506 Quod
271 4425 369 4488 multi
386 4444 431 4487 ex
449 4426 491 4489 iis
513 4428 652 4507 pronius
669 4425 850 4497 efficerent,
875 4426 903 4487 si
920 4445 981 4507 pro
998 4426 1092 4488 illius
1108 4428 1143 4489 in
1159 4425 1253 4489 bello
1270 4427 1361 4489 caesi
1378 4428 1493 4490 anima

152 4559 275 4622 preces
299 4540 378 4603 illas
402 4552 516 4605 essent
539 4542 702 4606 oblaturi.

243 4676 274 4737 5.
300 4653 385 4720 Cum
409 4658 485 4720 Ras
507 4678 633 4722 saxeas
657 4657 721 4720 has
744 4676 848 4720 voces
871 4656 988 4728 audiit,
1013 4658 1206 4738 respondit:
1230 4656 1340 4719 Pareo
1365 4667 1398 4720 et
1426 4678 1494 4740 quo
1557 4669 1614 4718 Ra·
1632 4668 1715 4751 dolor
1733 4684 1767 4719 ex
1786 4670 1842 4719 tm-

151 4772 347 4855 imperator
370 4773 474 4846 iubet,
499 4793 622 4856 nempe
646 4774 691 4836 ad
715 4783 858 4835 mortem
883 4773 939 4834 vel
963 4771 1141 4835 infamiam
1165 4782 1273 4835 morte
1296 4773 1491 4855 graviorem
1522 4741 1842 4875 ffiissffiffifflffize‘

150 4887 368 4971 proficiscar;
392 4890 452 4953 sed
476 4889 570 4954 Deus
593 4891 722 4953 iudicet
746 4890 911 4952 interme
935 4898 968 4949 et
993 4888 1099 4950 illum.
1123 4887 1269 4969 Equites
1293 4887 1353 4949 illa
1376 4890 1492 4950 statim

150 5016 252 5069 nocte
278 5004 454 5086 praemisit
477 5014 511 5067 et
534 5005 692 5087 sequenti
716 5005 781 5075 die,
805 5004 896 5086 quod
921 5016 993 5066 erat
1017 5004 1236 5085 pervigilium
1258 5003 1492 5077 Pentecostes,

148 5119 365 5186 antelucanis
390 5119 484 5184 horis
507 5121 643 5203 pedites
667 5122 845 5202 expedivit
869 5130 904 5183 et
929 5121 1011 5200 ipse,
1035 5128 1242 5202 perpurgata
1266 5120 1361 5200 prius
1377 5132 1492 5184 mente

1520 1350 1596 1399 pare.
