4066 6184
556 599 618 659 334
887 589 1159 640 EXPEDITIONIS
1182 587 1443 639 AETHIOPICAE
1467 589 1553 640 ETc.

554 740 662 804 rande
685 759 793 823 regno
819 750 1021 812 consortem,
1052 739 1198 802 honeste
1228 740 1477 811 dimittendam.
1511 740 1652 823 negavit
1682 738 1884 809 Patriarcha.

555 858 590 919 id
613 876 700 939 quos
723 856 818 919 Deus
840 856 948 919 semel
971 858 1206 926 coniunxerat,
1231 876 1252 919 a
1271 876 1309 918 se
1324 875 1426 937 posse
1441 855 1630 925 dissociari,
1647 855 1789 925 addens,
1805 853 1885 917 chri-

553 973 702 1035 stianum
726 972 923 1053 coniugium
946 971 1045 1035 unius
1068 991 1144 1035 esse
1167 990 1244 1034 cum
1269 991 1338 1034 una
1367 972 1574 1044 convictum,
1605 971 1660 1034 cui
1691 972 1720 1034 si
1752 972 1886 1053 quaevis

554 1089 623 1151 alia
644 1090 937 1170 superinducatur,
962 1108 1029 1150 non
1054 1106 1197 1151 uxorem
1222 1087 1403 1150 dicendam
1434 1089 1496 1151 sed
1526 1087 1764 1152 concubinam.
1792 1082 1886 1167 Quod

552 1222 755 1286 responsum
778 1213 911 1267 tantum
935 1204 988 1266 illi
1013 1222 1205 1266 moerorem
1228 1202 1363 1274 indidit,
1387 1214 1424 1265 ut
1448 1204 1491 1264 de
1510 1221 1617 1286 regno
1632 1203 1667 1265 in
1684 1200 1794 1265 filium
1810 1221 1886 1267 mox

551 1317 791 1383 transferendo
815 1319 1068 1389 deliberaverit,
1092 1328 1126 1380 et
1149 1319 1233 1381 solis
1263 1315 1416 1400 *patrum
1439 1318 1628 1381 rationibus
1652 1315 1764 1380 flexus
1788 1317 1888 1380 absti-
1909 1326 1977 1386 lui

552 1435 642 1507 terit,
662 1455 704 1498 ne
728 1433 807 1498 fidei
830 1432 1022 1497 aedificium
1047 1436 1189 1497 vixdum
1213 1433 1422 1507 inchoatum,
1438 1445 1621 1517 antequam
1638 1443 1821 1497 caementa
1835 1452 1888 1495 oo·

553 1551 671 1633 pulata
694 1562 807 1614 essent
830 1562 864 1614 et
888 1560 1058 1623 concreta,
1082 1552 1316 1632 dissiparetur.
1341 1548 1433 1614 Illud
1454 1559 1570 1614 tamen
1591 1570 1775 1633 possumus
1790 1550 1887 1613 auda·

554 1677 626 1731 cter
650 1677 800 1732 astruere
823 1688 958 1752 semper
980 1669 1203 1750 Imperatoris
1234 1669 1385 1731 animum
1416 1686 1499 1750 erga
1528 1667 1758 1730 orthodoxam
1791 1663 1888 1728 fidem

554 1805 656 1869 quam
673 1796 868 1868 promptum
894 1798 927 1849 et
951 1787 1061 1850 solam
1085 1805 1222 1849 carnem
1245 1783 1351 1849 fuisse
1374 1781 1554 1855 infirmam,
1570 1784 1599 1845 si
1615 1791 1733 1846 tamen
1760 1778 1888 1844 infirma

555 1901 622 1964 dici
646 1911 770 1984 potest,
794 1921 881 1984 quae
905 1903 1062 1984 spiritum
1086 1902 1173 1964 adeo
1197 1900 1331 1964 fortiter
1354 1901 1456 1963 elisit.

236 2023 527 2088 Princepnuomnes
644 2040 674 2095 4.
700 2017 858 2081 Proiecta
883 2019 991 2100 patris
1022 2017 1140 2090 libido,
1171 2017 1331 2099 pessimis
1362 2017 1455 2080 illius
1485 2016 1656 2098 exemplis
1682 2024 1716 2078 et
1740 2014 1889 2098 ingenita

206 2094 341 2146 libidine·
358 2095 510 2159 ⁹¹⁰¹⁹⁰m⁸‘
554 2135 708 2215 corporis
731 2135 929 2197 titillatione
952 2144 986 2196 et
1010 2135 1124 2217 regiae
1140 2135 1262 2197 domus
1277 2134 1521 2197 blandimentis
1536 2141 1704 2214 promota,
1721 2133 1757 2193 in
1774 2148 1889 2192 omnes

554 2268 640 2330 pene
664 2250 792 2312 liberos
815 2270 853 2314 se
877 2248 1022 2312 diffudit.
1048 2249 1220 2312 Basilides
1243 2251 1291 2312 ita
1314 2250 1441 2330 stupris
1465 2258 1499 2311 et
1514 2248 1703 2311 incestibus
1718 2248 1822 2309 etiam
1838 2265 1888 2308 so·

554 2366 653 2428 roriis
676 2366 724 2449 (ut
747 2362 932 2445 ferebatur)
948 2385 985 2428 se
1008 2365 1166 2435 involvit,
1183 2374 1219 2427 ut
1235 2365 1460 2428 clarissimam
1477 2373 1511 2426 et
1527 2363 1804 2426 venustissimam
1822 2360 1889 2424 foe·

553 2481 680 2543 minam
704 2482 770 2544 sibi
794 2483 828 2543 in
854 2501 990 2544 manum
1016 2481 1143 2553 datam,
1168 2501 1188 2543 a
1211 2501 1248 2543 se
1272 2481 1465 2562 proiecerit,
1490 2499 1552 2542 nec
1575 2498 1738 2559 umquam
1763 2479 1797 2540 in
1820 2480 1887 2540 ani·

553 2615 646 2658 mum
677 2598 852 2660 induxerit
883 2607 920 2660 ut
951 2597 1010 2659 alii
1041 2616 1078 2659 se
1109 2597 1346 2679 adstringeret,
1381 2597 1442 2659 sed
1477 2597 1512 2658 in
1545 2605 1659 2658 tantos
1690 2595 1887 2657 concubitus

553 2712 728 2795 vulgabat,
760 2724 797 2775 ut
827 2722 937 2775 mater
967 2713 1098 2794 ingenti
1130 2711 1248 2774 dolore
1280 2711 1552 2782 discruciaretur,
1584 2729 1653 2773 non
1684 2711 1821 2792 quidem
1845 2709 1887 2771 ob

552 2828 667 2892 illatas
690 2828 765 2890 Deo
788 2827 946 2901 offensas,
970 2828 1032 2891 sed
1055 2828 1148 2909 quod
1171 2836 1346 2890 vereretur
1369 2847 1411 2889 ne
1435 2828 1541 2909 ipsius
1564 2845 1689 2907 corpus
1704 2826 1814 2907 turpis
1828 2825 1886 2887 ali·

552 2962 620 3025 qua
643 2946 803 3027 contagio
827 2942 990 3008 foedaret.
1016 2944 1167 3027 Aegrius
1202 2945 1293 3006 enim
1317 2945 1472 3025 corporis
1497 2962 1599 3025 quarn
1630 2942 1735 3005 animi
1767 2943 1885 3003 damna

553 3062 597 3123 ab
620 3061 735 3142 impiis
758 3061 945 3124 tolerantur
968 3071 1001 3124 et
1024 3062 1136 3125 carius
1164 3059 1396 3123 aestimantur.
1412 3058 1458 3121 Et
1474 3060 1563 3122 inter
1578 3068 1743 3129 coeteras,
1759 3059 1885 3140 aliquas

553 3177 684 3259 allegit,
708 3178 752 3240 ad
775 3198 860 3260 quas
883 3196 1066 3260 germanus
1089 3178 1196 3259 ipsius
1228 3175 1376 3248 Marcus,
1401 3176 1496 3247 alias,
1521 3177 1563 3237 ad
1595 3194 1681 3257 quas
1710 3176 1821 3256 patrui
1854 3182 1885 3235 et

554 3294 724 3365 avunculi,
764 3294 860 3367 alias,
904 3295 948 3357 ad
978 3314 1064 3377 quas
1094 3294 1272 3376 ipsiusmet
1302 3302 1399 3375 pater
1434 3290 1546 3355 fuerat
1584 3292 1767 3374 ingressus
1806 3288 1884 3353 Cum

553 3419 666 3471 autem
697 3409 906 3474 conscientia
936 3409 1171 3473 Patriarcham
1203 3418 1349 3491 urgeret,
1381 3418 1417 3471 ut
1440 3409 1485 3470 ad
1515 3408 1687 3490 propriam
1719 3405 1827 3487 ipsius
1854 3413 1885 3466 et

553 3527 704 3587 omnium
728 3526 885 3597 salutem,
909 3546 952 3588 ne
976 3528 1010 3587 in
1034 3545 1093 3587 eos
1116 3523 1283 3607 flagitium
1303 3524 1364 3587 tali
1381 3525 1545 3606 exemplo
1560 3523 1715 3585 velatum
1729 3530 1884 3603 serperet.

553 3650 718 3722 paternae
742 3641 992 3704 admonitiones
1014 3641 1229 3723 tempestive,
1257 3651 1291 3703 et
1322 3659 1426 3720 quam
1458 3640 1611 3702 maxima
1640 3637 1715 3701 fieri
1746 3645 1884 3720 poterat,

553 3758 722 3820 suavitate
753 3759 1026 3827 admoverentur,
1055 3758 1157 3840 idque
1181 3756 1288 3819 semel
1312 3757 1356 3818 ab
1379 3758 1455 3837 ipso
1479 3753 1608 3819 lactum
1631 3765 1733 3826 esset,
1756 3762 1792 3816 et
1818 3772 1884 3815 sae

553 3873 630 3952 pius
654 3871 761 3953 ipsius
784 3882 949 3955 suggestu
973 3893 993 3935 a
1016 3873 1179 3953 patribus,
1203 3882 1237 3933 et
1260 3872 1329 3942 ille,
1354 3882 1390 3933 ut
1414 3872 1598 3934 verborum
1622 3872 1751 3953 largus,
1775 3871 1824 3931 sic
1839 3866 1884 3930 fa·

554 3998 685 4048 ctorum
703 3989 892 4070 negligens,
910 3989 1088 4069 phalerata
1103 4006 1239 4068 semper
1255 4005 1415 4067 responsa
1435 3988 1602 4057 redderet,
1617 4006 1706 4048 nunc
1722 3986 1884 4069 negando,

555 4122 642 4164 nunc
665 4105 910 4165 correctionem
934 4123 992 4165 ore
1017 4113 1158 4175 tantum,
1183 4123 1250 4165 non
1274 4111 1389 4165 tamen
1412 4100 1512 4164 firma
1530 4101 1635 4164 animi
1652 4102 1883 4169 destinatione,

553 4219 766 4300 pollicend03
791 4220 889 4281 illum
912 4220 992 4281 hine
1016 4220 1203 4300 voluptatis
1226 4219 1360 4281 scabies
1387 4227 1423 4280 et
1438 4217 1585 4280 dulcedo
1600 4217 1796 4290 allectabat,
1811 4217 1883 4279 inde

554 4334 669 4395 odium
693 4333 727 4394 in
752 4335 938 4395 monitores
962 4336 1180 4396 accendebat.
1206 4332 1283 4395 Hoc
1307 4352 1478 4395 venenum
1502 4333 1598 4395 cordi
1618 4331 1791 4414 Principis
1812 4332 1883 4394 sub-

554 4449 672 4519 ditum,
696 4451 913 4530 praecipuam
937 4469 1075 4511 causam
1099 4450 1304 4511 arbitramur
1338 4468 1398 4511 cur
1422 4451 1495 4530 ipse
1517 4446 1632 4519 fidem,
1655 4468 1759 4530 quam
1791 4445 1883 4529 profi·

554 4565 699 4635 tebatur,
723 4566 963 4646 repudiaverit,
986 4575 1021 4627 et
1045 4576 1162 4628 auctor
1182 4564 1285 4628 fuerit
1300 4575 1476 4627 extremae
1492 4563 1586 4626 illius
1601 4565 1784 4635 vastitatis,
1799 4562 1880 4645 quod

554 4682 746 4762 praesulem
770 4693 803 4744 et
828 4684 1011 4764 magistros
1035 4683 1164 4753 mallet,
1187 4683 1246 4763 qui
1262 4682 1393 4743 aurium
1410 4679 1576 4761 pruritum
1593 4681 1705 4763 digito
1721 4699 1789 4742 uno
1804 4680 1881 4743 scal·

554 4809 674 4880 perent
696 4818 799 4880 quam
829 4799 886 4881 qui
918 4799 1118 4880 purulentos
1149 4799 1303 4861 libidinis
1327 4808 1477 4859 tumores
1501 4797 1710 4859 indeclinato
1736 4794 1880 4859 monitio

555 4934 636 4976 num
658 4914 825 4995 scalpello
849 4924 1049 4978 resecarent.

243 5038 400 5103 onguelavi
435 5036 527 5101 regiae
643 5029 693 5109 *5.
718 5030 771 5092 De
787 5030 922 5092 seniore
939 5031 1045 5112 ipsius
1060 5050 1176 5093 sorore
1191 5028 1396 5112 Onguelavi,
1413 5048 1501 5110 quae
1517 5026 1771 5093 Samaritanam
1787 5032 1819 5092 in
1837 5046 1880 5091 se·
1901 5020 1976 5083 f³53⁴·

207 5110 281 5160 uliae
300 5110 438 5172 procacia.
676 5148 682 5159 .
867 5147 874 5160 .
1060 5147 1066 5160 .
1164 5148 1170 5160 .
1212 5147 1218 5159 .
1618 5147 1624 5159 .
1809 5147 1816 5159 .
1851 5142 1863 5163 r

555 5155 770 5226 ptemvrratu,
784 5166 852 5208 non
865 5166 899 5208 1n
913 5166 1144 5221 conversrone,
1162 5156 1303 5218 1m1tata‚
1320 5146 1364 5208 ad
1376 5155 1518 5209 octavas
1529 5155 1667 5228 nuptias
1680 5145 1726 5208 Za
1739 5146 1879 5212 Christos

1995 5878 2004 6155 l
