4058 6178
615 573 731 625 ureae
753 574 794 635 11,
817 573 941 623 ceant
964 574 1019 627 ix,
1418 583 1481 642 περ

147 717 277 781 lienem
301 720 519 802 pandendam
545 722 663 804 copias
693 723 860 789 instruere
882 722 1042 803 parabatt
1072 731 1176 804 utque
1200 742 1282 791 suas
1308 723 1481 791 machina·

148 834 263 903 u‘neer
284 835 418 903 cautius
440 846 583 920 tegeret,
606 845 721 919 patrae
743 837 904 903 invitavit
926 846 964 901 ut
987 838 1030 900 ad
1054 857 1091 901 se
1116 847 1310 921 pergerent,
1334 838 1413 905 inde
1435 840 1481 905 ed

149 950 246 1017 varia
269 949 357 1024 loca,
381 951 440 1017 ubi
462 952 580 1034 plures
602 949 851 1017 confessionem
866 964 901 1017 et
916 972 1047 1023 mrem
1070 952 1321 1021 Eucharistiam
1343 954 1481 1019 anhela·

153 1066 244 1136 bant,
268 1066 500 1148 dispergendi.
517 1066 681 1130 Lusitano
696 1068 846 1150 quodam
863 1071 1080 1141 internuntio,
1096 1078 1212 1151 patres
1230 1070 1481 1152 responderunt

149 1177 255 1245 fidum
279 1181 347 1247 sibi
370 1200 437 1245 non
461 1202 546 1254 esse,
569 1183 714 1247 turbatis
740 1184 851 1257 rebus,
876 1185 910 1249 in
938 1185 1046 1266 ipsius
1068 1195 1181 1248 castra
1210 1183 1392 1266 proticisci,
1417 1204 1480 1247 nec

151 1317 227 1361 esse
249 1317 311 1361 cur
334 1299 408 1380 ipse
430 1308 545 1380 patres
567 1300 624 1362 vel
647 1298 829 1365 Lusitanos
852 1310 889 1364 ut
905 1297 1017 1367 famae
1032 1300 1126 1365 illius
1141 1310 1298 1369 auctores
1312 1301 1479 1371 traducat,

151 1432 228 1476 cum
252 1413 382 1479 Zaolda
404 1413 560 1487 Mariam,
592 1434 638 1477 ex
668 1416 774 1497 ipsius
804 1416 919 1488 latere,
951 1425 1020 1483 tam
1043 1413 1224 1483 manifeste
1249 1416 1480 1497 praedaretur.

151 1527 318 1593 Nuntium
341 1528 402 1595 ille
423 1549 443 1593 e
466 1529 581 1595 medio
600 1531 720 1594 tollere
743 1531 929 1614 cogitabat,
950 1531 1083 1597 sedhic
1106 1531 1177 1599 doli
1200 1533 1357 1599 conscius
1380 1540 1480 1601 nocte

150 1646 307 1709 mceseit.
344 1643 439 1711 Inter
461 1664 588 1728 gnaros
618 1648 860 1711 coniurationis
882 1647 1026 1715 sederat,
1053 1666 1233 1729 protegam
1256 1656 1415 1729 oportere
1436 1648 1480 1713 ad

150 1754 385 1845 colligendam
419 1770 454 1826 et
484 1763 776 1845 oppignerandam
807 1764 954 1829 militurn
986 1764 1248 1835 multitudinem,
1279 1764 1412 1829 hostem
1442 1783 1480 1827 se

150 1876 335 1941 Romanae
357 1878 545 1961 religionis,
569 1897 672 1959 quam
695 1878 848 1941 dicerent
870 1877 973 1943 fidem
997 1877 1244 1951 Lusitanorum,
1269 1888 1304 1943 et
1322 1878 1479 1945 Alexan·

150 1993 280 2066 drinae,
304 2012 408 2074 quam
431 1994 620 2059 Dioscorus
635 2004 669 2059 et
685 1993 830 2059 Iacobus
844 1996 1065 2069 tradiderant,
1081 1994 1296 2059 defensorem
1315 1993 1477 2078 profiteri,

150 2122 185 2172 et
208 2128 330 2191 perum
362 2111 534 2182 interesse,
566 2122 681 2192 patres
710 2132 762 2185 ne,
787 2131 830 2175 an
853 2112 1013 2192 aliquem,
1038 2112 1097 2193 qui
1121 2120 1254 2194 patrum
1276 2120 1368 2174 esset
1391 2112 1478 2181 loco,

149 2225 346 2288 trucidaret
371 2222 499 2289 Castris
521 2226 643 2291 adesse
665 2229 825 2293 abbatem
855 2227 1027 2299 Iacobum,
1059 2228 1251 2300 lusitanum,
1283 2228 1479 2308 apatribus

150 2341 333 2403 educatum
357 2348 391 2404 et
414 2342 615 2413 institutum,
650 2343 784 2423 ipsique
813 2342 1014 2425 magistrum
1038 2362 1056 2405 a
1082 2341 1278 2405 Patriarcha
1299 2343 1479 2425 consigna·

150 2466 239 2529 tum;
263 2455 353 2519 hunc
376 2458 474 2519 caedi
489 2457 633 2531 iuberet,
648 2468 683 2520 et
706 2460 739 2521 in
763 2478 804 2520 eo
819 2468 934 2540 patres
957 2468 991 2521 et
1007 2456 1238 2521 Patriarcham
1262 2456 1334 2523 vita
1355 2457 1479 2520 distur-

150 2574 322 2643 baturum,
346 2592 423 2635 cum
446 2574 538 2637 enim
560 2576 637 2657 quis
652 2575 809 2647 laeditur,
833 2575 891 2656 qui
906 2576 1036 2637 vicaria
1057 2574 1198 2637 alterius
1220 2582 1390 2655 potestate
1404 2570 1479 2637 fun·

148 2690 253 2771 gitur,
290 2689 388 2751 illata
412 2689 479 2771 ipsi
505 2691 628 2753 iniuria
656 2689 798 2755 tran*sit
829 2692 862 2753 in
895 2690 1122 2773 delegantem.
1151 2688 1355 2753 Posterioris
1378 2688 1479 2751 huius

148 2803 288 2867 consilii
311 2804 511 2886 potissimus
532 2814 651 2871 auctor
674 2803 738 2869 fuit
762 2807 949 2872 monachus
973 2805 1068 2869 Frita
1089 2804 1232 2876 Mascal,
1264 2806 1299 2867 id
1328 2816 1381 2867 est
1405 2824 1478 2886 pre-

148 2922 234 2982 tium
260 2921 381 2989 crucis,
404 2920 596 2983 haereticae
619 2921 792 3002 nequitiae
815 2920 949 2985 camino
972 2930 1135 2991 recoctus,
1159 2922 1195 2982 in
1210 2921 1306 2983 cuius
1321 2938 1478 3001 poenam,

148 3054 228 3098 curn
243 3035 349 3117 paulo
360 3045 437 3116 post
449 3034 768 3117 lerosolymitauam
783 3037 1091 3119 peregrinationem
1107 3037 1322 3117 suscepisset,
1339 3034 1480 3116 elephas

148 3171 197 3213 ex
221 3160 433 3214 coeterorum
457 3161 609 3214 armento
632 3152 810 3225 decedens,
834 3171 912 3215 eum
934 3154 1046 3215 solum
1069 3153 1103 3213 in
1128 3170 1253 3233 magno
1276 3161 1477 3219 commeatu,

147 3267 249 3347 quasi
261 3285 309 3328 ex
321 3275 500 3348 compacto
512 3266 714 3348 quaesitum,
731 3268 943 3349 proboscide.
960 3268 1054 3330 velut
1074 3266 1109 3329 in
1120 3276 1288 3329 ostentum
1302 3265 1478 3346 suspendit

148 3390 184 3441 et
208 3380 355 3461 pedibus
379 3382 530 3444 obtrivit.

242 3516 272 3574 9.
297 3495 365 3558 Die
395 3499 513 3578 quinta
543 3499 749 3569 novembris,
773 3518 859 3580 quae
891 3495 957 3559 fuit
987 3497 1167 3568 dominica,
1198 3506 1275 3577 post
1298 3515 1431 3558 sacrum
1459 3516 1479 3557 a
1541 3500 1825 3563 eununueobtsb·

148 3612 280 3675 Iacobo
303 3611 444 3675 Abbate
467 3610 605 3686 factum,
630 3616 684 3676 cui
707 3633 835 3695 prorex
858 3611 1025 3683 adfuerat,
1049 3622 1085 3676 ut
1107 3613 1228 3675 tertius
1250 3622 1350 3682 esset,
1373 3612 1478 3693 parri-
1507 3573 1582 3624 ‘¹⁰¹⁸
1599 3573 1707 3623 mm

147 3729 279 3790 cidium
303 3736 338 3790 et
359 3729 575 3811 sacrilegium
603 3730 701 3792 iussit
720 3731 763 3791 ad
780 3741 1021 3811 tympanorum
1044 3736 1079 3791 et
1101 3729 1259 3790 tubarum
1282 3728 1479 3809 clangorem

146 3843 374 3926 promulgari,
396 3863 433 3906 se
468 3846 511 3906 ad
534 3844 807 3908 Alexandrinam
831 3842 933 3907 fidem
964 3862 1147 3916 reversum,
1170 3852 1204 3904 et
1234 3843 1378 3905 coeteris
1400 3861 1479 3903 con·

147 3978 285 4023 cessam
296 3960 448 4022 eiusdem
464 3978 640 4042 regressus
654 3962 900 4042 impunitatem.
913 3959 999 4022 Mox
1012 3958 1175 4022 industria
1191 3959 1365 4021 cuiusdam
1379 3958 1478 4018 emis·

146 4075 233 4137 sarii
256 4074 316 4156 qui
338 4074 527 4137 vocabatur
541 4074 743 4147 Nassarane,
760 4075 897 4137 collecti
917 4094 962 4137 ex
978 4074 1159 4137 catholicis
1173 4073 1305 4157 globuli
1322 4073 1475 4153 precarii,

147 4208 272 4253 cruces
294 4198 329 4251 et
351 4189 476 4261 icones,
500 4209 587 4270 quae
610 4210 631 4253 a
646 4191 798 4271 patribus
823 4192 854 4251 in
880 4190 959 4252 illos
987 4188 1120 4252 fuerant
1142 4190 1353 4259 distributae,
1369 4198 1402 4249 et
1418 4207 1478 4269 pu·

146 4305 242 4367 blice
265 4305 300 4366 in
324 4305 499 4367 ardentem
521 4324 651 4387 pyram,
676 4324 766 4368 novo
789 4306 944 4388 protegis
967 4306 1137 4375 mandato,
1166 4305 1321 4375 iactatae,
1345 4313 1379 4365 et
1403 4302 1477 4364 loro

148 4420 269 4482 valido
293 4421 362 4502 (qui
385 4421 451 4482 soli
474 4421 565 4501 apud
588 4441 647 4484 eos
671 4429 750 4483 sunt
774 4418 883 4498 funes)
910 4422 1075 4502 religatus
1098 4429 1150 4481 est
1172 4417 1293 4481 Abbas
1316 4417 1477 4489 Iacobus;

147 4535 195 4599 ad
230 4554 332 4617 quem
362 4537 499 4619 plurimi
527 4537 746 4608 accedebant,
777 4546 953 4599 monentes
976 4546 1012 4598 ut
1041 4533 1143 4597 fidem
1167 4533 1362 4596 Romanam
1385 4544 1478 4613 post·

146 4652 305 4722 haberet,
330 4670 372 4713 ne
394 4652 486 4714 vitae
501 4653 631 4714 iactura
647 4654 855 4714 multaretur.
872 4648 1004 4731 Quibus
1020 4650 1078 4712 ille
1094 4648 1160 4711 hoc
1175 4657 1322 4710 tantum:
1346 4645 1477 4729 Egone,

147 4769 272 4849 inquit,
297 4767 375 4829 Iesu
390 4764 518 4831 Christi
533 4787 652 4830 servus
674 4769 708 4828 id
724 4769 910 4848 patrarim?
932 4764 1097 4848 Sequenti
1121 4766 1176 4827 die
1195 4783 1310 4826 coram
1333 4782 1478 4845 protege

146 4894 184 4946 et
205 4894 282 4946 tota
305 4883 522 4946 multitudiue
545 4885 738 4966 productus,
755 4895 789 4946 et
805 4884 911 4964 pallio
935 4902 974 4944 ac
1001 4882 1092 4963 pileo
1109 4882 1263 4951 nudatus,
1285 4888 1479 4941 constanter

147 5001 194 5064 ad
218 5018 316 5062 eum:
340 4997 432 5080 Quid
455 5000 546 5062 istud
561 5010 614 5062 est
638 5000 787 5080 protexi
810 4997 856 5061 Et
872 5017 959 5078 quae
976 4998 1074 5060 istius
1090 5015 1192 5059 causa
1208 4994 1392 5058 novitatis?
1416 4991 1478 5056 Cui

147 5117 221 5187 ille,
245 5134 314 5177 non
337 5133 423 5178 voce
440 5133 639 5197 responsum
655 5115 760 5187 dedit,
777 5116 838 5176 sed
853 5133 960 5195 parvo
976 5113 1091 5175 hastili
1114 5111 1252 5173 hamato
1268 5120 1302 5173 et
1318 5111 1479 5172 uncinato
