4058 6178
487 537 547 611 176
812 520 1090 598 axinnmours
1112 546 1376 599 narmorrcau
1400 547 1480 599 arc.

481 694 676 758 Romanum
698 693 900 779 Pontificem
925 694 1074 781 legitime
1095 694 1235 758 electum
1257 715 1327 758 csse
1348 714 1424 758 vere
1446 693 1519 758 dim
1538 693 1641 758 Petri
1653 694 1692 757 in
1708 695 1814 758 admi·

482 810 685 874 nudatione
705 830 920 875 successorem
943 815 978 874 et
996 816 1099 896 super
1120 811 1315 875 unrbmsam
1330 810 1515 875 Eccasnm
1530 809 1650 874 dabore
1668 810 1812 874 eamdem

476 930 683 1011 potestatem,
698 924 899 1011 dignitatem
922 931 957 990 et
973 926 1176 1010 primatum.
1205 926 1355 991 Tandem
1377 925 1601 990 Sanctissimo
1618 925 1729 989 Patri
1747 925 1815 990 Ur·

480 1042 564 1104 bano
597 1040 748 1104 Domino
777 1046 892 1105 nostro
921 1042 1039 1106 demna
1064 1042 1284 1128 procedentia
1313 1048 1425 1128 papae
1455 1042 1554 1106 VIII
1575 1042 1745 1127 ipsiusque
1776 1042 1812 1105 iu

482 1156 650 1220 Ecclesiae
679 1156 880 1243 pmicccpatu
912 1157 1149 1223 successoribus
1181 1159 1393 1244 spondemus,
1416 1177 1568 1222 novemus
1597 1163 1633 1221 et
1660 1157 1817 1221 curamus

480 1293 593 1338 veram
616 1272 835 1336 obedientiam
857 1278 893 1337 ct
904 1273 1116 1357 fidelitatem
1139 1279 1174 1337 et
1200 1295 1275 1338 cum
1306 1273 1402 1337 omm’
1426 1273 1644 1338 submissiora
1666 1278 1814 1337 nostram

475 1396 667 1474 personam,
690 1388 847 1453 Mmcdes
869 1394 903 1454 ct
924 1392 1030 1453 tanam
1053 1389 1235 1475 imperium
1269 1395 1351 1454 ante
1372 1390 1482 1475 ipsius
1505 1390 1607 1475 pedes
1634 1389 1815 1453 srabstcrni·

481 1525 566 1580 mus,
589 1505 637 1568 sic
659 1525 720 1568 nos
741 1505 839 1568 Deus
861 1505 1000 1570 adiuuet
1020 1510 1055 1570 et
1074 1505 1154 1570 haec
1174 1510 1295 1569 sancto
1318 1504 1391 1569 Dei
1409 1504 1609 1592 Evangelia.

166 1628 364 1681 maturanum
391 1645 452 1681 cae-
571 1625 601 1684 8.
626 1620 873 1704 Imperatorem
896 1640 958 1685 suo
981 1622 1101 1685 ordine
1123 1623 1298 1684 consecuti
1321 1632 1401 1685 sum
1422 1623 1607 1704 principes,
1627 1622 1734 1704 ipsius
1748 1619 1815 1684 ira·

130 1711 264 1753 tererem.
481 1749 561 1809 tres,
586 1755 760 1819 proteges,
784 1737 963 1819 dynastae,
983 1747 1018 1800 et
1045 1738 1270 1801 ecclesiastici
1298 1748 1372 1801 tam
1395 1737 1554 1800 monachi
1576 1756 1680 1820 quam
1700 1738 1812 1800 clerici

479 1853 606 1936 singuli
629 1854 735 1915 verba
758 1852 819 1915 illa
840 1849 1068 1934 proferentes:
1093 1852 1165 1939 Ego
1188 1852 1276 1917 adem
1298 1852 1451 1937 spondeo,
1481 1871 1578 1915 conco
1599 1871 1638 1914 ac
1661 1851 1747 1925 iuro,
1768 1851 1817 1914 sic

480 1989 532 2032 mc
553 1968 651 2031 Deus
676 1968 813 2032 adnuet
842 1973 876 2033 ct
899 1966 979 2032 hoec
1006 1972 1125 2032 sancto
1154 1968 1228 2033 Dei
1252 1967 1449 2053 Evangelia
1475 1966 1604 2031 Verum
1629 1967 1706 2030 Ras
1734 1964 1815 2029 seia

479 2083 635 2148 Christos
658 2085 800 2166 dignum
823 2105 885 2148 sua
906 2081 973 2148 fide
996 2095 1031 2148 et
1054 2085 1158 2148 animi
1182 2084 1340 2148 celsitate
1364 2086 1551 2148 auctarium
1573 2084 1710 2147 adiecit.
1727 2080 1814 2145 Cun-

480 2212 555 2263 ctos
579 2202 670 2262 enim
693 2201 909 2281 gravissimis
931 2200 1047 2262 verbis
1071 2201 1115 2263 ad
1137 2201 1295 2282 praestiti
1318 2201 1524 2263 sacramenti
1540 2200 1812 2263 observationem

479 2328 531 2380 est
554 2316 760 2387 cohortatus,
788 2326 822 2378 ot
852 2313 988 2378 fervore
1018 2317 1191 2397 abreptus,
1222 2317 1376 2401 gladium
1404 2317 1532 2399 vagina
1555 2315 1698 2378 nudavit
1722 2313 1811 2377 etin

478 2431 563 2495 haec
587 2432 694 2494 verba
716 2433 887 2513 prorupit:
911 2432 990 2506 Eia,
1013 2452 1166 2495 somnum
1189 2432 1337 2496 cunctata
1358 2431 1520 2495 uncheru'.
1543 2430 1812 2494 Praetaui-‘orum

478 2552 616 2610 aeterna
638 2546 685 2609 sit
705 2546 832 2612 oblc'oco.
855 2546 903 2609 Si
928 2547 1004 2630 qais
1034 2552 1147 2611 tamen
1177 2546 1215 2610 in
1240 2552 1414 2632 posterum
1445 2567 1467 2610 a
1496 2546 1646 2631 concepti
1671 2543 1812 2608 curiscu-

480 2660 584 2725 randi
610 2667 726 2726 tenore
755 2662 939 2737 recesserit,
969 2660 1028 2726 hoc
1059 2664 1223 2746 (gladium
1254 2673 1335 2726 tunc
1366 2664 1528 2741 vibravit)
1557 2661 1646 2725 serat
1665 2681 1710 2735 se,
1732 2659 1812 2744 φαίη

477 2775 525 2841 ad
544 2775 642 2841 aliud
662 2778 817 2842 tribunal
832 2782 997 2863 provocet,
1022 2776 1250 2842 iudicandum.
1283 2777 1379 2861 Quae
1410 2779 1516 2841 verba
1541 2777 1668 2840 extulit
1692 2776 1811 2838 intuitu

477 2893 668 2975 aliquorum
698 2894 756 2975 qui
786 2893 986 2956 umbilicum
1018 2895 1063 2956 ab
1092 2894 1265 2957 haeretica
1295 2892 1466 2975 pravitate
1496 2893 1647 2955 nondum
1678 2891 1812 2974 penitus

477 3010 683 3081 avulserant,
707 3010 801 3072 cuius
824 3010 955 3072 indices
978 3010 1113 3072 litteras
1136 3010 1334 3072 rebellionis
1349 3021 1384 3072 et
1399 3006 1563 3091 perfidiae
1578 3008 1720 3070 ulterius
1736 3025 1812 3088 pro-

476 3123 664 3188 trahendae
694 3127 925 3208 instigatrices
956 3126 1047 3206 apud
1079 3122 1256 3207 Capraelis
1278 3122 1387 3187 filium
1411 3126 1446 3187 in
1469 3124 1608 3187 sacculo
1631 3134 1810 3205 repererat.

478 3238 610 3322 Quibus
633 3241 714 3304 illae
736 3241 1019 3304 comminationes
1052 3252 1229 3313 terrorem,
1257 3250 1294 3304 ut
1317 3238 1425 3303 firmis
1449 3239 1630 3303 catholicis
1652 3238 1810 3302 solatium

478 3366 512 3419 et
536 3356 683 3419 calcaria
706 3357 939 3419 subdiderunt.

164 3478 311 3562 uzellam·
328 3494 379 3530 seu
396 3483 451 3530 B·-
568 3493 598 3552 9.
614 3473 717 3535 Istius
732 3472 878 3535 actionis
893 3472 1082 3535 celebritati
1100 3473 1254 3536 cumulus
1270 3474 1425 3544 accessit,
1449 3472 1616 3553 principis
1632 3471 1812 3535 Faciladas

127 3549 228 3673 ἓξὲξ
245 3564 376 3615 pnneeps
406 3551 450 3602 iu·
477 3596 611 3651 mortuo
633 3590 765 3669 parenti
789 3589 823 3649 in
846 3587 1030 3650 haeredem
1053 3588 1262 3669 subrogandi
1285 3599 1547 3659 sacramentum,
1563 3588 1656 3669 quod
1671 3587 1813 3650 summis

476 3702 566 3766 votis
577 3703 718 3785 optabat
730 3701 929 3784 Imperator,
943 3703 1092 3783 plurium
1109 3702 1292 3765 liberorum
1309 3702 1528 3766 multitudine
1540 3714 1713 3786 gravatus,
1726 3713 1762 3766 ut
1775 3705 1810 3765 in

474 3819 549 3890 hoc,
567 3828 648 3881 natu
671 3821 799 3881 maiore
816 3828 850 3881 et
865 3828 944 3880 ante
960 3829 1118 3882 coeteros
1133 3819 1270 3890 dilecto,
1287 3820 1384 3902 regni
1399 3838 1495 3901 spem
1512 3818 1603 3900 apud
1620 3818 1811 3881 Abassinos

476 3935 626 3997 maxime
648 3934 826 3996 volatilem
849 3931 1008 3998 firmaret.
1033 3932 1103 3997 Sed
1134 3934 1267 3997 cunctis
1297 3937 1521 3998 iuramentum
1554 3934 1710 3997 absolute
1732 3953 1810 4015 pro·

474 4047 672 4121 ferentibus,
706 4068 850 4132 magnus
884 4048 961 4113 Ras
988 4048 1069 4113 Sele
1091 4048 1256 4122 Christds
1280 4059 1318 4113 ut
1340 4051 1511 4133 genuinus
1533 4049 1713 4113 Ecclesiae
1736 4050 1810 4114 Ro·

475 4184 595 4228 manae
617 4163 717 4236 filius,
741 4167 1004 4246 appendiculam
1027 4168 1182 4238 subiecit,
1208 4164 1338 4229 tamdiu
1363 4187 1397 4230 se
1420 4166 1521 4229 illum
1548 4172 1615 4250 pro
1638 4166 1729 4252 Rege
1749 4165 1810 4229 ka·

472 4279 635 4354 diturum,
658 4277 839 4364 *quamdiu
862 4280 921 4343 ille
942 4285 1096 4343 sanctam
1116 4284 1150 4344 et
1170 4280 1366 4344 catholicam
1382 4282 1494 4365 fidem
1514 4280 1667 4355 coluerit,
1679 4276 1812 4366 fouent
1869 4323 1878 4336 ·

473 4398 507 4458 et
522 4396 815 4481 propugnaverit·
845 4415 925 4457 nom
955 4396 990 4458 si
1010 4395 1184 4459 contraria
1214 4396 1272 4460 σία
1297 4401 1478 4482 grassatus
1496 4392 1626 4483 flans,
1656 4397 1809 4482 spondeo,

473 4530 569 4573 oooeo
592 4530 633 4573 ac
655 4512 731 4573 iuro
752 4510 926 4593 (addebat)
950 4531 1002 4574 me
1023 4531 1092 4575 non
1110 4518 1176 4596 pro
1202 4516 1234 4575 te
1255 4511 1317 4575 sed
1336 4516 1455 4576 contra
1471 4517 1504 4576 te
1514 4511 1672 4598 gladium
1693 4509 1809 4575 distri·

474 4630 609 4688 cturum
632 4629 666 4689 et
685 4625 807 4688 bellum
829 4626 922 4689 veltet
943 4624 1035 4689 lcosti
1055 4627 1274 4690 c'rcdc'cturum.
1302 4626 1378 4710 Qua
1409 4628 1605 4691 conditione
1634 4629 1808 4711 praecipui

473 4741 581 4822 ipsius
604 4741 708 4804 duces
724 4750 759 4804 et
774 4743 887 4806 senior
910 4740 1001 4805 filius
1027 4745 1079 4806 sui
1107 4744 1323 4835 iurisiurandi
1348 4742 1531 4807 formulam
1555 4745 1809 4827 consignarunt.

160 4867 315 4918 Praeconi·
333 4867 363 4918 in
382 4868 446 4918 ndei
567 4877 615 4919 10.
640 4858 725 4920 Fine
748 4858 880 4922 duabus
902 4859 957 4922 his
987 4860 1179 4923 actionibus
1209 4878 1376 4940 perquam
1406 4860 1618 4923 solemnibus
1648 4860 1813 4941 imposito

125 4940 262 4989 ‘mm'
474 4972 679 5036 horrendum
711 4976 850 5037 maioris
881 4976 1245 5038 excommunicationis
1276 4974 1406 5038 fulmen
1430 4976 1465 5036 in
1496 4994 1567 5047 eos,
1598 4977 1656 5057 qui
1687 4976 1813 5057 pactis

475 5099 510 5150 et
533 5090 754 5151 sacramentis
785 5090 879 5152 illius
910 5091 979 5152 diei
1006 5111 1073 5154 non
1104 5100 1245 5164 starent,
1276 5091 1475 5155 Patriarcha
1507 5091 1683 5163 contorsit,
1714 5091 1815 5153 adiu-
