4124 6182
228 1441 366 1493 Claudil
387 1453 513 1505 tempore

193 1515 312 1566 Gallae
334 1513 512 1576 Aethiopiam

194 1586 340 1636 arrodunt.

229 2258 352 2306 Adamas
367 2257 514 2317 Seguedm

193 2327 341 2377 Claudii
368 2341 514 2377 successor

193 2398 375 2449 adamantino
396 2398 451 2447 fuit
470 2397 513 2447 in·

193 2470 316 2531 genioin
323 2471 513 2520 Patriarcham

193 2551 221 2590 et
239 2540 402 2592 Lusitanos.

230 3410 328 3460 Mitior
346 3409 402 3460 fuit
425 3410 515 3473 ipsius

194 3482 271 3603 {ilipa
295 3482 387 3531 Malae
410 3483 515 3543 Segne·

228 4106 313 4153 Anno
347 4118 412 4166 1577
445 4102 514 4151 obiit

193 4173 364 4224 Patriarcha.

542 582 582 640 88
875 588 1149 639 EXPEDITIONIS
1171 588 1434 639 AETHIOPICAE
1457 589 1542 638 ETC.

540 756 647 800 annos
671 736 744 800 Nur
759 738 932 800 adelensis
954 737 1112 817 plurimis
1139 738 1172 798 in
1189 737 1283 799 bello
1299 736 1497 798 vulneribus
1512 733 1709 805 confecerit,
1734 751 1812 795 sero
1828 730 1876 794 fa-

539 865 666 916 tentem
694 873 740 915 ex
757 852 961 934 imprudenti
978 852 1219 915 Lusitanorum
1236 873 1256 914 a
1271 852 1389 916 lividis
1404 862 1522 914 curata
1536 850 1752 931 dispersione
1768 858 1875 911 totam

539 990 635 1033 suam
659 971 792 1032 cladem
816 969 994 1051 prodiisse.
1018 967 1124 1032 Cuius
1147 969 1313 1031 victoriae
1335 968 1541 1049 triumphum
1563 965 1637 1028 Nur
1651 964 1805 1028 Adelem
1824 982 1876 1025 re-

539 1105 686 1168 gressus,
707 1087 805 1147 asino
817 1085 968 1147 insidens
980 1086 1180 1158 celebravit,
1192 1105 1229 1147 se
1241 1095 1337 1147 tanto
1352 1084 1455 1167 Regi,
1464 1103 1566 1164 quem
1581 1082 1676 1144 solus
1688 1079 1785 1143 Deus
1799 1099 1876 1161 pro-

540 1212 688 1264 sternere
699 1211 825 1282 posset,
838 1201 1032 1282 superando
1049 1202 1214 1282 imparem
1228 1197 1411 1282 professus.
1426 1199 1529 1262 illum
1544 1217 1626 1261 vero
1644 1195 1785 1259 meritae
1800 1214 1877 1256 suo·

541 1337 613 1379 rum
638 1319 805 1379 scelerum
829 1318 934 1388 dirae,
959 1328 993 1380 et
1015 1314 1198 1379 obfirmata
1221 1318 1256 1379 in
1280 1334 1454 1378 romanam
1479 1312 1580 1376 fidem
1604 1325 1639 1377 et
1670 1310 1877 1375 *assertores
1904 1318 1922 1371 t.
1939 1333 1998 1380 44³·

539 1454 620 1496 suos
644 1432 826 1497 Lusitanos
849 1432 1003 1514 perfidia,
1027 1432 1174 1515 ignobili
1197 1432 1453 1503 Mahometano,
1480 1431 1562 1515 quin
1591 1440 1624 1492 et
1656 1426 1769 1492 Gallis
1799 1445 1876 1509 pro-

541 1550 743 1611 culcandum
766 1550 903 1612 obiecit.
927 1548 1040 1630 Ipsius
1063 1551 1153 1612 enim
1177 1558 1299 1619 aetate,
1323 1559 1358 1611 ut
1382 1567 1500 1609 verum
1524 1546 1686 1609 evaderet
1700 1543 1877 1606 Bermudii

540 1665 751 1737 vaticinium,
774 1665 832 1746 qni
856 1664 1036 1727 discedens
1059 1667 1094 1728 in
1117 1664 1251 1727 Indiam
1274 1665 1423 1736 dicebat,
1451 1665 1569 1725 videre
1599 1682 1637 1724 se
1668 1663 1701 1722 in
1734 1659 1878 1723 Aethio-

540 1782 638 1861 picae
665 1782 810 1843 duritiae
834 1780 1010 1851 ultionem,
1039 1791 1131 1843 atras
1161 1783 1326 1863 quasdam
1358 1777 1520 1842 formicas
1551 1779 1585 1840 in
1612 1777 1801 1840 Abassiam
1829 1776 1878 1837 in·

540 1905 701 1977 gruentes
724 1915 866 1978 eamque
891 1898 1051 1959 dentibus
1077 1899 1285 1968 arrodentes,
1309 1915 1430 1977 nempe
1453 1894 1584 1963 Galles,
1608 1893 1736 1975 quiex
1757 1888 1878 1954 Orien·

540 2012 601 2073 tali
632 2012 676 2073 ad
708 2010 863 2074 Indicum
895 2031 997 2085 mare,
1029 2009 1152 2075 Africa
1185 2013 1325 2095 egressi,
1358 2013 1392 2073 in
1423 2030 1510 2081 eam,
1542 2009 1661 2072 multis
1690 2006 1880 2089 provinciis

541 2128 728 2189 devastatis
751 2130 975 2191 exundarunt.

633 2262 682 2321 13.
707 2242 852 2315 Claudii,
870 2244 1053 2306 liberorum
1070 2245 1194 2307 solatio
1208 2243 1373 2315 destituti,
1386 2261 1563 2305 successor
1575 2239 1642 2304 fuit
1653 2240 1763 2321 ipsius
1774 2235 1880 2300 frater

540 2355 696 2419 Adamds
719 2354 909 2440 Seguedus,
933 2360 1153 2420 adamantina
1171 2379 1305 2441 semper
1322 2360 1437 2421 indole
1455 2359 1489 2419 in
1505 2357 1699 2427 Lusitanos,
1716 2353 1878 2418 Ovietum

542 2472 771 2552 patriarcham
795 2472 914 2554 (ipsius
937 2475 1028 2535 enim
1056 2485 1209 2556 tempore
1233 2474 1320 2537 obiit
1351 2476 1384 2536 in
1417 2474 1516 2536 India
1545 2472 1692 2534 Ioannes
1724 2469 1881 2532 Nonnius

542 2586 713 2671 Barretus)
737 2598 770 2651 et
793 2609 921 2661 omnes,
944 2591 1003 2671 qui
1027 2592 1063 2653 in
1086 2591 1179 2653 illins
1202 2591 1391 2653 doctrinam
1416 2592 1504 2653 bene
1528 2587 1670 2652 animati
1692 2596 1820 2655 essent,
1837 2586 1881 2646 ob

542 2701 718 2765 efferatam
742 2705 831 2766 inter
846 2705 975 2768 Turcas
991 2707 1239 2769 educationem.
1256 2704 1324 2787 Qui
1340 2706 1375 2769 in
1391 2716 1520 2769 tantam
1537 2704 1717 2768 saevitiem
1737 2700 1881 2772 exarsit,

541 2830 579 2882 ut
600 2820 754 2902 gladium
779 2820 813 2883 in
836 2822 1070 2885 Patriarcham
1095 2824 1320 2894 distrinxerit,
1344 2842 1488 2905 eumque
1511 2841 1589 2885 cum
1613 2821 1709 2884 socio
1729 2822 1765 2882 in
1782 2819 1882 2881 abru-

541 2947 637 3016 ptum
652 2937 907 3017 sepositumque
928 2948 1079 3000 montem
1103 2937 1318 3020 relegaverit.
1336 2936 1450 3019 Quare
1469 2937 1566 3000 Deus
1581 2938 1689 3019 ipsius
1707 2936 1881 3018 patrueles

542 3050 704 3114 Habetdn
727 3050 908 3123 Tascardn,
932 3063 967 3115 et
991 3053 1158 3116 minorem
1182 3053 1289 3134 ipsius
1309 3051 1459 3126 fratrem,
1483 3074 1525 3116 ac
1546 3052 1677 3115 Turcas
1698 3073 1718 3114 a
1733 3071 1881 3134 protege

542 3166 688 3250 Tigraeo
712 3165 832 3230 Isaaco
855 3166 1027 3240 invitatos,
1051 3169 1218 3250 aquibus
1241 3171 1380 3232 tandem
1402 3170 1563 3232 subactus
1586 3177 1648 3239 est,
1669 3169 1705 3231 in
1721 3170 1879 3230 eumdem

542 3283 745 3355 concitavit;
784 3284 996 3364 extinctique
1032 3303 1176 3367 regnum
1210 3304 1299 3347 anno
1334 3290 1417 3364 1563
1454 3285 1605 3366 suscepit
1640 3284 1750 3365 ipsius
1789 3282 1881 3345 filius

542 3395 645 3460 Sarsa
668 3398 830 3480 Denguil,
854 3399 923 3461 alio
947 3401 1084 3462 nomine
1109 3399 1222 3462 Malae
1245 3399 1435 3483 Seguedus,
1459 3402 1518 3483 qui
1542 3401 1695 3482 parentis
1723 3400 1757 3461 in
1783 3398 1880 3461 Lusi·

541 3523 640 3576 tanos
669 3514 829 3576 duritiem
860 3533 1058 3596 agnoscens,
1090 3526 1123 3578 et
1146 3517 1285 3598 aliquod
1317 3518 1361 3579 ab
1396 3516 1449 3588 iis,
1483 3516 1540 3598 qui
1578 3518 1614 3578 in
1649 3515 1751 3578 lndia
1777 3517 1881 3596 dege·

542 3637 626 3698 rent,
650 3630 855 3711 supplicium
878 3632 1116 3703 extimescens,
1141 3651 1277 3714 semper
1297 3633 1332 3695 in
1348 3653 1407 3695 eos
1423 3653 1460 3696 se
1477 3633 1680 3695 clementem
1697 3633 1880 3713 praestitit,

541 3741 735 3823 frequenter
758 3746 895 3807 eosdem
919 3747 1169 3809 communionis
1191 3748 1227 3809 in
1251 3746 1317 3810 fide
1341 3749 1529 3829 promissis,
1560 3748 1606 3809 ad
1636 3748 1880 3809 accersendum

541 3860 585 3920 ab
609 3859 669 3921 illa
693 3859 859 3922 auxilium
882 3861 1086 3942 prolectans
1110 3860 1180 3924 Sed
1204 3882 1329 3944 magna
1364 3883 1443 3945 pars
1470 3864 1577 3945 ipsius
1608 3864 1808 3925 dominatus
1832 3864 1881 3924 in·

540 3976 637 4056 quies
669 3973 742 4045 fuit,
774 3973 898 4038 Robfis
929 3976 1056 4039 Hamet
1079 3978 1275 4049 Adelensis,
1299 3978 1486 4041 Turcamm
1509 3978 1688 4062 praefecti,
1713 3978 1824 4041 Isacci
1849 3988 1882 4040 et

541 4089 685 4152 aliorum
708 4088 942 4163 turbamentis‚
967 4103 1000 4154 et
1023 4090 1224 4157 felicissima
1246 4095 1462 4176 patriarchae
1481 4093 1599 4158 Ovieti
1621 4116 1711 4159 anno
1735 4113 1832 4173 1577,
1849 4106 1882 4157 et

541 4204 716 4267 Francisci
740 4205 888 4286 Lopezii‚
912 4208 1023 4270 ultimi
1047 4210 1153 4290 ipsius
1177 4212 1357 4282 sociorum,
1381 4214 1585 4291 ann01596,
1611 4220 1721 4274 morte
1746 4208 1881 4274 infelix.

635 4340 683 4396 14.
708 4318 956 4402 Plangentibus
979 4323 1167 4387 Fremonae
1190 4326 1233 4387 ad
1257 4325 1432 4389 Francisci
1457 4328 1493 4389 in
1516 4326 1609 4389 nudo
1624 4326 1720 4389 corio
1744 4328 1880 4389 decum-

541 4436 656 4497 bentis
679 4453 858 4497 excessum
881 4435 1064 4509 Lusitanis,
1087 4441 1188 4520 quod,
1212 4450 1309 4521 patre
1331 4440 1535 4504 Abrahamo
1559 4442 1602 4504 de
1625 4438 1790 4524 Georgiis
1812 4460 1882 4505 ma·

542 4549 662 4620 renita‚
687 4550 852 4629 superiori
877 4570 965 4613 anno
989 4572 1009 4614 a
1031 4552 1151 4615 Turcis
1174 4552 1316 4617 Mazuae
1339 4558 1385 4618 ob
1414 4554 1494 4618 fidei
1526 4555 1766 4620 defensionem
1798 4555 1882 4619 inte·

542 4672 687 4744 rempto,
711 4674 746 4725 et
768 4664 922 4745 patribus
948 4666 1050 4730 Petro
1081 4668 1204 4732 Paesio
1234 4679 1268 4732 et
1298 4669 1455 4733 Antonio
1479 4692 1500 4734 a
1523 4670 1644 4734 Monte
1667 4669 1813 4735 Serrato
1839 4672 1882 4733 ab

542 4785 719 4848 Arabibus
742 4786 939 4866 interceptis
962 4794 996 4846 et
1019 4785 1063 4846 ad
1086 4783 1215 4846 Turcas
1237 4786 1423 4849 trasmissis
1446 4797 1480 4850 et
1503 4787 1661 4868 septenni
1685 4787 1797 4849 exilio
1813 4806 1882 4849 ma·

542 4902 676 4971 ceratis,
700 4902 767 4981 ipsi
797 4901 870 4963 sine
897 4899 1066 4961 catholico
1096 4900 1273 4963 sacerdote
1303 4902 1368 4964 soli
1399 4904 1681 4985 relinquerentur,
1714 4919 1883 4984 praesago

543 5018 646 5079 corde
669 5017 874 5078 vaticinatus
897 5024 950 5077 est
973 5014 1149 5095 Lopezius,
1166 5035 1291 5078 annum
1307 5018 1398 5080 haud
1414 5020 1645 5091 transiturum,
1663 5019 1749 5098 quin
1765 5019 1810 5080 ad
1825 5036 1884 5080 eos

543 5131 705 5193 solandos
728 5129 917 5192 catholicus
951 5130 1110 5192 sacerdos
1140 5133 1325 5204 accederet,
1350 5133 1466 5195 etalii
1491 5134 1638 5196 subinde
1664 5134 1701 5196 in
1734 5142 1883 5197 mortuo-
