<?xml version="1.0" encoding="UTF-8"?>
<!DOCTYPE html PUBLIC "-//W3C//DTD XHTML 1.0 Transitional//EN"
    "http://www.w3.org/TR/xhtml1/DTD/xhtml1-transitional.dtd">
<html xmlns="http://www.w3.org/1999/xhtml" xml:lang="en" lang="en">
 <head>
  <title>
</title>
<meta http-equiv="Content-Type" content="text/html;charset=utf-8" />
  <meta name='ocr-system' content='tesseract 3.04.00' />
  <meta name='ocr-capabilities' content='ocr_page ocr_carea ocr_par ocr_line ocrx_word'/>
</head>
<body>
  <div class='ocr_page' id='page_1' title='image "./rerumaethiopica00beccgoog_0477.png"; bbox 0 0 4066 6174; ppageno 0'>
   <div class='ocr_carea' id='block_1_1' title="bbox 546 632 1542 711">
    <p class='ocr_par' dir='ltr' id='par_1_1' title="bbox 546 632 1542 711">
     <span class='ocr_line' id='line_1_1' title="bbox 546 632 1542 711; baseline -0.001 -15"><span class='ocrx_word' id='word_1_1' title='bbox 546 632 608 711; x_wconf 78' lang='lat'><strong>398</strong></span> <span class='ocrx_word' id='word_1_2' title='bbox 882 644 1154 698; x_wconf 73' lang='lat' dir='ltr'><strong>aaranrrronm</strong></span> <span class='ocrx_word' id='word_1_3' title='bbox 1177 641 1438 695; x_wconf 75' lang='lat' dir='ltr'><strong>anamoptctta</strong></span> <span class='ocrx_word' id='word_1_4' title='bbox 1460 641 1542 695; x_wconf 79' lang='lat' dir='ltr'><strong>auo.</strong></span> 
     </span>
    </p>
   </div>
   <div class='ocr_carea' id='block_1_2' title="bbox 537 788 1871 2918">
    <p class='ocr_par' dir='ltr' id='par_1_2' title="bbox 537 788 1871 2918">
     <span class='ocr_line' id='line_1_2' title="bbox 547 788 1871 860; baseline -0.002 -16"><span class='ocrx_word' id='word_1_5' title='bbox 547 807 568 859; x_wconf 80' lang='lat'><strong>3.</strong></span> <span class='ocrx_word' id='word_1_6' title='bbox 588 795 671 844; x_wconf 90' lang='lat' dir='ltr'><strong>Redit</strong></span> <span class='ocrx_word' id='word_1_7' title='bbox 689 796 716 844; x_wconf 89' lang='lat' dir='ltr'><strong>in</strong></span> <span class='ocrx_word' id='word_1_8' title='bbox 735 796 877 847; x_wconf 89' lang='lat' dir='ltr'><strong>Orientem.</strong></span> <span class='ocrx_word' id='word_1_9' title='bbox 897 795 1066 860; x_wconf 74' lang='lat' dir='ltr'><strong>Aethiopiam</strong></span> <span class='ocrx_word' id='word_1_10' title='bbox 1085 803 1154 845; x_wconf 89' lang='lat' dir='ltr'><strong>tenet</strong></span> <span class='ocrx_word' id='word_1_11' title='bbox 1172 804 1198 845; x_wconf 91' lang='lat' dir='ltr'><strong>et</strong></span> <span class='ocrx_word' id='word_1_12' title='bbox 1217 795 1243 843; x_wconf 91' lang='lat' dir='ltr'><strong>ia</strong></span> <span class='ocrx_word' id='word_1_13' title='bbox 1261 809 1293 843; x_wconf 92' lang='lat' dir='ltr'><strong>ea</strong></span> <span class='ocrx_word' id='word_1_14' title='bbox 1310 793 1449 853; x_wconf 76' lang='lat' dir='ltr'>detinetur.</span> <span class='ocrx_word' id='word_1_15' title='bbox 1466 808 1493 858; x_wconf 89' lang='lat' dir='ltr'><strong>p.</strong></span> <span class='ocrx_word' id='word_1_16' title='bbox 1511 788 1553 845; x_wconf 84' lang='lat'><strong>82.</strong></span> <span class='ocrx_word' id='word_1_17' title='bbox 1585 820 1614 830; x_wconf 91' lang='lat'>-</span> <span class='ocrx_word' id='word_1_18' title='bbox 1639 806 1664 854; x_wconf 87' lang='lat'><strong>4.</strong></span> <span class='ocrx_word' id='word_1_19' title='bbox 1682 791 1760 841; x_wconf 89' lang='lat' dir='ltr'><strong>India</strong></span> <span class='ocrx_word' id='word_1_20' title='bbox 1777 793 1871 842; x_wconf 88' lang='lat' dir='ltr'><strong>maria</strong></span> 
     </span>
     <span class='ocr_line' id='line_1_3' title="bbox 544 881 1870 949; baseline -0.003 -15"><span class='ocrx_word' id='word_1_21' title='bbox 544 885 676 934; x_wconf 83' lang='lat' dir='ltr'><strong>Lusitanis</strong></span> <span class='ocrx_word' id='word_1_22' title='bbox 695 885 825 949; x_wconf 78' lang='lat' dir='ltr'><strong>patefacta</strong></span> <span class='ocrx_word' id='word_1_23' title='bbox 844 884 946 934; x_wconf 87' lang='lat' dir='ltr'><strong>Helena</strong></span> <span class='ocrx_word' id='word_1_24' title='bbox 966 884 1121 949; x_wconf 69' lang='lat' dir='ltr'><strong>legationem</strong></span> <span class='ocrx_word' id='word_1_25' title='bbox 1140 884 1222 935; x_wconf 88' lang='lat' dir='ltr'><strong>mittit</strong></span> <span class='ocrx_word' id='word_1_26' title='bbox 1239 883 1273 933; x_wconf 88' lang='lat' dir='ltr'><strong>ad</strong></span> <span class='ocrx_word' id='word_1_27' title='bbox 1298 898 1382 947; x_wconf 88' lang='lat' dir='ltr'><strong>regem</strong></span> <span class='ocrx_word' id='word_1_28' title='bbox 1408 882 1613 935; x_wconf 73' lang='lat' dir='ltr'><strong>Emmanuelem.</strong></span> <span class='ocrx_word' id='word_1_29' title='bbox 1639 882 1758 931; x_wconf 80' lang='lat' dir='ltr'><strong>Helenae</strong></span> <span class='ocrx_word' id='word_1_30' title='bbox 1776 881 1870 945; x_wconf 85' lang='lat' dir='ltr'><strong>legatas</strong></span> 
     </span>
     <span class='ocr_line' id='line_1_4' title="bbox 543 970 1867 1039; baseline -0.003 -16"><span class='ocrx_word' id='word_1_31' title='bbox 543 974 705 1024; x_wconf 72' lang='lat' dir='ltr'><strong>Lusitaniam</strong></span> <span class='ocrx_word' id='word_1_32' title='bbox 724 975 807 1024; x_wconf 90' lang='lat' dir='ltr'><strong>tenuit</strong></span> <span class='ocrx_word' id='word_1_33' title='bbox 825 991 893 1024; x_wconf 91' lang='lat' dir='ltr'><strong>anno</strong></span> <span class='ocrx_word' id='word_1_34' title='bbox 914 985 989 1039; x_wconf 82' lang='lat'><strong>1514.</strong></span> <span class='ocrx_word' id='word_1_35' title='bbox 1008 974 1153 1024; x_wconf 82' lang='lat' dir='ltr'><strong>Gairanara</strong></span> <span class='ocrx_word' id='word_1_36' title='bbox 1172 974 1199 1023; x_wconf 86' lang='lat' dir='ltr'><strong>ia</strong></span> <span class='ocrx_word' id='word_1_37' title='bbox 1217 972 1385 1038; x_wconf 78' lang='lat' dir='ltr'><strong>Aethiopiam</strong></span> <span class='ocrx_word' id='word_1_38' title='bbox 1399 973 1483 1024; x_wconf 89' lang='lat' dir='ltr'><strong>mittit</strong></span> <span class='ocrx_word' id='word_1_39' title='bbox 1494 988 1537 1023; x_wconf 82' lang='lat' dir='ltr'><strong>rer</strong></span> <span class='ocrx_word' id='word_1_40' title='bbox 1549 971 1715 1030; x_wconf 82' lang='lat' dir='ltr'><strong>Emmanuel,</strong></span> <span class='ocrx_word' id='word_1_41' title='bbox 1733 987 1759 1036; x_wconf 95' lang='lat' dir='ltr'><strong>p.</strong></span> <span class='ocrx_word' id='word_1_42' title='bbox 1780 970 1821 1023; x_wconf 81' lang='lat'><strong>82.</strong></span> <span class='ocrx_word' id='word_1_43' title='bbox 1841 1000 1867 1009; x_wconf 93' lang='lat'>-</span> 
     </span>
     <span class='ocr_line' id='line_1_5' title="bbox 543 1059 1870 1130; baseline 0 -18"><span class='ocrx_word' id='word_1_44' title='bbox 543 1075 567 1128; x_wconf 83' lang='lat'><strong>5.</strong></span> <span class='ocrx_word' id='word_1_45' title='bbox 587 1065 688 1113; x_wconf 81' lang='lat' dir='ltr'><strong>Limine</strong></span> <span class='ocrx_word' id='word_1_46' title='bbox 706 1064 822 1114; x_wconf 82' lang='lat' dir='ltr'><strong>Galvano</strong></span> <span class='ocrx_word' id='word_1_47' title='bbox 835 1074 936 1114; x_wconf 74' lang='lat' dir='ltr'><strong>monuo</strong></span> <span class='ocrx_word' id='word_1_48' title='bbox 948 1064 1079 1121; x_wconf 80' lang='lat' dir='ltr'><strong>suffectae.</strong></span> <span class='ocrx_word' id='word_1_49' title='bbox 1092 1072 1151 1130; x_wconf 88' lang='lat' dir='ltr'><strong>post</strong></span> <span class='ocrx_word' id='word_1_50' title='bbox 1162 1078 1205 1113; x_wconf 83' lang='lat' dir='ltr'><strong>sea</strong></span> <span class='ocrx_word' id='word_1_51' title='bbox 1219 1078 1342 1113; x_wconf 77' lang='lat' dir='ltr'><strong>amoses</strong></span> <span class='ocrx_word' id='word_1_52' title='bbox 1355 1062 1499 1128; x_wconf 84' lang='lat' dir='ltr'><strong>Aethiopia</strong></span> <span class='ocrx_word' id='word_1_53' title='bbox 1512 1062 1586 1119; x_wconf 87' lang='lat' dir='ltr'><strong>redit,</strong></span> <span class='ocrx_word' id='word_1_54' title='bbox 1605 1077 1630 1127; x_wconf 87' lang='lat' dir='ltr'><strong>p.</strong></span> <span class='ocrx_word' id='word_1_55' title='bbox 1650 1061 1691 1123; x_wconf 88' lang='lat'><strong>83.</strong></span> <span class='ocrx_word' id='word_1_56' title='bbox 1707 1088 1739 1099; x_wconf 94' lang='lat'><em>-</em></span> <span class='ocrx_word' id='word_1_57' title='bbox 1755 1059 1780 1112; x_wconf 82' lang='lat'><strong>6.</strong></span> <span class='ocrx_word' id='word_1_58' title='bbox 1793 1062 1870 1112; x_wconf 90' lang='lat' dir='ltr'><strong>Paulo</strong></span> 
     </span>
     <span class='ocr_line' id='line_1_6' title="bbox 541 1151 1869 1219; baseline -0.002 -16"><span class='ocrx_word' id='word_1_59' title='bbox 541 1162 601 1219; x_wconf 84' lang='lat' dir='ltr'><strong>post</strong></span> <span class='ocrx_word' id='word_1_60' title='bbox 618 1154 723 1217; x_wconf 86' lang='lat' dir='ltr'><strong>Gragaa</strong></span> <span class='ocrx_word' id='word_1_61' title='bbox 740 1153 909 1219; x_wconf 83' lang='lat' dir='ltr'><strong>Aethiopiam</strong></span> <span class='ocrx_word' id='word_1_62' title='bbox 929 1153 1037 1204; x_wconf 84' lang='lat' dir='ltr'><strong>invadit.</strong></span> <span class='ocrx_word' id='word_1_63' title='bbox 1062 1152 1147 1202; x_wconf 77' lang='lat' dir='ltr'><strong>David</strong></span> <span class='ocrx_word' id='word_1_64' title='bbox 1167 1155 1292 1202; x_wconf 88' lang='lat' dir='ltr'><strong>Ioannem</strong></span> <span class='ocrx_word' id='word_1_65' title='bbox 1312 1152 1480 1202; x_wconf 84' lang='lat' dir='ltr'><strong>Bermudiuan</strong></span> <span class='ocrx_word' id='word_1_66' title='bbox 1499 1151 1614 1216; x_wconf 86' lang='lat' dir='ltr'><strong>legatum</strong></span> <span class='ocrx_word' id='word_1_67' title='bbox 1633 1151 1666 1200; x_wconf 87' lang='lat' dir='ltr'><strong>ad</strong></span> <span class='ocrx_word' id='word_1_68' title='bbox 1687 1152 1812 1202; x_wconf 89' lang='lat' dir='ltr'><strong>Ioannem</strong></span> <span class='ocrx_word' id='word_1_69' title='bbox 1829 1153 1869 1201; x_wconf 89' lang='lat' dir='ltr'><strong>III</strong></span> 
     </span>
     <span class='ocr_line' id='line_1_7' title="bbox 541 1239 1868 1308; baseline -0.002 -14"><span class='ocrx_word' id='word_1_70' title='bbox 541 1242 639 1294; x_wconf 84' lang='lat' dir='ltr'><strong>auxilia</strong></span> <span class='ocrx_word' id='word_1_71' title='bbox 658 1245 766 1308; x_wconf 89' lang='lat' dir='ltr'><strong>petitum</strong></span> <span class='ocrx_word' id='word_1_72' title='bbox 785 1244 902 1295; x_wconf 84' lang='lat' dir='ltr'><strong>dimittit.</strong></span> <span class='ocrx_word' id='word_1_73' title='bbox 923 1243 1077 1293; x_wconf 86' lang='lat' dir='ltr'><strong>Bermadius</strong></span> <span class='ocrx_word' id='word_1_74' title='bbox 1090 1259 1105 1292; x_wconf 86' lang='lat' dir='ltr'><strong>a</strong></span> <span class='ocrx_word' id='word_1_75' title='bbox 1118 1241 1201 1292; x_wconf 91' lang='lat' dir='ltr'><strong>Paulo</strong></span> <span class='ocrx_word' id='word_1_76' title='bbox 1216 1241 1260 1291; x_wconf 92' lang='lat'><strong>111</strong></span> <span class='ocrx_word' id='word_1_77' title='bbox 1272 1242 1431 1307; x_wconf 86' lang='lat' dir='ltr'><strong>Aethiopiae</strong></span> <span class='ocrx_word' id='word_1_78' title='bbox 1447 1241 1595 1307; x_wconf 85' lang='lat' dir='ltr'><strong>patriarcha</strong></span> <span class='ocrx_word' id='word_1_79' title='bbox 1607 1251 1781 1299; x_wconf 70' lang='lat' dir='ltr'><strong>conceaatur.</strong></span> <span class='ocrx_word' id='word_1_80' title='bbox 1793 1258 1818 1307; x_wconf 88' lang='lat' dir='ltr'><strong>p.</strong></span> <span class='ocrx_word' id='word_1_81' title='bbox 1830 1239 1868 1303; x_wconf 83' lang='lat'><strong>83.</strong></span> 
     </span>
     <span class='ocr_line' id='line_1_8' title="bbox 543 1330 1869 1399; baseline -0.002 -16"><span class='ocrx_word' id='word_1_82' title='bbox 543 1343 566 1394; x_wconf 89' lang='lat'><strong>7.</strong></span> <span class='ocrx_word' id='word_1_83' title='bbox 585 1333 715 1395; x_wconf 78' lang='lat' dir='ltr'><strong>Gragnam</strong></span> <span class='ocrx_word' id='word_1_84' title='bbox 729 1333 929 1399; x_wconf 88' lang='lat' dir='ltr'><strong>Christophorus</strong></span> <span class='ocrx_word' id='word_1_85' title='bbox 948 1348 963 1381; x_wconf 88' lang='lat' dir='ltr'><strong>a</strong></span> <span class='ocrx_word' id='word_1_86' title='bbox 975 1332 1060 1382; x_wconf 82' lang='lat' dir='ltr'><strong>Gema</strong></span> <span class='ocrx_word' id='word_1_87' title='bbox 1071 1332 1156 1397; x_wconf 89' lang='lat' dir='ltr'><strong>primo</strong></span> <span class='ocrx_word' id='word_1_88' title='bbox 1168 1330 1268 1397; x_wconf 84' lang='lat' dir='ltr'><strong>praelio</strong></span> <span class='ocrx_word' id='word_1_89' title='bbox 1282 1331 1375 1382; x_wconf 82' lang='lat' dir='ltr'><strong>suadit.</strong></span> <span class='ocrx_word' id='word_1_90' title='bbox 1389 1330 1508 1382; x_wconf 67' lang='lat' dir='ltr'><strong>&amp;cundo</strong></span> <span class='ocrx_word' id='word_1_91' title='bbox 1519 1330 1629 1381; x_wconf 88' lang='lat' dir='ltr'><strong>eandem</strong></span> <span class='ocrx_word' id='word_1_92' title='bbox 1645 1341 1759 1397; x_wconf 82' lang='lat' dir='ltr'><strong>mperat.</strong></span> <span class='ocrx_word' id='word_1_93' title='bbox 1772 1330 1869 1396; x_wconf 83' lang='lat' dir='ltr'><strong>Gragna</strong></span> 
     </span>
     <span class='ocr_line' id='line_1_9' title="bbox 541 1419 1869 1488; baseline -0.001 -17"><span class='ocrx_word' id='word_1_94' title='bbox 541 1438 585 1488; x_wconf 92' lang='lat' dir='ltr'><strong>per</strong></span> <span class='ocrx_word' id='word_1_95' title='bbox 604 1423 722 1488; x_wconf 85' lang='lat' dir='ltr'><strong>hyemem</strong></span> <span class='ocrx_word' id='word_1_96' title='bbox 741 1423 838 1473; x_wconf 85' lang='lat' dir='ltr'><strong>Tarcas</strong></span> <span class='ocrx_word' id='word_1_97' title='bbox 857 1423 973 1472; x_wconf 85' lang='lat' dir='ltr'><strong>arabicos</strong></span> <span class='ocrx_word' id='word_1_98' title='bbox 991 1422 1042 1472; x_wconf 88' lang='lat' dir='ltr'><strong>sibl</strong></span> <span class='ocrx_word' id='word_1_99' title='bbox 1060 1421 1187 1485; x_wconf 86' lang='lat' dir='ltr'><strong>adiungit.</strong></span> <span class='ocrx_word' id='word_1_100' title='bbox 1206 1436 1231 1486; x_wconf 91' lang='lat' dir='ltr'><strong>p.</strong></span> <span class='ocrx_word' id='word_1_101' title='bbox 1251 1419 1293 1483; x_wconf 84' lang='lat'><strong>84.</strong></span> <span class='ocrx_word' id='word_1_102' title='bbox 1308 1447 1341 1457; x_wconf 94' lang='lat'>-</span> <span class='ocrx_word' id='word_1_103' title='bbox 1355 1419 1379 1469; x_wconf 83' lang='lat'><strong>8.</strong></span> <span class='ocrx_word' id='word_1_104' title='bbox 1399 1420 1510 1471; x_wconf 87' lang='lat' dir='ltr'><strong>Iudaeos</strong></span> <span class='ocrx_word' id='word_1_105' title='bbox 1529 1422 1556 1471; x_wconf 93' lang='lat' dir='ltr'><strong>in</strong></span> <span class='ocrx_word' id='word_1_106' title='bbox 1568 1421 1661 1471; x_wconf 87' lang='lat' dir='ltr'><strong>Setaea</strong></span> <span class='ocrx_word' id='word_1_107' title='bbox 1680 1421 1812 1471; x_wconf 85' lang='lat' dir='ltr'><strong>montibus</strong></span> <span class='ocrx_word' id='word_1_108' title='bbox 1829 1422 1869 1470; x_wconf 89' lang='lat' dir='ltr'><strong>de·</strong></span> 
     </span>
     <span class='ocr_line' id='line_1_10' title="bbox 540 1509 1868 1578; baseline 0.001 -18"><span class='ocrx_word' id='word_1_109' title='bbox 540 1522 629 1575; x_wconf 84' lang='lat' dir='ltr'><strong>gentes</strong></span> <span class='ocrx_word' id='word_1_110' title='bbox 647 1512 731 1562; x_wconf 85' lang='lat' dir='ltr'><strong>Gema</strong></span> <span class='ocrx_word' id='word_1_111' title='bbox 749 1513 894 1578; x_wconf 71' lang='lat' dir='ltr'><strong>prosternit.</strong></span> <span class='ocrx_word' id='word_1_112' title='bbox 914 1511 1077 1562; x_wconf 86' lang='lat' dir='ltr'><strong>Redeuntem</strong></span> <span class='ocrx_word' id='word_1_113' title='bbox 1091 1511 1212 1561; x_wconf 76' lang='lat' dir='ltr'><strong>festinato</strong></span> <span class='ocrx_word' id='word_1_114' title='bbox 1230 1509 1334 1574; x_wconf 87' lang='lat' dir='ltr'><strong>Gragns</strong></span> <span class='ocrx_word' id='word_1_115' title='bbox 1345 1510 1499 1575; x_wconf 78' lang='lat' dir='ltr'><strong>aggreditur.</strong></span> <span class='ocrx_word' id='word_1_116' title='bbox 1516 1521 1569 1573; x_wconf 81' lang='lat'><strong>340</strong></span> <span class='ocrx_word' id='word_1_117' title='bbox 1581 1510 1702 1560; x_wconf 87' lang='lat' dir='ltr'><strong>Lusitani</strong></span> <span class='ocrx_word' id='word_1_118' title='bbox 1721 1511 1755 1561; x_wconf 91' lang='lat' dir='ltr'><strong>ab</strong></span> <span class='ocrx_word' id='word_1_119' title='bbox 1774 1510 1868 1562; x_wconf 87' lang='lat' dir='ltr'><strong>infinita</strong></span> 
     </span>
     <span class='ocr_line' id='line_1_11' title="bbox 542 1599 1869 1666; baseline -0.001 -15"><span class='ocrx_word' id='word_1_120' title='bbox 542 1601 781 1651; x_wconf 86' lang='lat' dir='ltr'><strong>Mahometaaorum</strong></span> <span class='ocrx_word' id='word_1_121' title='bbox 802 1601 969 1651; x_wconf 85' lang='lat' dir='ltr'><strong>multitudine</strong></span> <span class='ocrx_word' id='word_1_122' title='bbox 986 1610 1143 1666; x_wconf 86' lang='lat' dir='ltr'><strong>premantur.</strong></span> <span class='ocrx_word' id='word_1_123' title='bbox 1161 1616 1186 1665; x_wconf 93' lang='lat' dir='ltr'><strong>p.</strong></span> <span class='ocrx_word' id='word_1_124' title='bbox 1207 1599 1249 1664; x_wconf 82' lang='lat'><strong>84.</strong></span> <span class='ocrx_word' id='word_1_125' title='bbox 1269 1627 1302 1637; x_wconf 92' lang='lat'><em>-</em></span> <span class='ocrx_word' id='word_1_126' title='bbox 1322 1611 1347 1661; x_wconf 88' lang='lat'><strong>9.</strong></span> <span class='ocrx_word' id='word_1_127' title='bbox 1365 1599 1458 1659; x_wconf 81' lang='lat' dir='ltr'><strong>Gema,</strong></span> <span class='ocrx_word' id='word_1_128' title='bbox 1476 1599 1510 1648; x_wconf 90' lang='lat' dir='ltr'><strong>ad</strong></span> <span class='ocrx_word' id='word_1_129' title='bbox 1527 1599 1714 1649; x_wconf 84' lang='lat' dir='ltr'><strong>vendicandum</strong></span> <span class='ocrx_word' id='word_1_130' title='bbox 1733 1603 1869 1651; x_wconf 68' lang='lat' dir='ltr'><strong>misae·</strong></span> 
     </span>
     <span class='ocr_line' id='line_1_12' title="bbox 540 1687 1868 1754; baseline 0 -15"><span class='ocrx_word' id='word_1_131' title='bbox 540 1691 639 1748; x_wconf 83' lang='lat' dir='ltr'><strong>xillum,</strong></span> <span class='ocrx_word' id='word_1_132' title='bbox 658 1706 687 1740; x_wconf 91' lang='lat' dir='ltr'><strong>se</strong></span> <span class='ocrx_word' id='word_1_133' title='bbox 705 1692 731 1740; x_wconf 89' lang='lat' dir='ltr'><strong>in</strong></span> <span class='ocrx_word' id='word_1_134' title='bbox 745 1690 845 1740; x_wconf 87' lang='lat' dir='ltr'><strong>medios</strong></span> <span class='ocrx_word' id='word_1_135' title='bbox 858 1689 944 1743; x_wconf 85' lang='lat' dir='ltr'><strong>hostes</strong></span> <span class='ocrx_word' id='word_1_136' title='bbox 957 1690 1081 1743; x_wconf 86' lang='lat' dir='ltr'><strong>immittit.</strong></span> <span class='ocrx_word' id='word_1_137' title='bbox 1095 1689 1214 1740; x_wconf 88' lang='lat' dir='ltr'><strong>Gloriosa</strong></span> <span class='ocrx_word' id='word_1_138' title='bbox 1227 1690 1325 1740; x_wconf 83' lang='lat' dir='ltr'><strong>Garnae</strong></span> <span class='ocrx_word' id='word_1_139' title='bbox 1337 1689 1438 1749; x_wconf 81' lang='lat' dir='ltr'><strong>caedes,</strong></span> <span class='ocrx_word' id='word_1_140' title='bbox 1450 1705 1476 1754; x_wconf 94' lang='lat' dir='ltr'><strong>p.</strong></span> <span class='ocrx_word' id='word_1_141' title='bbox 1490 1687 1532 1753; x_wconf 82' lang='grc'><strong>85.</strong></span> <span class='ocrx_word' id='word_1_142' title='bbox 1551 1717 1576 1727; x_wconf 89' lang='grc'><strong>-</strong></span> <span class='ocrx_word' id='word_1_143' title='bbox 1595 1701 1633 1741; x_wconf 93' lang='grc'><strong>10.</strong></span> <span class='ocrx_word' id='word_1_144' title='bbox 1647 1689 1752 1740; x_wconf 87' lang='lat' dir='ltr'><strong>Bellum</strong></span> <span class='ocrx_word' id='word_1_145' title='bbox 1770 1690 1868 1754; x_wconf 82' lang='lat' dir='ltr'><strong>Cragus</strong></span> 
     </span>
     <span class='ocr_line' id='line_1_13' title="bbox 541 1778 1868 1845; baseline 0.001 -17"><span class='ocrx_word' id='word_1_146' title='bbox 541 1780 567 1829; x_wconf 87' lang='lat' dir='ltr'><strong>ln</strong></span> <span class='ocrx_word' id='word_1_147' title='bbox 586 1780 745 1830; x_wconf 86' lang='lat' dir='ltr'><strong>Dambaeam</strong></span> <span class='ocrx_word' id='word_1_148' title='bbox 766 1789 936 1845; x_wconf 86' lang='lat' dir='ltr'><strong>transportat:</strong></span> <span class='ocrx_word' id='word_1_149' title='bbox 956 1780 1126 1843; x_wconf 86' lang='lat' dir='ltr'><strong>insequuntur</strong></span> <span class='ocrx_word' id='word_1_150' title='bbox 1145 1779 1273 1832; x_wconf 87' lang='lat' dir='ltr'><strong>Lusitani.</strong></span> <span class='ocrx_word' id='word_1_151' title='bbox 1292 1778 1421 1843; x_wconf 88' lang='lat' dir='ltr'><strong>Gragnata</strong></span> <span class='ocrx_word' id='word_1_152' title='bbox 1440 1778 1502 1829; x_wconf 88' lang='lat' dir='ltr'><strong>duci</strong></span> <span class='ocrx_word' id='word_1_153' title='bbox 1514 1793 1562 1828; x_wconf 87' lang='lat' dir='ltr'><strong>suo</strong></span> <span class='ocrx_word' id='word_1_154' title='bbox 1576 1778 1680 1829; x_wconf 81' lang='lat' dir='ltr'><strong>inferias</strong></span> <span class='ocrx_word' id='word_1_155' title='bbox 1692 1780 1805 1829; x_wconf 85' lang='lat' dir='ltr'><strong>reserant</strong></span> <span class='ocrx_word' id='word_1_156' title='bbox 1820 1780 1868 1829; x_wconf 89' lang='lat' dir='ltr'><strong>Lu·</strong></span> 
     </span>
     <span class='ocr_line' id='line_1_14' title="bbox 539 1866 1867 1934; baseline 0.001 -16"><span class='ocrx_word' id='word_1_157' title='bbox 539 1870 625 1922; x_wconf 84' lang='lat' dir='ltr'><strong>sitani.</strong></span> <span class='ocrx_word' id='word_1_158' title='bbox 646 1870 733 1918; x_wconf 87' lang='lat' dir='ltr'><strong>Huius</strong></span> <span class='ocrx_word' id='word_1_159' title='bbox 753 1870 874 1918; x_wconf 77' lang='lat' dir='ltr'><strong>victoriae</strong></span> <span class='ocrx_word' id='word_1_160' title='bbox 893 1867 1044 1933; x_wconf 87' lang='lat' dir='ltr'><strong>trophaeum</strong></span> <span class='ocrx_word' id='word_1_161' title='bbox 1064 1884 1131 1918; x_wconf 90' lang='lat' dir='ltr'><strong>nunc</strong></span> <span class='ocrx_word' id='word_1_162' title='bbox 1150 1868 1262 1919; x_wconf 84' lang='lat' dir='ltr'><strong>cernitur</strong></span> <span class='ocrx_word' id='word_1_163' title='bbox 1281 1871 1308 1918; x_wconf 93' lang='lat' dir='ltr'><strong>ln</strong></span> <span class='ocrx_word' id='word_1_164' title='bbox 1327 1868 1448 1927; x_wconf 79' lang='lat' dir='ltr'><strong>oleastro,</strong></span> <span class='ocrx_word' id='word_1_165' title='bbox 1466 1884 1492 1934; x_wconf 91' lang='lat' dir='ltr'><strong>p.</strong></span> <span class='ocrx_word' id='word_1_166' title='bbox 1506 1866 1548 1920; x_wconf 83' lang='lat'><strong>86.</strong></span> <span class='ocrx_word' id='word_1_167' title='bbox 1568 1896 1601 1906; x_wconf 91' lang='lat'><em>-</em></span> <span class='ocrx_word' id='word_1_168' title='bbox 1625 1881 1663 1919; x_wconf 88' lang='lat' dir='ltr'><strong>rt.</strong></span> <span class='ocrx_word' id='word_1_169' title='bbox 1682 1868 1810 1919; x_wconf 78' lang='lat' dir='ltr'><strong>Claudiae</strong></span> <span class='ocrx_word' id='word_1_170' title='bbox 1822 1871 1867 1919; x_wconf 89' lang='lat' dir='ltr'><strong>Pa·</strong></span> 
     </span>
     <span class='ocr_line' id='line_1_15' title="bbox 540 1957 1865 2024; baseline 0.001 -16"><span class='ocrx_word' id='word_1_171' title='bbox 540 1958 678 2009; x_wconf 89' lang='lat' dir='ltr'><strong>triarcham</strong></span> <span class='ocrx_word' id='word_1_172' title='bbox 699 1959 724 2008; x_wconf 93' lang='lat' dir='ltr'><strong>in</strong></span> <span class='ocrx_word' id='word_1_173' title='bbox 744 1959 860 2015; x_wconf 82' lang='lat' dir='ltr'><strong>exilium.</strong></span> <span class='ocrx_word' id='word_1_174' title='bbox 879 1959 1017 2008; x_wconf 88' lang='lat' dir='ltr'><strong>Lusitanos</strong></span> <span class='ocrx_word' id='word_1_175' title='bbox 1036 1959 1063 2011; x_wconf 90' lang='lat' dir='ltr'><strong>iu</strong></span> <span class='ocrx_word' id='word_1_176' title='bbox 1076 1958 1251 2023; x_wconf 81' lang='lat' dir='ltr'><strong>praefecturae</strong></span> <span class='ocrx_word' id='word_1_177' title='bbox 1263 1957 1358 2007; x_wconf 91' lang='lat' dir='ltr'><strong>callide</strong></span> <span class='ocrx_word' id='word_1_178' title='bbox 1375 1958 1510 2024; x_wconf 72' lang='lat' dir='ltr'><strong>dispergit.</strong></span> <span class='ocrx_word' id='word_1_179' title='bbox 1529 1958 1570 2007; x_wconf 91' lang='lat' dir='ltr'><strong>De</strong></span> <span class='ocrx_word' id='word_1_180' title='bbox 1583 1958 1735 2008; x_wconf 86' lang='lat' dir='ltr'><strong>Patriarcha</strong></span> <span class='ocrx_word' id='word_1_181' title='bbox 1748 1959 1801 2009; x_wconf 91' lang='lat' dir='ltr'><strong>alio</strong></span> <span class='ocrx_word' id='word_1_182' title='bbox 1812 1961 1865 2009; x_wconf 88' lang='lat' dir='ltr'><strong>mit·</strong></span> 
     </span>
     <span class='ocr_line' id='line_1_16' title="bbox 540 2046 1867 2113; baseline 0.003 -17"><span class='ocrx_word' id='word_1_183' title='bbox 540 2047 617 2097; x_wconf 89' lang='lat' dir='ltr'><strong>tendo</strong></span> <span class='ocrx_word' id='word_1_184' title='bbox 636 2048 663 2097; x_wconf 92' lang='lat' dir='ltr'><strong>in</strong></span> <span class='ocrx_word' id='word_1_185' title='bbox 676 2048 812 2097; x_wconf 76' lang='lat' dir='ltr'><strong>Lusitania</strong></span> <span class='ocrx_word' id='word_1_186' title='bbox 825 2047 987 2098; x_wconf 83' lang='lat' dir='ltr'><strong>deliberatur.</strong></span> <span class='ocrx_word' id='word_1_187' title='bbox 1000 2047 1152 2099; x_wconf 84' lang='lat' dir='ltr'><strong>Patriareha</strong></span> <span class='ocrx_word' id='word_1_188' title='bbox 1164 2055 1190 2096; x_wconf 90' lang='lat' dir='ltr'><strong>et</strong></span> <span class='ocrx_word' id='word_1_189' title='bbox 1203 2046 1255 2097; x_wconf 90' lang='lat' dir='ltr'><strong>duo</strong></span> <span class='ocrx_word' id='word_1_190' title='bbox 1267 2047 1431 2097; x_wconf 86' lang='lat' dir='ltr'><strong>coadiutores</strong></span> <span class='ocrx_word' id='word_1_191' title='bbox 1444 2047 1582 2112; x_wconf 79' lang='lat' dir='ltr'><strong>eligantur,</strong></span> <span class='ocrx_word' id='word_1_192' title='bbox 1595 2063 1619 2113; x_wconf 89' lang='lat' dir='ltr'><strong>p.</strong></span> <span class='ocrx_word' id='word_1_193' title='bbox 1634 2046 1675 2100; x_wconf 79' lang='grc'><strong>86.</strong></span> <span class='ocrx_word' id='word_1_194' title='bbox 1689 2061 1782 2102; x_wconf 85' lang='lat'><strong>--12.</strong></span> <span class='ocrx_word' id='word_1_195' title='bbox 1795 2050 1867 2100; x_wconf 88' lang='lat' dir='ltr'><strong>Pater</strong></span> 
     </span>
     <span class='ocr_line' id='line_1_17' title="bbox 538 2134 1867 2205; baseline 0.004 -21"><span class='ocrx_word' id='word_1_196' title='bbox 538 2135 695 2185; x_wconf 85' lang='lat' dir='ltr'><strong>Gondisalus</strong></span> <span class='ocrx_word' id='word_1_197' title='bbox 708 2135 861 2199; x_wconf 86' lang='lat' dir='ltr'><strong>Roterigiua</strong></span> <span class='ocrx_word' id='word_1_198' title='bbox 875 2136 901 2184; x_wconf 90' lang='lat' dir='ltr'><strong>in</strong></span> <span class='ocrx_word' id='word_1_199' title='bbox 913 2135 1083 2200; x_wconf 88' lang='lat' dir='ltr'><strong>Aethiopiam</strong></span> <span class='ocrx_word' id='word_1_200' title='bbox 1096 2134 1277 2201; x_wconf 86' lang='lat' dir='ltr'><strong>praemittitur.</strong></span> <span class='ocrx_word' id='word_1_201' title='bbox 1290 2136 1437 2201; x_wconf 87' lang='lat' dir='ltr'><strong>Episcopus</strong></span> <span class='ocrx_word' id='word_1_202' title='bbox 1449 2136 1557 2188; x_wconf 80' lang='lat' dir='ltr'><strong>Ovietas</strong></span> <span class='ocrx_word' id='word_1_203' title='bbox 1571 2139 1597 2187; x_wconf 89' lang='lat' dir='ltr'><strong>la</strong></span> <span class='ocrx_word' id='word_1_204' title='bbox 1615 2154 1672 2188; x_wconf 86' lang='lat' dir='ltr'><strong>earn</strong></span> <span class='ocrx_word' id='word_1_205' title='bbox 1685 2154 1745 2189; x_wconf 87' lang='lat' dir='ltr'><strong>cum</strong></span> <span class='ocrx_word' id='word_1_206' title='bbox 1759 2141 1867 2205; x_wconf 83' lang='lat' dir='ltr'><strong>quinque</strong></span> 
     </span>
     <span class='ocr_line' id='line_1_18' title="bbox 538 2224 1866 2290; baseline 0.005 -18"><span class='ocrx_word' id='word_1_207' title='bbox 538 2225 617 2273; x_wconf 87' lang='lat' dir='ltr'><strong>sociis</strong></span> <span class='ocrx_word' id='word_1_208' title='bbox 636 2224 777 2277; x_wconf 82' lang='lat' dir='ltr'><strong>contendit.</strong></span> <span class='ocrx_word' id='word_1_209' title='bbox 792 2224 917 2274; x_wconf 88' lang='lat' dir='ltr'><strong>Claudius</strong></span> <span class='ocrx_word' id='word_1_210' title='bbox 931 2225 962 2273; x_wconf 89' lang='lat' dir='ltr'><strong>ab</strong></span> <span class='ocrx_word' id='word_1_211' title='bbox 975 2225 1098 2290; x_wconf 87' lang='lat' dir='ltr'><strong>episcopo</strong></span> <span class='ocrx_word' id='word_1_212' title='bbox 1109 2226 1354 2285; x_wconf 74' lang='lat' dir='ltr'><strong>excommunicatur,</strong></span> <span class='ocrx_word' id='word_1_213' title='bbox 1367 2233 1394 2276; x_wconf 90' lang='lat' dir='ltr'><strong>et</strong></span> <span class='ocrx_word' id='word_1_214' title='bbox 1405 2243 1421 2275; x_wconf 91' lang='lat' dir='ltr'><strong>a</strong></span> <span class='ocrx_word' id='word_1_215' title='bbox 1433 2226 1491 2276; x_wconf 87' lang='lat' dir='ltr'><strong>Nur</strong></span> <span class='ocrx_word' id='word_1_216' title='bbox 1503 2227 1618 2278; x_wconf 88' lang='lat' dir='ltr'><strong>adelensl</strong></span> <span class='ocrx_word' id='word_1_217' title='bbox 1631 2229 1751 2281; x_wconf 85' lang='lat' dir='ltr'><strong>vincitur.</strong></span> <span class='ocrx_word' id='word_1_218' title='bbox 1766 2229 1866 2280; x_wconf 84' lang='lat' dir='ltr'><strong>Claudii</strong></span> 
     </span>
     <span class='ocr_line' id='line_1_19' title="bbox 539 2313 1867 2381; baseline 0.004 -17"><span class='ocrx_word' id='word_1_219' title='bbox 539 2324 652 2379; x_wconf 85' lang='lat' dir='ltr'><strong>tempore</strong></span> <span class='ocrx_word' id='word_1_220' title='bbox 671 2314 760 2363; x_wconf 88' lang='lat' dir='ltr'><strong>Gallae</strong></span> <span class='ocrx_word' id='word_1_221' title='bbox 779 2313 947 2379; x_wconf 88' lang='lat' dir='ltr'><strong>Aethiopiam</strong></span> <span class='ocrx_word' id='word_1_222' title='bbox 967 2313 1098 2374; x_wconf 81' lang='lat' dir='ltr'><strong>amodum,</strong></span> <span class='ocrx_word' id='word_1_223' title='bbox 1116 2330 1141 2380; x_wconf 88' lang='lat' dir='ltr'><strong>p.</strong></span> <span class='ocrx_word' id='word_1_224' title='bbox 1161 2313 1204 2381; x_wconf 86' lang='lat'><strong>87.</strong></span> <span class='ocrx_word' id='word_1_225' title='bbox 1219 2342 1247 2352; x_wconf 91' lang='lat'>-</span> <span class='ocrx_word' id='word_1_226' title='bbox 1268 2325 1307 2376; x_wconf 84' lang='lat'><strong>13.</strong></span> <span class='ocrx_word' id='word_1_227' title='bbox 1325 2315 1444 2365; x_wconf 87' lang='lat' dir='ltr'><strong>Adamas</strong></span> <span class='ocrx_word' id='word_1_228' title='bbox 1461 2316 1595 2380; x_wconf 74' lang='lat' dir='ltr'><strong>Seguedus</strong></span> <span class='ocrx_word' id='word_1_229' title='bbox 1615 2318 1721 2367; x_wconf 86' lang='lat' dir='ltr'><strong>Claudii</strong></span> <span class='ocrx_word' id='word_1_230' title='bbox 1740 2334 1867 2369; x_wconf 78' lang='lat' dir='ltr'><strong>successor</strong></span> 
     </span>
     <span class='ocr_line' id='line_1_20' title="bbox 538 2402 1866 2472; baseline 0.007 -22"><span class='ocrx_word' id='word_1_231' title='bbox 538 2403 706 2452; x_wconf 88' lang='lat' dir='ltr'><strong>adamantino</strong></span> <span class='ocrx_word' id='word_1_232' title='bbox 725 2403 774 2452; x_wconf 84' lang='lat' dir='ltr'><strong>luit</strong></span> <span class='ocrx_word' id='word_1_233' title='bbox 792 2404 896 2466; x_wconf 90' lang='lat' dir='ltr'><strong>ingenio</strong></span> <span class='ocrx_word' id='word_1_234' title='bbox 915 2403 941 2451; x_wconf 91' lang='lat' dir='ltr'><strong>in</strong></span> <span class='ocrx_word' id='word_1_235' title='bbox 960 2402 1138 2453; x_wconf 84' lang='lat' dir='ltr'><strong>Patrisrcham</strong></span> <span class='ocrx_word' id='word_1_236' title='bbox 1157 2414 1183 2453; x_wconf 93' lang='lat' dir='ltr'><strong>et</strong></span> <span class='ocrx_word' id='word_1_237' title='bbox 1201 2404 1348 2457; x_wconf 86' lang='lat' dir='ltr'><strong>Lusitanos.</strong></span> <span class='ocrx_word' id='word_1_238' title='bbox 1368 2405 1460 2455; x_wconf 85' lang='lat' dir='ltr'><strong>Mitior</strong></span> <span class='ocrx_word' id='word_1_239' title='bbox 1479 2405 1528 2455; x_wconf 87' lang='lat' dir='ltr'><strong>fuit</strong></span> <span class='ocrx_word' id='word_1_240' title='bbox 1539 2405 1621 2472; x_wconf 90' lang='lat' dir='ltr'><strong>ipsius</strong></span> <span class='ocrx_word' id='word_1_241' title='bbox 1634 2406 1703 2458; x_wconf 88' lang='lat' dir='ltr'><strong>iilius</strong></span> <span class='ocrx_word' id='word_1_242' title='bbox 1722 2410 1866 2460; x_wconf 73' lang='grc'>11111151-</span> 
     </span>
     <span class='ocr_line' id='line_1_21' title="bbox 538 2491 1865 2561; baseline 0.004 -19"><span class='ocrx_word' id='word_1_243' title='bbox 538 2492 646 2555; x_wconf 79' lang='lat' dir='ltr'><strong>gurdus.</strong></span> <span class='ocrx_word' id='word_1_244' title='bbox 666 2494 745 2542; x_wconf 87' lang='lat' dir='ltr'><strong>Anno</strong></span> <span class='ocrx_word' id='word_1_245' title='bbox 767 2501 832 2552; x_wconf 82' lang='lat'>1577</span> <span class='ocrx_word' id='word_1_246' title='bbox 852 2493 919 2542; x_wconf 89' lang='lat' dir='ltr'><strong>obiit</strong></span> <span class='ocrx_word' id='word_1_247' title='bbox 937 2491 1096 2551; x_wconf 83' lang='lat' dir='ltr'><strong>Patriarcha,</strong></span> <span class='ocrx_word' id='word_1_248' title='bbox 1115 2508 1140 2558; x_wconf 92' lang='lat' dir='ltr'><strong>p.</strong></span> <span class='ocrx_word' id='word_1_249' title='bbox 1160 2492 1202 2546; x_wconf 83' lang='lat'><strong>88.</strong></span> <span class='ocrx_word' id='word_1_250' title='bbox 1222 2522 1256 2531; x_wconf 94' lang='lat'>-</span> <span class='ocrx_word' id='word_1_251' title='bbox 1279 2506 1318 2557; x_wconf 87' lang='grc'><strong>14.</strong></span> <span class='ocrx_word' id='word_1_252' title='bbox 1338 2495 1412 2544; x_wconf 84' lang='lat' dir='ltr'><strong>Varii</strong></span> <span class='ocrx_word' id='word_1_253' title='bbox 1424 2503 1511 2561; x_wconf 86' lang='lat' dir='ltr'><strong>patrea</strong></span> <span class='ocrx_word' id='word_1_254' title='bbox 1529 2510 1560 2545; x_wconf 79' lang='lat' dir='ltr'><strong>es</strong></span> <span class='ocrx_word' id='word_1_255' title='bbox 1578 2496 1655 2547; x_wconf 87' lang='lat' dir='ltr'><strong>India</strong></span> <span class='ocrx_word' id='word_1_256' title='bbox 1673 2500 1865 2549; x_wconf 87' lang='lat' dir='ltr'><strong>mittuntaraub</strong></span> 
     </span>
     <span class='ocr_line' id='line_1_22' title="bbox 539 2581 1866 2654; baseline 0.007 -25"><span class='ocrx_word' id='word_1_257' title='bbox 539 2582 643 2631; x_wconf 85' lang='lat' dir='ltr'><strong>Iacobo.</strong></span> <span class='ocrx_word' id='word_1_258' title='bbox 662 2581 721 2631; x_wconf 89' lang='lat' dir='ltr'><strong>Alii</strong></span> <span class='ocrx_word' id='word_1_259' title='bbox 741 2581 849 2631; x_wconf 90' lang='lat' dir='ltr'><strong>subinde</strong></span> <span class='ocrx_word' id='word_1_260' title='bbox 868 2583 915 2631; x_wconf 84' lang='lat' dir='ltr'><strong>sub</strong></span> <span class='ocrx_word' id='word_1_261' title='bbox 928 2581 1018 2632; x_wconf 86' lang='lat' dir='ltr'><strong>Seltan</strong></span> <span class='ocrx_word' id='word_1_262' title='bbox 1030 2581 1156 2646; x_wconf 86' lang='lat' dir='ltr'><strong>Seguedo,</strong></span> <span class='ocrx_word' id='word_1_263' title='bbox 1175 2599 1201 2648; x_wconf 93' lang='lat' dir='ltr'><strong>p.</strong></span> <span class='ocrx_word' id='word_1_264' title='bbox 1221 2583 1262 2636; x_wconf 90' lang='lat'><strong>88.</strong></span> <span class='ocrx_word' id='word_1_265' title='bbox 1277 2611 1310 2621; x_wconf 92' lang='lat'><em>-</em></span> <span class='ocrx_word' id='word_1_266' title='bbox 1327 2593 1366 2646; x_wconf 85' lang='grc'><strong>15.</strong></span> <span class='ocrx_word' id='word_1_267' title='bbox 1386 2585 1509 2649; x_wconf 84' lang='lat' dir='ltr'><strong>Regnum</strong></span> <span class='ocrx_word' id='word_1_268' title='bbox 1522 2594 1662 2637; x_wconf 86' lang='lat' dir='ltr'><strong>summates</strong></span> <span class='ocrx_word' id='word_1_269' title='bbox 1674 2588 1774 2638; x_wconf 87' lang='lat' dir='ltr'><strong>Iacobo</strong></span> <span class='ocrx_word' id='word_1_270' title='bbox 1791 2605 1866 2654; x_wconf 91' lang='lat' dir='ltr'><strong>puero</strong></span> 
     </span>
     <span class='ocr_line' id='line_1_23' title="bbox 537 2669 1865 2735; baseline 0.007 -17"><span class='ocrx_word' id='word_1_271' title='bbox 537 2669 631 2719; x_wconf 83' lang='lat' dir='ltr'><strong>deinde</strong></span> <span class='ocrx_word' id='word_1_272' title='bbox 650 2670 802 2733; x_wconf 87' lang='lat' dir='ltr'><strong>Zatlenguili</strong></span> <span class='ocrx_word' id='word_1_273' title='bbox 821 2670 974 2721; x_wconf 87' lang='lat' dir='ltr'><strong>detulerunt.</strong></span> <span class='ocrx_word' id='word_1_274' title='bbox 995 2671 1137 2735; x_wconf 87' lang='lat' dir='ltr'><strong>Zadenguil</strong></span> <span class='ocrx_word' id='word_1_275' title='bbox 1156 2672 1294 2723; x_wconf 85' lang='lat' dir='ltr'><strong>Romanae</strong></span> <span class='ocrx_word' id='word_1_276' title='bbox 1312 2672 1371 2723; x_wconf 85' lang='lat' dir='ltr'><strong>tidei</strong></span> <span class='ocrx_word' id='word_1_277' title='bbox 1391 2690 1491 2725; x_wconf 86' lang='lat' dir='ltr'><strong>summe</strong></span> <span class='ocrx_word' id='word_1_278' title='bbox 1503 2675 1619 2726; x_wconf 75' lang='lat' dir='ltr'><strong>affectas</strong></span> <span class='ocrx_word' id='word_1_279' title='bbox 1632 2676 1711 2726; x_wconf 87' lang='lat' dir='ltr'><strong>Illum</strong></span> <span class='ocrx_word' id='word_1_280' title='bbox 1727 2678 1805 2728; x_wconf 86' lang='lat' dir='ltr'><strong>iidem</strong></span> <span class='ocrx_word' id='word_1_281' title='bbox 1819 2689 1865 2729; x_wconf 89' lang='lat' dir='ltr'><strong>tar·</strong></span> 
     </span>
     <span class='ocr_line' id='line_1_24' title="bbox 537 2758 1864 2829; baseline 0.008 -21"><span class='ocrx_word' id='word_1_282' title='bbox 537 2760 640 2808; x_wconf 76' lang='grc'>1110101</span> <span class='ocrx_word' id='word_1_283' title='bbox 658 2758 815 2808; x_wconf 85' lang='lat' dir='ltr'><strong>sustulerunt</strong></span> <span class='ocrx_word' id='word_1_284' title='bbox 834 2767 859 2808; x_wconf 88' lang='lat' dir='ltr'><strong>ct</strong></span> <span class='ocrx_word' id='word_1_285' title='bbox 878 2760 1000 2810; x_wconf 89' lang='lat' dir='ltr'><strong>Iacobum</strong></span> <span class='ocrx_word' id='word_1_286' title='bbox 1021 2759 1160 2824; x_wconf 84' lang='lat' dir='ltr'><strong>subrogare</strong></span> <span class='ocrx_word' id='word_1_287' title='bbox 1178 2771 1328 2813; x_wconf 77' lang='lat' dir='ltr'><strong>statuerant</strong></span> <span class='ocrx_word' id='word_1_288' title='bbox 1347 2762 1467 2814; x_wconf 84' lang='lat' dir='ltr'><strong>Socinios</strong></span> <span class='ocrx_word' id='word_1_289' title='bbox 1485 2764 1564 2814; x_wconf 90' lang='lat' dir='ltr'><strong>iidem</strong></span> <span class='ocrx_word' id='word_1_290' title='bbox 1586 2780 1692 2829; x_wconf 87' lang='lat' dir='ltr'><strong>reguum</strong></span> <span class='ocrx_word' id='word_1_291' title='bbox 1711 2766 1864 2819; x_wconf 84' lang='lat' dir='ltr'><strong>obtulerant</strong></span> 
     </span>
     <span class='ocr_line' id='line_1_25' title="bbox 540 2846 1553 2918; baseline 0.008 -23"><span class='ocrx_word' id='word_1_292' title='bbox 540 2846 616 2907; x_wconf 82' lang='lat'><strong>1607.</strong></span> <span class='ocrx_word' id='word_1_293' title='bbox 635 2847 754 2896; x_wconf 87' lang='lat' dir='ltr'><strong>Socinioa</strong></span> <span class='ocrx_word' id='word_1_294' title='bbox 773 2848 799 2896; x_wconf 93' lang='lat' dir='ltr'><strong>in</strong></span> <span class='ocrx_word' id='word_1_295' title='bbox 818 2863 865 2897; x_wconf 85' lang='lat' dir='ltr'><strong>sua</strong></span> <span class='ocrx_word' id='word_1_296' title='bbox 884 2848 1080 2912; x_wconf 84' lang='lat' dir='ltr'><strong>inauguratione</strong></span> <span class='ocrx_word' id='word_1_297' title='bbox 1098 2849 1183 2901; x_wconf 82' lang='lat' dir='ltr'><strong>dletus</strong></span> <span class='ocrx_word' id='word_1_298' title='bbox 1201 2849 1289 2901; x_wconf 86' lang='lat' dir='ltr'><strong>Seltaa</strong></span> <span class='ocrx_word' id='word_1_299' title='bbox 1307 2851 1448 2915; x_wconf 73' lang='lat' dir='ltr'><strong>Seguedus,</strong></span> <span class='ocrx_word' id='word_1_300' title='bbox 1465 2868 1491 2918; x_wconf 92' lang='lat' dir='ltr'><strong>p.</strong></span> <span class='ocrx_word' id='word_1_301' title='bbox 1510 2849 1553 2915; x_wconf 88' lang='lat'><strong>89.</strong></span> 
     </span>
    </p>
   </div>
   <div class='ocr_carea' id='block_1_3' title="bbox 535 3042 1859 3253">
    <p class='ocr_par' dir='ltr' id='par_1_3' title="bbox 535 3042 1859 3253">
     <span class='ocr_line' id='line_1_26' title="bbox 535 3042 1725 3137; baseline 0.005 -28"><span class='ocrx_word' id='word_1_302' title='bbox 535 3043 666 3109; x_wconf 76' lang='lat' dir='ltr'><strong>CAPUT</strong></span> <span class='ocrx_word' id='word_1_303' title='bbox 693 3043 738 3107; x_wconf 93' lang='lat' dir='ltr'><strong>X.</strong></span> <span class='ocrx_word' id='word_1_304' title='bbox 768 3079 811 3093; x_wconf 98' lang='lat'>-</span> <span class='ocrx_word' id='word_1_305' title='bbox 840 3043 1014 3109; x_wconf 76' lang='lat' dir='ltr'><strong>Romanae</strong></span> <span class='ocrx_word' id='word_1_306' title='bbox 1031 3042 1124 3130; x_wconf 72' lang='lat' dir='ltr'><strong>fidei</strong></span> <span class='ocrx_word' id='word_1_307' title='bbox 1146 3046 1209 3109; x_wconf 86' lang='lat' dir='ltr'><strong>snb</strong></span> <span class='ocrx_word' id='word_1_308' title='bbox 1233 3047 1357 3112; x_wconf 77' lang='lat' dir='ltr'><strong>Sellan</strong></span> <span class='ocrx_word' id='word_1_309' title='bbox 1384 3048 1536 3135; x_wconf 79' lang='lat' dir='ltr'><strong>Segnedo</strong></span> <span class='ocrx_word' id='word_1_310' title='bbox 1563 3050 1725 3137; x_wconf 67' lang='lat' dir='ltr'><strong>auspican.</strong></span> 
     </span>
     <span class='ocr_line' id='line_1_27' title="bbox 1661 3187 1859 3253; baseline -0.005 -3"><span class='ocrx_word' id='word_1_311' title='bbox 1661 3187 1739 3253; x_wconf 71' lang='lat' dir='ltr'>pag·</span> <span class='ocrx_word' id='word_1_312' title='bbox 1766 3190 1859 3250; x_wconf 65' lang='lat'><strong>9197</strong></span> 
     </span>
    </p>
   </div>
   <div class='ocr_carea' id='block_1_4' title="bbox 531 3320 1861 4282">
    <p class='ocr_par' dir='ltr' id='par_1_4' title="bbox 531 3320 1861 4282">
     <span class='ocr_line' id='line_1_28' title="bbox 622 3320 1861 3395; baseline 0.007 -25"><span class='ocrx_word' id='word_1_313' title='bbox 622 3320 821 3373; x_wconf 81' lang='lat' dir='ltr'><strong>Summarlum.</strong></span> <span class='ocrx_word' id='word_1_314' title='bbox 845 3334 865 3373; x_wconf 91' lang='lat' dir='ltr'><strong>t.</strong></span> <span class='ocrx_word' id='word_1_315' title='bbox 885 3322 1029 3386; x_wconf 84' lang='lat' dir='ltr'><strong>Imperator</strong></span> <span class='ocrx_word' id='word_1_316' title='bbox 1047 3322 1080 3372; x_wconf 90' lang='lat' dir='ltr'><strong>ad</strong></span> <span class='ocrx_word' id='word_1_317' title='bbox 1094 3324 1241 3373; x_wconf 87' lang='lat' dir='ltr'><strong>Dambaeae</strong></span> <span class='ocrx_word' id='word_1_318' title='bbox 1254 3335 1338 3375; x_wconf 86' lang='lat' dir='ltr'><strong>castra</strong></span> <span class='ocrx_word' id='word_1_319' title='bbox 1356 3341 1383 3375; x_wconf 90' lang='lat' dir='ltr'><strong>se</strong></span> <span class='ocrx_word' id='word_1_320' title='bbox 1398 3326 1508 3390; x_wconf 75' lang='lat' dir='ltr'><strong>corrigit</strong></span> <span class='ocrx_word' id='word_1_321' title='bbox 1527 3328 1588 3379; x_wconf 92' lang='lat' dir='ltr'><strong>Duo</strong></span> <span class='ocrx_word' id='word_1_322' title='bbox 1605 3338 1691 3394; x_wconf 87' lang='lat' dir='ltr'><strong>patres</strong></span> <span class='ocrx_word' id='word_1_323' title='bbox 1708 3331 1819 3395; x_wconf 82' lang='lat' dir='ltr'><strong>benigna</strong></span> <span class='ocrx_word' id='word_1_324' title='bbox 1831 3333 1861 3380; x_wconf 89' lang='lat' dir='ltr'><strong>ab</strong></span> 
     </span>
     <span class='ocr_line' id='line_1_29' title="bbox 535 3410 1859 3480; baseline 0.01 -23"><span class='ocrx_word' id='word_1_325' title='bbox 535 3424 566 3458; x_wconf 90' lang='lat' dir='ltr'><strong>eo</strong></span> <span class='ocrx_word' id='word_1_326' title='bbox 584 3410 753 3474; x_wconf 79' lang='lat' dir='ltr'><strong>excipiuntur,</strong></span> <span class='ocrx_word' id='word_1_327' title='bbox 773 3426 798 3474; x_wconf 91' lang='lat' dir='ltr'><strong>p.</strong></span> <span class='ocrx_word' id='word_1_328' title='bbox 818 3422 861 3469; x_wconf 85' lang='lat'><strong>91.</strong></span> <span class='ocrx_word' id='word_1_329' title='bbox 879 3439 912 3447; x_wconf 94' lang='lat'><em>-</em></span> <span class='ocrx_word' id='word_1_330' title='bbox 934 3423 957 3461; x_wconf 83' lang='lat'><strong>2.</strong></span> <span class='ocrx_word' id='word_1_331' title='bbox 977 3412 1042 3461; x_wconf 86' lang='lat' dir='ltr'><strong>Cum</strong></span> <span class='ocrx_word' id='word_1_332' title='bbox 1061 3428 1086 3476; x_wconf 88' lang='lat' dir='ltr'><strong>p.</strong></span> <span class='ocrx_word' id='word_1_333' title='bbox 1100 3412 1178 3462; x_wconf 90' lang='lat' dir='ltr'><strong>Petro</strong></span> <span class='ocrx_word' id='word_1_334' title='bbox 1196 3414 1291 3461; x_wconf 85' lang='lat' dir='ltr'><strong>Paeaio</strong></span> <span class='ocrx_word' id='word_1_335' title='bbox 1304 3416 1358 3477; x_wconf 83' lang='lat' dir='ltr'><strong>agit</strong></span> <span class='ocrx_word' id='word_1_336' title='bbox 1377 3416 1409 3464; x_wconf 88' lang='lat' dir='ltr'><strong>de</strong></span> <span class='ocrx_word' id='word_1_337' title='bbox 1421 3416 1541 3480; x_wconf 85' lang='lat' dir='ltr'><strong>epistolis</strong></span> <span class='ocrx_word' id='word_1_338' title='bbox 1560 3419 1594 3468; x_wconf 93' lang='lat' dir='ltr'><strong>ad</strong></span> <span class='ocrx_word' id='word_1_339' title='bbox 1612 3419 1693 3471; x_wconf 89' lang='lat' dir='ltr'><strong>Rom.</strong></span> <span class='ocrx_word' id='word_1_340' title='bbox 1712 3421 1859 3471; x_wconf 79' lang='lat' dir='ltr'><strong>Pontificem</strong></span> 
     </span>
     <span class='ocr_line' id='line_1_30' title="bbox 532 3499 1859 3569; baseline 0.011 -23"><span class='ocrx_word' id='word_1_341' title='bbox 532 3508 556 3547; x_wconf 88' lang='lat' dir='ltr'><strong>et</strong></span> <span class='ocrx_word' id='word_1_342' title='bbox 576 3499 726 3547; x_wconf 83' lang='lat' dir='ltr'><strong>Lusitaniae</strong></span> <span class='ocrx_word' id='word_1_343' title='bbox 746 3500 854 3562; x_wconf 82' lang='lat' dir='ltr'><strong>Regem,</strong></span> <span class='ocrx_word' id='word_1_344' title='bbox 874 3516 898 3565; x_wconf 89' lang='lat' dir='ltr'><strong>p.</strong></span> <span class='ocrx_word' id='word_1_345' title='bbox 919 3513 960 3559; x_wconf 86' lang='lat'><strong>92.</strong></span> <span class='ocrx_word' id='word_1_346' title='bbox 978 3528 1009 3539; x_wconf 91' lang='lat'><em>-</em></span> <span class='ocrx_word' id='word_1_347' title='bbox 1022 3512 1047 3563; x_wconf 84' lang='lat'><strong>3.</strong></span> <span class='ocrx_word' id='word_1_348' title='bbox 1066 3502 1137 3551; x_wconf 85' lang='lat' dir='ltr'><strong>Inter</strong></span> <span class='ocrx_word' id='word_1_349' title='bbox 1150 3502 1241 3552; x_wconf 85' lang='lat' dir='ltr'><strong>iratres</strong></span> <span class='ocrx_word' id='word_1_350' title='bbox 1253 3503 1347 3553; x_wconf 88' lang='lat' dir='ltr'><strong>dividit</strong></span> <span class='ocrx_word' id='word_1_351' title='bbox 1359 3506 1542 3569; x_wconf 81' lang='lat' dir='ltr'><strong>praefecturas.</strong></span> <span class='ocrx_word' id='word_1_352' title='bbox 1555 3508 1614 3557; x_wconf 78' lang='lat' dir='ltr'><strong>Seia</strong></span> <span class='ocrx_word' id='word_1_353' title='bbox 1627 3509 1747 3560; x_wconf 74' lang='lat' dir='ltr'><strong>Christos</strong></span> <span class='ocrx_word' id='word_1_354' title='bbox 1766 3511 1859 3567; x_wconf 84' lang='lat' dir='ltr'><strong>laudes.</strong></span> 
     </span>
     <span class='ocr_line' id='line_1_31' title="bbox 532 3589 1860 3663; baseline 0.013 -28"><span class='ocrx_word' id='word_1_355' title='bbox 532 3603 557 3652; x_wconf 92' lang='lat' dir='ltr'><strong>p.</strong></span> <span class='ocrx_word' id='word_1_356' title='bbox 577 3601 620 3649; x_wconf 90' lang='lat'><strong>92.</strong></span> <span class='ocrx_word' id='word_1_357' title='bbox 639 3617 672 3625; x_wconf 96' lang='lat'><em>-</em></span> <span class='ocrx_word' id='word_1_358' title='bbox 693 3603 717 3651; x_wconf 88' lang='lat'><strong>4.</strong></span> <span class='ocrx_word' id='word_1_359' title='bbox 736 3589 795 3638; x_wconf 77' lang='lat' dir='ltr'><strong>Seii</strong></span> <span class='ocrx_word' id='word_1_360' title='bbox 813 3590 931 3639; x_wconf 75' lang='lat' dir='ltr'><strong>Christus</strong></span> <span class='ocrx_word' id='word_1_361' title='bbox 956 3590 982 3639; x_wconf 89' lang='lat' dir='ltr'><strong>in</strong></span> <span class='ocrx_word' id='word_1_362' title='bbox 1002 3590 1175 3652; x_wconf 83' lang='lat' dir='ltr'><strong>Bagamediro</strong></span> <span class='ocrx_word' id='word_1_363' title='bbox 1193 3591 1283 3641; x_wconf 80' lang='lat' dir='ltr'><strong>Gallae</strong></span> <span class='ocrx_word' id='word_1_364' title='bbox 1302 3602 1360 3642; x_wconf 85' lang='lat' dir='ltr'><strong>astu</strong></span> <span class='ocrx_word' id='word_1_365' title='bbox 1378 3606 1490 3660; x_wconf 84' lang='lat' dir='ltr'><strong>superat.</strong></span> <span class='ocrx_word' id='word_1_366' title='bbox 1510 3596 1657 3651; x_wconf 85' lang='lat' dir='ltr'><strong>Monachus</strong></span> <span class='ocrx_word' id='word_1_367' title='bbox 1676 3602 1747 3663; x_wconf 85' lang='lat' dir='ltr'><strong>regni</strong></span> <span class='ocrx_word' id='word_1_368' title='bbox 1771 3602 1860 3652; x_wconf 82' lang='lat' dir='ltr'><strong>allecta</strong></span> 
     </span>
     <span class='ocr_line' id='line_1_32' title="bbox 531 3678 1859 3749; baseline 0.011 -23"><span class='ocrx_word' id='word_1_369' title='bbox 531 3679 642 3742; x_wconf 87' lang='lat' dir='ltr'><strong>capitur,</strong></span> <span class='ocrx_word' id='word_1_370' title='bbox 661 3693 687 3742; x_wconf 92' lang='lat' dir='ltr'><strong>p.</strong></span> <span class='ocrx_word' id='word_1_371' title='bbox 705 3687 749 3741; x_wconf 84' lang='lat'><strong>93.</strong></span> <span class='ocrx_word' id='word_1_372' title='bbox 769 3705 801 3716; x_wconf 93' lang='lat'><em>-</em></span> <span class='ocrx_word' id='word_1_373' title='bbox 821 3690 845 3743; x_wconf 84' lang='lat'><strong>5.</strong></span> <span class='ocrx_word' id='word_1_374' title='bbox 858 3679 918 3728; x_wconf 80' lang='lat' dir='ltr'><strong>Seia</strong></span> <span class='ocrx_word' id='word_1_375' title='bbox 930 3678 1048 3729; x_wconf 76' lang='lat' dir='ltr'><strong>Christos</strong></span> <span class='ocrx_word' id='word_1_376' title='bbox 1061 3679 1094 3728; x_wconf 88' lang='lat' dir='ltr'><strong>ad</strong></span> <span class='ocrx_word' id='word_1_377' title='bbox 1107 3681 1232 3743; x_wconf 84' lang='lat' dir='ltr'><strong>Tigraeoa</strong></span> <span class='ocrx_word' id='word_1_378' title='bbox 1245 3682 1355 3731; x_wconf 89' lang='lat' dir='ltr'><strong>mittitur</strong></span> <span class='ocrx_word' id='word_1_379' title='bbox 1367 3698 1424 3732; x_wconf 87' lang='lat' dir='ltr'><strong>cum</strong></span> <span class='ocrx_word' id='word_1_380' title='bbox 1439 3683 1499 3734; x_wconf 82' lang='lat' dir='ltr'><strong>ficto</strong></span> <span class='ocrx_word' id='word_1_381' title='bbox 1512 3687 1609 3736; x_wconf 85' lang='lat' dir='ltr'><strong>Iacobo</strong></span> <span class='ocrx_word' id='word_1_382' title='bbox 1620 3698 1772 3747; x_wconf 87' lang='lat' dir='ltr'><strong>certaturus,</strong></span> <span class='ocrx_word' id='word_1_383' title='bbox 1788 3690 1859 3749; x_wconf 80' lang='lat'>1608,</span> 
     </span>
     <span class='ocr_line' id='line_1_33' title="bbox 532 3765 1859 3839; baseline 0.014 -28"><span class='ocrx_word' id='word_1_384' title='bbox 532 3782 557 3831; x_wconf 77' lang='lat' dir='ltr'><strong>p,</strong></span> <span class='ocrx_word' id='word_1_385' title='bbox 576 3777 619 3828; x_wconf 80' lang='lat'><strong>93.</strong></span> <span class='ocrx_word' id='word_1_386' title='bbox 643 3795 665 3802; x_wconf 76' lang='lat'><em>-</em></span> <span class='ocrx_word' id='word_1_387' title='bbox 680 3765 704 3816; x_wconf 86' lang='lat'><strong>6.</strong></span> <span class='ocrx_word' id='word_1_388' title='bbox 718 3768 862 3832; x_wconf 87' lang='lat' dir='ltr'><strong>Imperator</strong></span> <span class='ocrx_word' id='word_1_389' title='bbox 875 3770 1010 3817; x_wconf 77' lang='lat' dir='ltr'><strong>Aurumae</strong></span> <span class='ocrx_word' id='word_1_390' title='bbox 1023 3778 1166 3820; x_wconf 88' lang='lat' dir='ltr'><strong>coronatur.</strong></span> <span class='ocrx_word' id='word_1_391' title='bbox 1181 3770 1271 3818; x_wconf 87' lang='lat' dir='ltr'><strong>Fictus</strong></span> <span class='ocrx_word' id='word_1_392' title='bbox 1284 3770 1394 3819; x_wconf 82' lang='lat' dir='ltr'><strong>Iacobus</strong></span> <span class='ocrx_word' id='word_1_393' title='bbox 1407 3772 1542 3832; x_wconf 82' lang='lat' dir='ltr'><strong>occiditur.</strong></span> <span class='ocrx_word' id='word_1_394' title='bbox 1561 3790 1587 3839; x_wconf 89' lang='lat' dir='ltr'><strong>p.</strong></span> <span class='ocrx_word' id='word_1_395' title='bbox 1606 3787 1648 3839; x_wconf 84' lang='lat'><strong>94.</strong></span> <span class='ocrx_word' id='word_1_396' title='bbox 1663 3803 1694 3815; x_wconf 89' lang='lat'><em>-</em></span> <span class='ocrx_word' id='word_1_397' title='bbox 1711 3786 1735 3837; x_wconf 82' lang='lat'><strong>7.</strong></span> <span class='ocrx_word' id='word_1_398' title='bbox 1754 3780 1859 3829; x_wconf 83' lang='lat' dir='ltr'><strong>Iacobus</strong></span> 
     </span>
     <span class='ocr_line' id='line_1_34' title="bbox 532 3857 1857 3928; baseline 0.011 -24"><span class='ocrx_word' id='word_1_399' title='bbox 532 3858 565 3904; x_wconf 89' lang='lat' dir='ltr'><strong>ab</strong></span> <span class='ocrx_word' id='word_1_400' title='bbox 584 3857 715 3920; x_wconf 86' lang='lat' dir='ltr'><strong>aliquibus</strong></span> <span class='ocrx_word' id='word_1_401' title='bbox 734 3857 818 3906; x_wconf 87' lang='lat' dir='ltr'><strong>adhuc</strong></span> <span class='ocrx_word' id='word_1_402' title='bbox 836 3858 919 3906; x_wconf 82' lang='lat' dir='ltr'><strong>vivere</strong></span> <span class='ocrx_word' id='word_1_403' title='bbox 938 3866 1049 3922; x_wconf 88' lang='lat' dir='ltr'><strong>putatur,</strong></span> <span class='ocrx_word' id='word_1_404' title='bbox 1069 3874 1094 3923; x_wconf 91' lang='lat' dir='ltr'><strong>p.</strong></span> <span class='ocrx_word' id='word_1_405' title='bbox 1113 3870 1156 3924; x_wconf 81' lang='lat'><strong>95.</strong></span> <span class='ocrx_word' id='word_1_406' title='bbox 1180 3888 1215 3898; x_wconf 89' lang='lat'><em>-</em></span> <span class='ocrx_word' id='word_1_407' title='bbox 1242 3861 1266 3915; x_wconf 89' lang='lat'><strong>8.</strong></span> <span class='ocrx_word' id='word_1_408' title='bbox 1286 3863 1315 3914; x_wconf 88' lang='lat' dir='ltr'><strong>P.</strong></span> <span class='ocrx_word' id='word_1_409' title='bbox 1335 3864 1426 3913; x_wconf 84' lang='lat' dir='ltr'><strong>Petrus</strong></span> <span class='ocrx_word' id='word_1_410' title='bbox 1445 3864 1556 3914; x_wconf 85' lang='lat' dir='ltr'><strong>Paesius</strong></span> <span class='ocrx_word' id='word_1_411' title='bbox 1573 3881 1603 3915; x_wconf 81' lang='lat' dir='ltr'><strong>ea</strong></span> <span class='ocrx_word' id='word_1_412' title='bbox 1627 3866 1740 3928; x_wconf 85' lang='lat' dir='ltr'><strong>Tigraeo</strong></span> <span class='ocrx_word' id='word_1_413' title='bbox 1758 3869 1789 3917; x_wconf 89' lang='lat' dir='ltr'><strong>ad</strong></span> <span class='ocrx_word' id='word_1_414' title='bbox 1808 3870 1857 3918; x_wconf 90' lang='lat' dir='ltr'><strong>Im·</strong></span> 
     </span>
     <span class='ocr_line' id='line_1_35' title="bbox 532 3946 1858 4014; baseline 0.011 -22"><span class='ocrx_word' id='word_1_415' title='bbox 532 3954 674 4008; x_wconf 78' lang='lat' dir='ltr'><strong>perstarem</strong></span> <span class='ocrx_word' id='word_1_416' title='bbox 694 3946 749 3995; x_wconf 87' lang='lat' dir='ltr'><strong>abit</strong></span> <span class='ocrx_word' id='word_1_417' title='bbox 767 3962 813 4009; x_wconf 88' lang='lat' dir='ltr'><strong>pro</strong></span> <span class='ocrx_word' id='word_1_418' title='bbox 832 3946 948 3994; x_wconf 87' lang='lat' dir='ltr'><strong>sontibus</strong></span> <span class='ocrx_word' id='word_1_419' title='bbox 967 3946 1125 4012; x_wconf 85' lang='lat' dir='ltr'><strong>deprecator.</strong></span> <span class='ocrx_word' id='word_1_420' title='bbox 1144 3964 1169 4013; x_wconf 92' lang='lat' dir='ltr'><strong>p.</strong></span> <span class='ocrx_word' id='word_1_421' title='bbox 1189 3960 1231 4014; x_wconf 81' lang='lat'><strong>95.</strong></span> <span class='ocrx_word' id='word_1_422' title='bbox 1250 3979 1283 3987; x_wconf 92' lang='lat'><em>-</em></span> <span class='ocrx_word' id='word_1_423' title='bbox 1303 3964 1327 4011; x_wconf 86' lang='lat'><strong>9.</strong></span> <span class='ocrx_word' id='word_1_424' title='bbox 1347 3951 1858 4014; x_wconf 66' lang='grc'>(1013011111111111111111111111,11)1</span> 
     </span>
     <span class='ocr_line' id='line_1_36' title="bbox 531 4034 1859 4110; baseline 0.008 -28"><span class='ocrx_word' id='word_1_425' title='bbox 531 4035 648 4100; x_wconf 87' lang='lat' dir='ltr'><strong>patribus</strong></span> <span class='ocrx_word' id='word_1_426' title='bbox 666 4035 825 4084; x_wconf 86' lang='lat' dir='ltr'><strong>consuetudo</strong></span> <span class='ocrx_word' id='word_1_427' title='bbox 843 4051 900 4085; x_wconf 91' lang='lat' dir='ltr'><strong>cnm</strong></span> <span class='ocrx_word' id='word_1_428' title='bbox 926 4035 1075 4093; x_wconf 88' lang='lat' dir='ltr'><strong>curialibus,</strong></span> <span class='ocrx_word' id='word_1_429' title='bbox 1104 4034 1179 4094; x_wconf 79' lang='grc'>1611,</span> <span class='ocrx_word' id='word_1_430' title='bbox 1198 4054 1223 4102; x_wconf 91' lang='lat' dir='ltr'><strong>p.</strong></span> <span class='ocrx_word' id='word_1_431' title='bbox 1243 4038 1286 4104; x_wconf 75' lang='lat'><strong>96.</strong></span> <span class='ocrx_word' id='word_1_432' title='bbox 1311 4069 1345 4076; x_wconf 92' lang='lat'><em>-</em></span> <span class='ocrx_word' id='word_1_433' title='bbox 1372 4052 1411 4090; x_wconf 89' lang='lat' dir='ltr'><strong>to.</strong></span> <span class='ocrx_word' id='word_1_434' title='bbox 1431 4041 1489 4090; x_wconf 87' lang='lat' dir='ltr'><strong>Ras</strong></span> <span class='ocrx_word' id='word_1_435' title='bbox 1514 4042 1573 4091; x_wconf 79' lang='lat' dir='ltr'><strong>Seia</strong></span> <span class='ocrx_word' id='word_1_436' title='bbox 1594 4042 1711 4094; x_wconf 72' lang='lat' dir='ltr'><strong>Christos</strong></span> <span class='ocrx_word' id='word_1_437' title='bbox 1735 4047 1859 4110; x_wconf 82' lang='lat' dir='ltr'><strong>Gojamac</strong></span> 
     </span>
     <span class='ocr_line' id='line_1_37' title="bbox 531 4122 1858 4195; baseline 0.011 -26"><span class='ocrx_word' id='word_1_438' title='bbox 531 4139 630 4187; x_wconf 78' lang='lat' dir='ltr'><strong>protea,</strong></span> <span class='ocrx_word' id='word_1_439' title='bbox 652 4122 727 4175; x_wconf 85' lang='lat'><strong>1612.</strong></span> <span class='ocrx_word' id='word_1_440' title='bbox 747 4124 823 4173; x_wconf 91' lang='lat' dir='ltr'><strong>Illius</strong></span> <span class='ocrx_word' id='word_1_441' title='bbox 842 4125 984 4183; x_wconf 85' lang='lat' dir='ltr'><strong>conversio,</strong></span> <span class='ocrx_word' id='word_1_442' title='bbox 1002 4141 1028 4190; x_wconf 89' lang='lat' dir='ltr'><strong>p.</strong></span> <span class='ocrx_word' id='word_1_443' title='bbox 1047 4123 1090 4185; x_wconf 80' lang='lat'><strong>96.</strong></span> <span class='ocrx_word' id='word_1_444' title='bbox 1112 4153 1140 4163; x_wconf 94' lang='lat'><em>-</em></span> <span class='ocrx_word' id='word_1_445' title='bbox 1166 4138 1205 4178; x_wconf 91' lang='grc'><strong>11.</strong></span> <span class='ocrx_word' id='word_1_446' title='bbox 1224 4128 1359 4192; x_wconf 77' lang='lat' dir='ltr'><strong>Epistulae</strong></span> <span class='ocrx_word' id='word_1_447' title='bbox 1385 4131 1545 4181; x_wconf 85' lang='lat' dir='ltr'><strong>aPontifice</strong></span> <span class='ocrx_word' id='word_1_448' title='bbox 1568 4140 1594 4181; x_wconf 88' lang='lat' dir='ltr'><strong>et</strong></span> <span class='ocrx_word' id='word_1_449' title='bbox 1618 4133 1693 4195; x_wconf 84' lang='lat' dir='ltr'><strong>Rege</strong></span> <span class='ocrx_word' id='word_1_450' title='bbox 1712 4135 1858 4184; x_wconf 83' lang='lat' dir='ltr'><strong>Lusitaniae</strong></span> 
     </span>
     <span class='ocr_line' id='line_1_38' title="bbox 531 4214 1238 4282; baseline 0.004 -22"><span class='ocrx_word' id='word_1_451' title='bbox 531 4221 652 4277; x_wconf 85' lang='lat' dir='ltr'><strong>acceptae</strong></span> <span class='ocrx_word' id='word_1_452' title='bbox 670 4215 863 4262; x_wconf 82' lang='lat' dir='ltr'><strong>conversionem</strong></span> <span class='ocrx_word' id='word_1_453' title='bbox 883 4214 1034 4272; x_wconf 83' lang='lat' dir='ltr'><strong>accendunt,</strong></span> <span class='ocrx_word' id='word_1_454' title='bbox 1057 4214 1131 4276; x_wconf 78' lang='lat'>1613,</span> <span class='ocrx_word' id='word_1_455' title='bbox 1151 4232 1175 4280; x_wconf 86' lang='lat' dir='ltr'><strong>p.</strong></span> <span class='ocrx_word' id='word_1_456' title='bbox 1195 4228 1238 4282; x_wconf 88' lang='lat'><strong>97.</strong></span> 
     </span>
    </p>
   </div>
   <div class='ocr_carea' id='block_1_5' title="bbox 530 4408 1855 4620">
    <p class='ocr_par' dir='ltr' id='par_1_5' title="bbox 530 4408 1855 4620">
     <span class='ocr_line' id='line_1_39' title="bbox 530 4408 1776 4496; baseline 0.011 -26"><span class='ocrx_word' id='word_1_457' title='bbox 530 4408 660 4471; x_wconf 73' lang='lat' dir='ltr'><strong>CAPUT</strong></span> <span class='ocrx_word' id='word_1_458' title='bbox 685 4409 749 4473; x_wconf 87' lang='lat' dir='ltr'><strong>XI.</strong></span> <span class='ocrx_word' id='word_1_459' title='bbox 774 4445 817 4458; x_wconf 92' lang='lat'><em>—</em></span> <span class='ocrx_word' id='word_1_460' title='bbox 841 4410 946 4473; x_wconf 80' lang='lat' dir='ltr'><strong>Fidei</strong></span> <span class='ocrx_word' id='word_1_461' title='bbox 961 4417 1161 4496; x_wconf 73' lang='lat' dir='ltr'><strong>progressas</strong></span> <span class='ocrx_word' id='word_1_462' title='bbox 1183 4417 1216 4476; x_wconf 76' lang='lat' dir='ltr'><strong>ct</strong></span> <span class='ocrx_word' id='word_1_463' title='bbox 1237 4414 1398 4478; x_wconf 79' lang='lat' dir='ltr'><strong>adversus</strong></span> <span class='ocrx_word' id='word_1_464' title='bbox 1421 4416 1521 4480; x_wconf 80' lang='lat' dir='ltr'><strong>illam</strong></span> <span class='ocrx_word' id='word_1_465' title='bbox 1542 4419 1776 4484; x_wconf 74' lang='lat' dir='ltr'><strong>contentiones.</strong></span> 
     </span>
     <span class='ocr_line' id='line_1_40' title="bbox 1631 4555 1855 4620; baseline -0.018 -2"><span class='ocrx_word' id='word_1_466' title='bbox 1631 4555 1711 4620; x_wconf 63' lang='lat' dir='ltr'><strong>Pag-</strong></span> <span class='ocrx_word' id='word_1_467' title='bbox 1736 4556 1855 4617; x_wconf 80' lang='lat'><strong>99·¹04</strong></span> 
     </span>
    </p>
   </div>
   <div class='ocr_carea' id='block_1_6' title="bbox 527 4686 1855 5289">
    <p class='ocr_par' dir='ltr' id='par_1_6' title="bbox 527 4686 1855 5289">
     <span class='ocr_line' id='line_1_41' title="bbox 616 4686 1855 4762; baseline 0.008 -27"><span class='ocrx_word' id='word_1_468' title='bbox 616 4686 815 4738; x_wconf 77' lang='lat' dir='ltr'><strong>Summanum.</strong></span> <span class='ocrx_word' id='word_1_469' title='bbox 838 4700 859 4738; x_wconf 92' lang='grc'><strong>1.</strong></span> <span class='ocrx_word' id='word_1_470' title='bbox 881 4688 997 4738; x_wconf 83' lang='lat' dir='ltr'><strong>Plinium</strong></span> <span class='ocrx_word' id='word_1_471' title='bbox 1012 4698 1160 4751; x_wconf 82' lang='lat' dir='ltr'><strong>magnatum</strong></span> <span class='ocrx_word' id='word_1_472' title='bbox 1179 4693 1320 4747; x_wconf 81' lang='lat' dir='ltr'><strong>conversio,</strong></span> <span class='ocrx_word' id='word_1_473' title='bbox 1341 4708 1365 4758; x_wconf 77' lang='lat' dir='ltr'><strong>p-</strong></span> <span class='ocrx_word' id='word_1_474' title='bbox 1379 4706 1422 4754; x_wconf 83' lang='lat'><strong>99.</strong></span> <span class='ocrx_word' id='word_1_475' title='bbox 1442 4722 1463 4732; x_wconf 89' lang='lat'><em>-</em></span> <span class='ocrx_word' id='word_1_476' title='bbox 1484 4707 1508 4744; x_wconf 87' lang='lat'><strong>2.</strong></span> <span class='ocrx_word' id='word_1_477' title='bbox 1527 4695 1652 4746; x_wconf 88' lang='lat' dir='ltr'><strong>Publicae</strong></span> <span class='ocrx_word' id='word_1_478' title='bbox 1670 4696 1855 4762; x_wconf 82' lang='lat' dir='ltr'><strong>disputationes</strong></span> 
     </span>
     <span class='ocr_line' id='line_1_42' title="bbox 528 4774 1855 4851; baseline 0.011 -29"><span class='ocrx_word' id='word_1_479' title='bbox 528 4774 560 4822; x_wconf 82' lang='lat' dir='ltr'><strong>tle</strong></span> <span class='ocrx_word' id='word_1_480' title='bbox 579 4775 629 4824; x_wconf 89' lang='lat' dir='ltr'><strong>tide</strong></span> <span class='ocrx_word' id='word_1_481' title='bbox 648 4777 824 4829; x_wconf 88' lang='lat' dir='ltr'><strong>instituuntur.</strong></span> <span class='ocrx_word' id='word_1_482' title='bbox 845 4778 1010 4842; x_wconf 84' lang='lat' dir='ltr'><strong>Imperatoris</strong></span> <span class='ocrx_word' id='word_1_483' title='bbox 1029 4781 1194 4843; x_wconf 84' lang='lat' dir='ltr'><strong>praeconium</strong></span> <span class='ocrx_word' id='word_1_484' title='bbox 1214 4781 1240 4829; x_wconf 88' lang='lat' dir='ltr'><strong>in</strong></span> <span class='ocrx_word' id='word_1_485' title='bbox 1260 4781 1373 4832; x_wconf 81' lang='lat' dir='ltr'><strong>favorem</strong></span> <span class='ocrx_word' id='word_1_486' title='bbox 1392 4783 1500 4833; x_wconf 89' lang='lat' dir='ltr'><strong>duarum</strong></span> <span class='ocrx_word' id='word_1_487' title='bbox 1520 4792 1676 4842; x_wconf 89' lang='lat' dir='ltr'><strong>naturarum.</strong></span> <span class='ocrx_word' id='word_1_488' title='bbox 1696 4802 1719 4851; x_wconf 90' lang='lat' dir='ltr'><strong>p.</strong></span> <span class='ocrx_word' id='word_1_489' title='bbox 1743 4798 1798 4837; x_wconf 90' lang='grc'>100.</span> <span class='ocrx_word' id='word_1_490' title='bbox 1822 4813 1855 4822; x_wconf 92' lang='lat'>-</span> 
     </span>
     <span class='ocr_line' id='line_1_43' title="bbox 529 4864 1853 4939; baseline 0.01 -28"><span class='ocrx_word' id='word_1_491' title='bbox 529 4874 552 4923; x_wconf 82' lang='lat'><strong>3.</strong></span> <span class='ocrx_word' id='word_1_492' title='bbox 572 4864 717 4915; x_wconf 85' lang='lat' dir='ltr'><strong>Secundam</strong></span> <span class='ocrx_word' id='word_1_493' title='bbox 737 4867 902 4930; x_wconf 87' lang='lat' dir='ltr'><strong>praeconium</strong></span> <span class='ocrx_word' id='word_1_494' title='bbox 921 4883 979 4916; x_wconf 88' lang='lat' dir='ltr'><strong>cnm</strong></span> <span class='ocrx_word' id='word_1_495' title='bbox 1005 4883 1110 4916; x_wconf 87' lang='lat' dir='ltr'><strong>assensn</strong></span> <span class='ocrx_word' id='word_1_496' title='bbox 1129 4869 1248 4928; x_wconf 63' lang='lat' dir='ltr'><strong>ithunae,</strong></span> <span class='ocrx_word' id='word_1_497' title='bbox 1267 4886 1292 4935; x_wconf 91' lang='lat' dir='ltr'><strong>p.</strong></span> <span class='ocrx_word' id='word_1_498' title='bbox 1314 4883 1372 4923; x_wconf 90' lang='lat' dir='ltr'><strong>too.</strong></span> <span class='ocrx_word' id='word_1_499' title='bbox 1399 4900 1433 4911; x_wconf 92' lang='grc'><strong>--</strong></span> <span class='ocrx_word' id='word_1_500' title='bbox 1457 4884 1482 4934; x_wconf 83' lang='grc'><strong>4.</strong></span> <span class='ocrx_word' id='word_1_501' title='bbox 1504 4876 1573 4923; x_wconf 85' lang='lat' dir='ltr'><strong>Aeta</strong></span> <span class='ocrx_word' id='word_1_502' title='bbox 1592 4875 1661 4939; x_wconf 87' lang='lat' dir='ltr'><strong>apud</strong></span> <span class='ocrx_word' id='word_1_503' title='bbox 1679 4874 1853 4929; x_wconf 77' lang='lat' dir='ltr'><strong>Achaterium.</strong></span> 
     </span>
     <span class='ocr_line' id='line_1_44' title="bbox 529 4955 1853 5026; baseline 0.008 -26"><span class='ocrx_word' id='word_1_504' title='bbox 529 4969 553 5016; x_wconf 93' lang='lat' dir='ltr'><strong>p.</strong></span> <span class='ocrx_word' id='word_1_505' title='bbox 575 4966 633 5005; x_wconf 87' lang='grc'>101.</span> <span class='ocrx_word' id='word_1_506' title='bbox 653 4982 686 4992; x_wconf 88' lang='grc'><strong>-</strong></span> <span class='ocrx_word' id='word_1_507' title='bbox 707 4965 731 5018; x_wconf 88' lang='lat'><strong>5.</strong></span> <span class='ocrx_word' id='word_1_508' title='bbox 751 4955 861 5004; x_wconf 89' lang='lat' dir='ltr'><strong>Abnnae</strong></span> <span class='ocrx_word' id='word_1_509' title='bbox 880 4964 905 5004; x_wconf 87' lang='lat' dir='ltr'><strong>et</strong></span> <span class='ocrx_word' id='word_1_510' title='bbox 924 4956 1031 5005; x_wconf 87' lang='lat' dir='ltr'><strong>alterins</strong></span> <span class='ocrx_word' id='word_1_511' title='bbox 1049 4956 1172 5007; x_wconf 86' lang='lat' dir='ltr'><strong>haeretici</strong></span> <span class='ocrx_word' id='word_1_512' title='bbox 1193 4958 1374 5017; x_wconf 88' lang='lat' dir='ltr'><strong>inconstantia,</strong></span> <span class='ocrx_word' id='word_1_513' title='bbox 1393 4977 1417 5026; x_wconf 91' lang='lat' dir='ltr'><strong>p.</strong></span> <span class='ocrx_word' id='word_1_514' title='bbox 1441 4974 1498 5011; x_wconf 92' lang='grc'>101.</span> <span class='ocrx_word' id='word_1_515' title='bbox 1521 4992 1546 5000; x_wconf 92' lang='grc'>-</span> <span class='ocrx_word' id='word_1_516' title='bbox 1570 4961 1595 5013; x_wconf 80' lang='grc'><strong>6.</strong></span> <span class='ocrx_word' id='word_1_517' title='bbox 1614 4963 1689 5013; x_wconf 87' lang='lat' dir='ltr'><strong>Seiae</strong></span> <span class='ocrx_word' id='word_1_518' title='bbox 1701 4963 1816 5013; x_wconf 82' lang='lat' dir='ltr'><strong>Christos</strong></span> <span class='ocrx_word' id='word_1_519' title='bbox 1829 4965 1853 5011; x_wconf 91' lang='lat' dir='ltr'><strong>ia</strong></span> 
     </span>
     <span class='ocr_line' id='line_1_45' title="bbox 527 5041 1852 5112; baseline 0.01 -23"><span class='ocrx_word' id='word_1_520' title='bbox 527 5041 684 5106; x_wconf 84' lang='lat' dir='ltr'><strong>disputando</strong></span> <span class='ocrx_word' id='word_1_521' title='bbox 704 5044 809 5092; x_wconf 83' lang='lat' dir='ltr'><strong>solertia</strong></span> <span class='ocrx_word' id='word_1_522' title='bbox 828 5054 853 5092; x_wconf 93' lang='lat' dir='ltr'><strong>ct</strong></span> <span class='ocrx_word' id='word_1_523' title='bbox 872 5044 931 5093; x_wconf 81' lang='lat' dir='ltr'><strong>fidei</strong></span> <span class='ocrx_word' id='word_1_524' title='bbox 950 5048 1106 5105; x_wconf 80' lang='lat' dir='ltr'><strong>constantia.</strong></span> <span class='ocrx_word' id='word_1_525' title='bbox 1124 5062 1150 5112; x_wconf 89' lang='lat' dir='ltr'><strong>p.</strong></span> <span class='ocrx_word' id='word_1_526' title='bbox 1172 5059 1230 5099; x_wconf 85' lang='lat'><strong>102.</strong></span> <span class='ocrx_word' id='word_1_527' title='bbox 1251 5076 1269 5084; x_wconf 45' lang='grc' dir='ltr'>ω</span> <span class='ocrx_word' id='word_1_528' title='bbox 1293 5058 1316 5108; x_wconf 86' lang='lat'><strong>7.</strong></span> <span class='ocrx_word' id='word_1_529' title='bbox 1336 5050 1432 5099; x_wconf 88' lang='lat' dir='ltr'><strong>Variae</strong></span> <span class='ocrx_word' id='word_1_530' title='bbox 1445 5050 1630 5102; x_wconf 87' lang='lat' dir='ltr'><strong>haereticorum</strong></span> <span class='ocrx_word' id='word_1_531' title='bbox 1644 5052 1852 5107; x_wconf 78' lang='lat' dir='ltr'><strong>machinationes,</strong></span> 
     </span>
     <span class='ocr_line' id='line_1_46' title="bbox 528 5131 1851 5205; baseline 0.009 -28"><span class='ocrx_word' id='word_1_532' title='bbox 528 5146 552 5194; x_wconf 90' lang='lat' dir='ltr'><strong>p.</strong></span> <span class='ocrx_word' id='word_1_533' title='bbox 576 5143 632 5182; x_wconf 88' lang='lat'><strong>102.</strong></span> <span class='ocrx_word' id='word_1_534' title='bbox 663 5161 693 5168; x_wconf 90' lang='lat'><strong>—-</strong></span> <span class='ocrx_word' id='word_1_535' title='bbox 724 5131 748 5183; x_wconf 83' lang='lat'><strong>8.</strong></span> <span class='ocrx_word' id='word_1_536' title='bbox 769 5133 901 5182; x_wconf 82' lang='lat' dir='ltr'><strong>Haeretici</strong></span> <span class='ocrx_word' id='word_1_537' title='bbox 922 5135 1096 5200; x_wconf 88' lang='lat' dir='ltr'><strong>antiquiorum</strong></span> <span class='ocrx_word' id='word_1_538' title='bbox 1116 5137 1222 5185; x_wconf 82' lang='lat' dir='ltr'><strong>Petrum</strong></span> <span class='ocrx_word' id='word_1_539' title='bbox 1241 5138 1319 5187; x_wconf 87' lang='lat' dir='ltr'><strong>dictis</strong></span> <span class='ocrx_word' id='word_1_540' title='bbox 1337 5150 1454 5197; x_wconf 86' lang='lat' dir='ltr'><strong>renuunt,</strong></span> <span class='ocrx_word' id='word_1_541' title='bbox 1473 5156 1499 5205; x_wconf 90' lang='lat' dir='ltr'><strong>p.</strong></span> <span class='ocrx_word' id='word_1_542' title='bbox 1521 5151 1579 5202; x_wconf 88' lang='lat'><strong>103.</strong></span> <span class='ocrx_word' id='word_1_543' title='bbox 1603 5169 1637 5180; x_wconf 89' lang='lat'><strong>·-</strong></span> <span class='ocrx_word' id='word_1_544' title='bbox 1663 5154 1688 5204; x_wconf 92' lang='lat'><strong>9.</strong></span> <span class='ocrx_word' id='word_1_545' title='bbox 1708 5143 1798 5191; x_wconf 82' lang='lat' dir='ltr'><strong>Libros</strong></span> <span class='ocrx_word' id='word_1_546' title='bbox 1816 5155 1851 5189; x_wconf 83' lang='lat' dir='ltr'><strong>se·</strong></span> 
     </span>
     <span class='ocr_line' id='line_1_47' title="bbox 527 5221 1036 5289; baseline 0.018 -22"><span class='ocrx_word' id='word_1_547' title='bbox 527 5221 643 5283; x_wconf 89' lang='lat' dir='ltr'><strong>quendos</strong></span> <span class='ocrx_word' id='word_1_548' title='bbox 662 5222 806 5286; x_wconf 88' lang='lat' dir='ltr'><strong>Imperator</strong></span> <span class='ocrx_word' id='word_1_549' title='bbox 824 5224 912 5281; x_wconf 85' lang='lat' dir='ltr'><strong>edicit,</strong></span> <span class='ocrx_word' id='word_1_550' title='bbox 931 5241 956 5289; x_wconf 92' lang='lat' dir='ltr'><strong>p.</strong></span> <span class='ocrx_word' id='word_1_551' title='bbox 980 5236 1036 5287; x_wconf 82' lang='lat'><strong>103.</strong></span> 
     </span>
    </p>
   </div>
   <div class='ocr_carea' id='block_1_7' title="bbox 0 0 2038 6172">
    <p class='ocr_par' dir='ltr' id='par_1_7' title="bbox 0 0 2038 6172">
     <span class='ocr_line' id='line_1_48' title="bbox 0 0 2038 6172; baseline 0 0"><span class='ocrx_word' id='word_1_552' title='bbox 0 0 2038 6172; x_wconf 95' lang='lat' dir='ltr'><strong> </strong></span> 
     </span>
    </p>
   </div>
  </div>
 </body>
</html>
