4066 6174
233 1557 340 1608 Causae
358 1571 425 1606 suae
437 1557 518 1608 lutti-

198 1628 267 1709 tlern
294 1629 371 1678 Deua
398 1628 516 1679 manile·

197 1709 290 1749 stuwi.

230 2598 357 2650 Salutate
393 2601 516 2664 Impera·

195 2670 264 2720 toris
281 2669 444 2722 eonsilium.

227 4340 408 4403 Imperatoria
434 4354 511 4390 exer-

190 4411 264 4460 citus
276 4422 303 4460 ct
314 4412 459 4462 Lutcnsis
468 4412 511 4461 di-

191 4496 256 4546 spar
274 4497 410 4533 numerus
436 4494 464 4532 et
482 4498 511 4532 ι-

190 4554 295 4604 nimus.

547 580 610 657 358
879 587 1152 641 seromonrs
1175 586 1440 640 aarfflomcns
1464 588 1546 640 are.

547 740 684 802 obsides
706 738 892 822 praemisit.
915 739 982 802 Tot
998 750 1104 809 erant,
1120 740 1179 820 qui
1194 739 1260 801 hoc
1283 738 1491 801 translatitio
1506 737 1648 800 humore
1669 737 1876 808 laborabant,

546 865 582 919 ut
604 855 762 918 credatur
778 856 939 918 maiorem
956 856 1129 918 exercitus
1145 865 1275 936 partem
1299 874 1340 917 eo
1357 853 1462 917 fuisse
1477 853 1638 936 contagio
1653 854 1875 935 purulentam.

545 971 684 1034 Illorum
711 973 803 1034 enim
823 972 948 1053 plures,
966 970 1045 1033 licet
1061 989 1120 1033 ore
1136 990 1173 1033 se
1188 969 1377 1033 catholicos
1400 970 1561 1041 dicerent,
1585 969 1754 1031 haeresim
1778 969 1875 1030 corde

546 1085 719 1159 fovebant,
743 1097 778 1152 et
808 1089 843 1150 in
864 1087 930 1149 hoc
954 1097 1089 1168 tempus
1116 1087 1288 1149 conditam
1311 1090 1503 1155 servabant,
1528 1094 1766 1166 praeterquam
1790 1087 1875 1167 quod

544 1204 623 1266 huic
646 1206 740 1286 genti
775 1205 928 1267 innatum
962 1213 996 1266 et
1018 1222 1153 1284 semper
1177 1202 1211 1265 in
1236 1222 1348 1265 mores
1371 1203 1544 1265 inductum
1568 1198 1649 1264 fuit:
1684 1199 1793 1263 Vivat
1821 1203 1875 1284 qui

544 1318 679 1392 *vincit
705 1339 847 1402 cumque
870 1330 1052 1401 tyrannum
1077 1327 1282 1382 crescentem
1309 1328 1495 1391 cernerent,
1518 1326 1554 1381 et
1582 1314 1779 1400 Seguedum
1799 1314 1874 1379 defi·
1898 1321 1964 1380 fulv
2002 1362 2003 1405 3

544 1436 702 1509 cientem,
727 1436 890 1498 orientem
914 1437 1021 1498 solem
1046 1455 1148 1517 quam
1172 1436 1351 1498 cadentem
1374 1435 1487 1497 colere
1510 1434 1693 1497 malebant.

635 1571 663 1630 3.
688 1549 901 1632 Quamquam
925 1553 1048 1614 iustum
1081 1551 1145 1613 hoc
1169 1547 1275 1613 fuisse
1298 1559 1436 1631 putetur
1465 1549 1532 1612 Dei
1563 1551 1597 1612 in
1632 1549 1873 1631 Imperatorem

544 1664 610 1728 lide
634 1666 701 1729 iam
724 1677 966 1749 tepescentem,
996 1675 1031 1728 et
1061 1667 1237 1748 superiora
1266 1666 1448 1747 praeconia
1479 1667 1513 1727 in
1541 1665 1633 1728 illius
1656 1666 1871 1747 opprobrium

543 1907 577 1960 et
601 1897 785 1962 liberorum
809 1898 929 1961 domos
952 1898 1089 1980 publice
1111 1906 1146 1959 et
1169 1898 1306 1979 impune
1339 1896 1559 1969 incestabant,
1589 1898 1662 1978 ipse
1692 1908 1816 1966 tamen,
1839 1906 1872 1958 ut

543 2033 666 2080 causae
689 2033 770 2076 suae
794 2015 956 2077 iustitiam
979 2011 1197 2095 patefaceret,
1220 2021 1258 2075 ut
1280 2013 1444 2096 prodigus
1466 2023 1518 2075 est
1537 2013 1750 2084 clementiae,
1766 2011 1872 2094 Impe

543 2139 688 2192 ratorem
714 2149 780 2191 non
804 2130 922 2191 iudicii
944 2130 1054 2212 virga,
1078 2129 1139 2191 sed
1161 2139 1302 2210 paterna
1326 2148 1427 2192 manu
1449 2129 1569 2210 punire
1593 2130 1788 2200 constituit;
1815 2148 1873 2191 nec

543 2245 710 2317 deserere,
723 2246 783 2308 sed
795 2246 940 2317 erudire,
957 2245 1108 2308 laborem
1124 2244 1220 2307 illum
1238 2245 1433 2326 respiciens,
1446 2264 1545 2326 quem
1563 2244 1637 2326 ipse
1652 2245 1687 2306 in
1702 2242 1770 2306 fide
1781 2245 1870 2326 plan·

543 2362 647 2423 tanda
669 2372 703 2423 et
726 2362 949 2444 propaganda
972 2361 1212 2432 collocaverat,
1235 2362 1410 2440 talemque
1433 2359 1611 2422 victoriam
1639 2360 1767 2443 largiri,
1794 2379 1871 2442 qua·

543 2478 610 2540 lem
627 2496 813 2558 nunquam,
827 2477 948 2540 eodem
965 2487 1063 2549 teste,
1080 2484 1325 2558 reportaverat.
1348 2472 1449 2556 Quod
1464 2475 1530 2538 hoc
1544 2477 1612 2539 ritu
1626 2476 1810 2539 ordinavit.

632 2614 661 2670 4.
687 2592 817 2656 Lumen
840 2595 874 2656 in
900 2594 992 2656 illius
1015 2603 1161 2656 mentem
1187 2593 1319 2665 indidit,
1343 2611 1410 2674 quo
1433 2601 1608 2656 assecutus
1630 2603 1683 2656 est
1706 2593 1829 2655 erroris
1852 2612 1870 2653 a

542 2729 580 2773 se
603 2709 742 2772 admissi
768 2711 802 2772 in
825 2710 1024 2772 deserendis
1047 2709 1213 2771 montium
1237 2706 1386 2792 fastigiis
1406 2706 1676 2781 deformitatem
1702 2708 1871 2789 inquibus

543 2835 578 2888 ut
602 2827 719 2908 plures
741 2827 957 2908 scopulorum
981 2844 1159 2889 mucrones
1182 2826 1392 2905 attollantur,
1417 2845 1485 2887 non
1508 2845 1636 2908 paucae
1659 2826 1871 2907 expatiantur

541 2942 711 3026 planities,
735 2961 897 3024 equorum
922 2941 1140 3014 discursibus,
1164 2961 1304 3023 quorum
1330 2961 1469 3005 numero
1492 2951 1525 3004 et
1542 2940 1750 3023 praestantia
1773 2941 1870 3022 longe

541 3058 780 3130 antecellebat,
829 3058 1102 3140 percommodae‚
1140 3058 1309 3140 simulque
1348 3068 1384 3122 ut
1422 3059 1632 3140 perspiceret
1665 3058 1869 3139 superiorem

541 3174 636 3236 illam
659 3182 754 3237 recta
776 3184 810 3236 et
834 3173 995 3256 expedite
1022 3173 1233 3237 Dancazium
1261 3175 1394 3245 ducere,
1419 3174 1511 3255 quod
1541 3173 1570 3236 si
1597 3182 1764 3255 tyrannus
1787 3174 1868 3235 obti-

540 3300 643 3362 neret,
668 3291 710 3352 de
733 3309 771 3352 se
794 3298 828 3352 et
851 3289 995 3371 imperio
1011 3289 1271 3354 conclamatum.
1289 3289 1412 3353 Robur
1432 3299 1608 3372 praeterea
1632 3290 1815 3371 impressit,
1831 3307 1868 3349 ne

539 3426 616 3469 eum
640 3426 680 3468 eo
705 3409 740 3469 in
763 3408 870 3468 aciem
895 3407 1101 3469 descendere
1124 3416 1306 3469 vereretur.
1339 3404 1438 3487 Quod
1463 3426 1539 3469 cum
1563 3405 1677 3469 animo
1700 3406 1772 3468 alte
1794 3402 1868 3468 defi·

540 3523 658 3593 xisset,
684 3520 838 3585 inferiori
860 3519 1012 3585 Enfrazii
1035 3525 1092 3585 via
1115 3542 1176 3605 per
1198 3521 1395 3585 Dambaeae
1419 3524 1523 3604 plana
1547 3531 1737 3584 retroactus
1759 3531 1795 3584 et
1810 3521 1868 3583 Pa·

538 3637 710 3700 triarcbae
733 3638 834 3700 domo
858 3637 903 3699 ad
918 3637 1085 3701 orientem
1101 3638 1145 3701 ad
1161 3640 1339 3701 dexteram
1356 3647 1391 3701 et
1418 3657 1500 3701 mox
1516 3640 1551 3700 in
1568 3648 1720 3701 austrum
1736 3636 1866 3707 omissa,

539 3754 660 3816 eodem
684 3763 794 3835 portu,
819 3754 906 3815 inter
929 3754 1071 3816 duorum
1096 3755 1262 3816 montium
1285 3755 1502 3817 devexitates
1532 3750 1672 3817 facilem
1695 3772 1866 3817 ascensum

539 3870 734 3951 praebente,
758 3888 824 3951 quc
849 3869 931 3931 olim
949 3867 1086 3932 Granha
1109 3869 1223 3941 subiit,
1248 3888 1324 3932 cum
1348 3889 1467 3932 caesus
1482 3879 1536 3932 est
1555 3868 1767 3932 aLusitanis
1789 3877 1821 3931 et
1835 3869 1866 3929 in

541 3982 623 4046 facti
647 3985 846 4047 memoriam
869 4004 958 4047 nunc
981 3983 1183 4048 Granhaber
1205 3986 1339 4057 dicitur,
1371 3986 1405 4048 in
1430 3987 1576 4049 celsiora
1603 3986 1725 4047 iterum
1753 3985 1864 4055 evasit,

539 4109 573 4162 et
597 4101 746 4162 medium
771 4120 808 4163 se
831 4120 1018 4182 opponens,
1046 4100 1138 4164 hosti
1161 4100 1368 4165 Dancazium
1400 4100 1644 4184 progrediendi
1674 4098 1864 4164 facultatem

539 4214 722 4278 intercidit.

629 4349 658 4409 5.
683 4330 815 4393 Eodem
839 4341 992 4412 tempore
1023 4330 1110 4393 Libd
1141 4342 1274 4395 montes
1304 4342 1470 4414 tyrannus
1500 4341 1738 4415 occupaverat,
1762 4340 1796 4394 et
1816 4351 1864 4394 su·

538 4447 637 4509 blimi
672 4458 774 4528 atque
809 4448 980 4529 aequabili
1011 4445 1235 4530 Oinadeguae
1265 4448 1368 4510 dorso
1403 4447 1612 4511 Dancazium
1646 4449 1802 4530 petebat:
1835 4456 1865 4508 et

539 4582 616 4626 cum
641 4563 738 4625 multi
763 4564 806 4626 ad
830 4583 906 4625 eum
922 4583 968 4625 ex
991 4562 1114 4625 vicinis
1129 4565 1266 4646 oppidis
1288 4565 1400 4627 vicani
1417 4561 1672 4635 conduxissent,
1689 4563 1864 4645 sexaginta

538 4698 625 4761 pene
648 4679 805 4742 cohortes
828 4680 1002 4751 educebat,
1027 4680 1060 4740 in
1084 4680 1209 4761 quibus
1230 4679 1320 4742 ultra
1342 4679 1465 4762 viginti
1488 4679 1637 4760 quinque
1665 4679 1775 4741 millia
1798 4696 1863 4740 cor·

538 4814 658 4878 porum
683 4796 803 4877 magis,
828 4814 929 4876 quam
953 4795 1110 4865 militum,
1127 4792 1199 4857 fere
1214 4795 1393 4857 inermium
1409 4804 1445 4857 et
1466 4796 1770 4858 inexercitatorum
1792 4812 1862 4857 ceu·

537 4912 709 4974 sebantur.
733 4909 865 4991 Quibus
888 4929 951 4991 pro
976 4909 1193 4972 munimentis
1216 4920 1250 4972 et
1280 4910 1358 4973 telis
1381 4920 1452 4973 erat
1477 4909 1621 4993 insignis
1655 4909 1862 4983 confidentia,

537 5028 628 5109 quod
640 5046 686 5089 ex
699 5027 855 5108 repetitis
868 5028 994 5089 nuntiis
1007 5027 1181 5098 rescirent,
1201 5027 1412 5108 imperialem
1429 5027 1618 5090 exercitum
1635 5026 1745 5089 invito
1757 5025 1861 5089 Marte

536 5143 618 5205 illuc
630 5151 849 5224 pertractum,
866 5151 900 5204 et
916 5142 1103 5204 umbratice
1120 5151 1250 5206 tantum
1266 5152 1494 5226 pugnaturum
1510 5153 1555 5215 et,
1571 5143 1601 5204 si
1615 5162 1704 5225 quae
1722 5141 1860 5205 fenestra
