4066 6184
611 575 728 636 LIBER
752 579 791 647 ΙΙ,
815 579 942 638 CAPUTv
962 578 1058 640 xvn,
1432 576 1493 658 283

153 732 334 799 conditam
356 743 392 798 et
414 733 489 797 Deo
513 730 667 798 favorem
683 755 781 800 suum
803 737 1010 821 porrigente,
1034 738 1069 801 in
1084 756 1126 802 ea
1141 738 1225 802 mihi
1248 740 1434 804 vivendum
1460 751 1493 805 et

153 867 355 932 supremum
379 849 473 918 diem
494 852 754 915 terminandum.

250 987 305 1047 13.¹
327 965 424 1029 Nihil
447 967 490 1030 de
513 967 732 1032 observantia
753 988 837 1054 erga
859 968 1104 1046 Patriarcham,
1127 973 1251 1054 quovis
1270 972 1420 1036 secundo
1435 981 1494 1036 aut
1556 978 1843 1042 lmpentornthllue

154 1084 259 1146 tertio
282 1081 340 1146 die
363 1084 406 1146 ad
433 1103 470 1147 se
485 1086 639 1159 itantem,
655 1105 717 1148 nec
741 1085 776 1148 in
791 1094 907 1173 patres
922 1087 965 1150 de
980 1087 1082 1151 solita
1096 1087 1337 1152 benevolentia
1352 1090 1495 1161 remisit,
1520 1050 1716 1172 ffffiffl
1738 1065 1773 1172 ,ξ
1781 1064 1842 1186 ¹9³:

156 1197 281 1261 obvias
303 1219 440 1282 semper
461 1202 617 1284 pandens
639 1221 749 1276 aures,
766 1211 801 1266 et
820 1200 921 1277 fores,
948 1203 1053 1267 etiam
1075 1224 1154 1268 cum
1177 1207 1323 1268 coeteris
1356 1205 1494 1268 claude·
1520 1202 1577 1242 “⁰⁸
1596 1192 1713 1244 ΜΨ·

156 1315 295 1395 bantiu,
317 1315 398 1381 Fuit
419 1317 479 1400 qui
502 1318 642 1392 diceret,
665 1320 701 1381 in
715 1317 907 1402 Aethiopia
920 1319 1165 1403 Imperatorem
1182 1340 1250 1384 non
1265 1340 1341 1385 esse
1364 1319 1494 1384 aethio·

158 1433 275 1514 picum
306 1433 369 1496 sed
399 1452 590 1514 romanum.v
622 1431 693 1499 Sed
715 1454 832 1499 carum
861 1436 1046 1501 blateranti
1073 1437 1252 1501 dicterium
1278 1438 1397 1500 evasit.
1423 1435 1494 1498 Ex·

158 1550 480 1616 communicationis
502 1571 699 1616 mucronem
723 1554 757 1616 in
781 1553 963 1636 quemdam
980 1553 1150 1637 Principis
1165 1553 1310 1617 militem
1321 1553 1372 1616 ob
1386 1552 1494 1615 eccle·

158 1663 230 1729 siae
253 1662 378 1731 fundos
408 1668 549 1733 iniuste.
563 1678 746 1753 occupatos
777 1668 976 1734 Patriarcha
1006 1669 1193 1735 distrinxit.
1223 1668 1350 1734 Filium
1377 1669 1493 1733 statim

160 1781 292 1847 monuit
303 1783 502 1867 Imperator,
518 1795 556 1850 ut
571 1806 649 1850 eum
665 1786 849 1865 hominem,
863 1785 1040 1850 Ecclesiae
1055 1797 1090 1851 et
1102 1785 1321 1851 Patriarchae
1332 1784 1496 1850 refracta·

158 1896 259 1973 rium,
284 1900 387 1964 domo
418 1903 618 1967 exturbaret
641 1913 677 1967 et
706 1903 848 1968 militari
879 1923 1014 1967 annona
1043 1905 1204 1986 privaret.
1235 1901 1332 1986 Quae
1366 1903 1495 1965 duritas

159 2015 307 2079 militem
330 2017 500 2100 ocyssime
523 2018 692 2083 emollivit
715 2029 749 2084 et
771 2019 948 2086 Ecclesiae
978 2021 1128 2086 reddidit
1150 2023 1404 2103 obsequentem.
1430 2017 1495 2080 Die

159 2131 334 2196 dominica
355 2143 434 2217 post
456 2133 678 2200 Patriarchae
701 2138 899 2202 concionem
923 2137 1134 2221 imperatore
1157 2137 1327 2209 audiente,
1354 2135 1493 2217 quidam

159 2267 207 2312 ex
230 2248 387 2331 dynastis
410 2249 517 2314 dixit:
541 2249 672 2335 Magno
694 2271 731 2316 se
750 2251 880 2316 scelere
899 2254 1080 2327 devinciet,
1095 2254 1155 2337 qui
1168 2252 1233 2316 hos
1248 2249 1494 2336 (Patriarcham

159 2373 196 2428 et
217 2375 332 2448 patres
355 2365 562 2453 intelligens)
579 2367 655 2431 neci
670 2369 863 2433 devovebit.
880 2369 979 2433 Hos?
1003 2369 1075 2455 (ille
1098 2368 1157 2449 ait)
1181 2370 1239 2452 qui
1259 2387 1317 2432 eos
1331 2366 1493 2450 tetigerit,

159 2480 246 2545 mihi
268 2484 362 2565 prius
384 2503 523 2547 manum
545 2493 600 2549 est
620 2484 785 2550 illaturus.

255 2619 304 2678 14.
320 2597 493 2683 Quiddam
515 2619 577 2683 per
599 2621 659 2665 eos
674 2602 747 2666 dies
769 2601 903 2676 accidit,
919 2603 1012 2686 quod
1027 2602 1200 2686 aliquibus
1215 2602 1325 2666 visum
1341 2611 1394 2664 est
1409 2601 1494 2664 ludi·
1556 2611 1686 2660 locorum
1710 2606 1842 2658 nuntium

159 2734 267 2791 crum,
284 2717 344 2779 sed
355 2717 454 2781 seriis
465 2715 649 2799 pestiferae
661 2719 831 2801 nequitiae
842 2728 1075 2802 suppuratum.
1088 2718 1231 2802 Ignotus
1243 2715 1379 2781 infimae
1394 2717 1496 2779 sortis
1520 2694 1674 2805 ffiffm
1699 2677 1842 2743 nequitiae

159 2830 278 2907 homo,
301 2833 346 2896 ab
368 2832 484 2915 aliquo
507 2833 681 2898 haeretico
704 2833 753 2920 (ut
768 2836 849 2899 licet
865 2833 1046 2920 ooniicere)
1069 2836 1280 2907 subornatus,
1298 2833 1332 2896 in
1348 2841 1446 2915 septa
1462 2842 1496 2895 et

160 2946 296 3011 *aulam
319 2947 540 3031 Imperatoris
563 2949 694 3033 irrupit,
719 2952 853 3035 magnis
876 2950 1083 3014 clamoribus
1098 2952 1283 3023 obtestans,
1299 2959 1336 3013 ut
1351 2950 1387 3011 in
1403 2948 1497 3010 illius

161 3064 373 3129 auditionem
396 3065 639 3140 admitteretur,
665 3086 810 3151 magnae
837 3087 874 3131 se
897 3065 999 3130 molis
1029 3066 1183 3130 nuntium
1207 3087 1227 3128 a
1251 3065 1326 3129 Deo
1353 3072 1388 3126 et
1419 3082 1495 3126 san·

160 3181 316 3244 ctissime
345 3182 451 3265 ipsius
481 3180 654 3247 Genitrice
686 3197 878 3266 apportare.
902 3182 1031 3246 Dolum
1063 3182 1202 3245 subesse
1233 3180 1424 3263 Imperator
1447 3178 1496 3240 in·

160 3295 335 3379 telligens,
360 3298 458 3363 iussit
480 3298 654 3363 hominem
678 3299 757 3363 aula
780 3299 930 3372 excludi,
954 3298 1093 3381 etquid
1115 3296 1222 3361 vellet
1248 3317 1269 3359 a
1283 3295 1497 3359 senatoribus

161 3410 288 3495 rogari.
314 3411 527 3496 Respondit:
555 3412 650 3479 Ante
673 3424 744 3479 tres
775 3416 850 3480 dies
880 3416 915 3478 in
938 3416 1046 3478 vitam
1069 3414 1166 3486 redii,
1191 3432 1268 3476 cum
1299 3420 1440 3475 eatenus
1462 3411 1496 3472 in

162 3528 325 3610 paradiso
348 3531 634 3614 conquiescerem.
658 3531 742 3595 Inde
766 3551 821 3595 me
844 3530 940 3595 Deus
963 3530 995 3594 in
1021 3531 1185 3595 mundum
1211 3548 1288 3592 cum
1318 3527 1373 3590 his
1403 3546 1496 3589 man·

162 3643 255 3708 datis
281 3646 405 3710 emisit.
430 3644 537 3721 Audi,
561 3647 769 3731 Imperator:
794 3669 815 3711 a
838 3647 955 3712 multis
978 3648 1077 3710 annis
1100 3647 1165 3710 tibi
1187 3646 1355 3709 conniveo
1381 3651 1416 3705 et
1446 3643 1497 3705 vi·

162 3769 235 3824 tam
259 3779 410 3846 prorogo
432 3771 469 3827 ut
499 3756 693 3828 inconsulto
725 3763 852 3829 factum
883 3773 1046 3828 retractes
1069 3771 1103 3827 et
1133 3762 1261 3826 avitam
1283 3758 1386 3823 fidem
1413 3778 1434 3821 a
1463 3767 1497 3821 te

163 3876 363 3941 damnatam
389 3880 550 3944 restituas
573 3889 608 3944 et
631 3900 807 3945 romanam
838 3881 883 3944 ab
913 3880 1048 3964 imperii
1078 3876 1204 3945 finibus
1234 3876 1400 3959 expellas
1431 3872 1498 3937 Per

162 4002 274 4058 totum
298 3994 364 4059 hoc
386 4004 522 4079 tempus
545 3995 751 4062 Beatissima
774 3996 896 4081 Virgo,
920 3995 987 4060 Dei
1003 3995 1165 4081 genitrix,
1178 3992 1280 4058 flexis
1295 4001 1374 4057 ante
1389 3989 1497 4054 filium

162 4128 263 4174 suum
286 4112 562 4193 potentissimum
585 4122 619 4176 et
642 4113 868 4177 clarissimum
891 4113 1038 4197 genibus
1059 4111 1231 4195 perdurat,
1255 4107 1396 4174 summis
1422 4125 1497 4190 pre·

163 4225 262 4290 cibus
296 4227 490 4302 obsecrem,
513 4238 550 4293 ut
572 4228 637 4293 tibi
660 4231 816 4313 ignoscat
838 4237 873 4292 et
896 4246 1032 4292 cereum
1055 4246 1115 4291 cor
1137 4226 1310 4310 praebeat.
1336 4224 1390 4288 Ne
1412 4243 1497 4306 pun·

162 4349 256 4406 ctum
279 4341 385 4427 igitur
413 4346 566 4417 moreris,
597 4346 659 4408 sed
690 4344 758 4410 Dei
788 4346 880 4410 iussa
912 4354 1091 4409 maturato,
1122 4340 1161 4407 Si
1192 4343 1282 4406 enIm
1313 4341 1496 4423 quidquam

163 4458 392 4524 cunctationis
414 4461 623 4543 interponas,
647 4461 736 4526 scias
758 4472 793 4526 te
816 4482 836 4525 a
857 4461 933 4525 Deo
948 4469 1028 4524 ante
1044 4460 1129 4524 duas
1147 4458 1380 4523 hebdomadas
1394 4475 1497 4539 quam

162 4576 370 4658 gravissime
392 4577 622 4659 plectendum.
649 4575 782 4641 Audito
811 4596 873 4660 per
902 4579 1016 4640 iocum
1046 4587 1080 4639 et
1111 4575 1337 4639 deridiculum
1368 4572 1497 4644 nuntio,

163 4709 280 4755 rursus
302 4693 420 4773 quaeri
455 4694 629 4776 praecepit
660 4692 857 4776 Imperator,
888 4693 1013 4775 quibus
1043 4691 1301 4755 medicamentis
1324 4711 1344 4753 a
1366 4690 1497 4753 tumulo

163 4817 244 4871 ante
266 4806 417 4871 triduum
441 4807 622 4883 excitatus,
650 4818 684 4872 et
713 4811 757 4872 ab
786 4809 981 4872 umbrarum
1013 4808 1184 4872 consortio
1214 4825 1399 4891 regressus,
1430 4823 1496 4867 non

164 4944 263 4989 ossea
286 4933 378 4989 esset
399 4922 520 5000 forma,
543 4925 604 4989 sed
627 4945 769 5008 corpore
788 4927 876 4989 bene
899 4933 1017 4989 curato
1038 4933 1072 4988 et
1087 4926 1294 4989 succulento.
1311 4922 1406 4986 Tunc
1422 4920 1496 4984 ille:

164 5040 205 5103 In
227 5042 390 5125 paradiso
413 5041 541 5126 (forsan
574 5039 814 5123 MahometIco)
838 5043 1010 5116 versabar,
1034 5041 1093 5105 ubi
1120 5041 1207 5104 nihil
1230 5040 1497 5111 desiderabatur,

165 5175 228 5220 nec
252 5155 443 5239 placentae,
468 5178 531 5222 nec
553 5158 682 5233 vinum,
705 5177 768 5221 nec
792 5177 889 5231 uvae,
913 5179 976 5222 nec
992 5159 1083 5223 mala
1098 5159 1241 5240 persica,
1258 5176 1321 5218 nec
1337 5155 1496 5227 crustula,
