<?xml version="1.0" encoding="UTF-8"?>
<!DOCTYPE html PUBLIC "-//W3C//DTD XHTML 1.0 Transitional//EN"
    "http://www.w3.org/TR/xhtml1/DTD/xhtml1-transitional.dtd">
<html xmlns="http://www.w3.org/1999/xhtml" xml:lang="en" lang="en">
 <head>
  <title>
</title>
<meta http-equiv="Content-Type" content="text/html;charset=utf-8" />
  <meta name='ocr-system' content='tesseract 3.04.00' />
  <meta name='ocr-capabilities' content='ocr_page ocr_carea ocr_par ocr_line ocrx_word'/>
</head>
<body>
  <div class='ocr_page' id='page_1' title='image "./rerumaethiopica00beccgoog_0260.png"; bbox 0 0 4058 6178; ppageno 0'>
   <div class='ocr_carea' id='block_1_1' title="bbox 636 627 1491 692">
    <p class='ocr_par' dir='ltr' id='par_1_1' title="bbox 636 627 1491 692">
     <span class='ocr_line' id='line_1_1' title="bbox 636 627 1491 692; baseline -0.001 -15"><span class='ocrx_word' id='word_1_1' title='bbox 636 627 754 679; x_wconf 74' lang='lat' dir='ltr'>trusa</span> <span class='ocrx_word' id='word_1_2' title='bbox 777 628 816 687; x_wconf 90' lang='lat'>11,</span> <span class='ocrx_word' id='word_1_3' title='bbox 844 627 969 678; x_wconf 75' lang='lat' dir='ltr'>cneus</span> <span class='ocrx_word' id='word_1_4' title='bbox 992 627 1029 679; x_wconf 86' lang='lat' dir='ltr'>v.</span> <span class='ocrx_word' id='word_1_5' title='bbox 1434 632 1491 692; x_wconf 81' lang='lat'>191</span> 
     </span>
    </p>
   </div>
   <div class='ocr_carea' id='block_1_2' title="bbox 157 772 1500 2361">
    <p class='ocr_par' dir='ltr' id='par_1_2' title="bbox 157 772 1499 1995">
     <span class='ocr_line' id='line_1_2' title="bbox 157 772 1497 858; baseline -0.001 -19"><span class='ocrx_word' id='word_1_6' title='bbox 157 794 236 839; x_wconf 87' lang='lat' dir='ltr'>cum</span> <span class='ocrx_word' id='word_1_7' title='bbox 271 773 477 843; x_wconf 86' lang='lat' dir='ltr'>Patriarcha</span> <span class='ocrx_word' id='word_1_8' title='bbox 510 772 766 857; x_wconf 78' lang='lat' dir='ltr'>ponnficatibus</span> <span class='ocrx_word' id='word_1_9' title='bbox 803 785 935 847; x_wconf 83' lang='lat' dir='ltr'>ornato,</span> <span class='ocrx_word' id='word_1_10' title='bbox 967 785 1004 839; x_wconf 90' lang='lat' dir='ltr'>et</span> <span class='ocrx_word' id='word_1_11' title='bbox 1042 786 1241 858; x_wconf 83' lang='lat' dir='ltr'>argenteam</span> <span class='ocrx_word' id='word_1_12' title='bbox 1276 774 1497 856; x_wconf 82' lang='lat' dir='ltr'>reliquiarum</span> 
     </span>
     <span class='ocr_line' id='line_1_3' title="bbox 158 890 1496 975; baseline -0.001 -21"><span class='ocrx_word' id='word_1_13' title='bbox 158 890 297 955; x_wconf 77' lang='lat' dir='ltr'>thecam</span> <span class='ocrx_word' id='word_1_14' title='bbox 318 898 489 974; x_wconf 75' lang='lat' dir='ltr'>gestante,</span> <span class='ocrx_word' id='word_1_15' title='bbox 511 891 577 957; x_wconf 85' lang='lat' dir='ltr'>suh</span> <span class='ocrx_word' id='word_1_16' title='bbox 600 891 798 957; x_wconf 86' lang='lat' dir='ltr'>umbraculo</span> <span class='ocrx_word' id='word_1_17' title='bbox 821 891 866 955; x_wconf 88' lang='lat' dir='ltr'>ab</span> <span class='ocrx_word' id='word_1_18' title='bbox 886 891 1023 973; x_wconf 85' lang='lat' dir='ltr'>imperii</span> <span class='ocrx_word' id='word_1_19' title='bbox 1052 891 1270 975; x_wconf 80' lang='lat' dir='ltr'>magnatibus</span> <span class='ocrx_word' id='word_1_20' title='bbox 1295 900 1496 963; x_wconf 81' lang='lat' dir='ltr'>sustentato,</span> 
     </span>
     <span class='ocr_line' id='line_1_4' title="bbox 161 1005 1497 1077; baseline -0.001 -9"><span class='ocrx_word' id='word_1_21' title='bbox 161 1006 258 1069; x_wconf 85' lang='lat' dir='ltr'>illam</span> <span class='ocrx_word' id='word_1_22' title='bbox 283 1007 319 1069; x_wconf 90' lang='lat' dir='ltr'>in</span> <span class='ocrx_word' id='word_1_23' title='bbox 342 1026 469 1069; x_wconf 83' lang='lat' dir='ltr'>novum</span> <span class='ocrx_word' id='word_1_24' title='bbox 493 1006 656 1073; x_wconf 85' lang='lat' dir='ltr'>sacellum</span> <span class='ocrx_word' id='word_1_25' title='bbox 682 1008 828 1075; x_wconf 81' lang='lat' dir='ltr'>invexit.</span> <span class='ocrx_word' id='word_1_26' title='bbox 864 1005 930 1070; x_wconf 89' lang='lat' dir='ltr'>Ubi</span> <span class='ocrx_word' id='word_1_27' title='bbox 954 1025 975 1069; x_wconf 91' lang='lat' dir='ltr'>a</span> <span class='ocrx_word' id='word_1_28' title='bbox 998 1006 1197 1077; x_wconf 88' lang='lat' dir='ltr'>Patriaroha</span> <span class='ocrx_word' id='word_1_29' title='bbox 1225 1008 1301 1070; x_wconf 88' lang='lat' dir='ltr'>sine</span> <span class='ocrx_word' id='word_1_30' title='bbox 1330 1017 1433 1073; x_wconf 83' lang='lat' dir='ltr'>cantu</span> <span class='ocrx_word' id='word_1_31' title='bbox 1455 1006 1497 1068; x_wconf 92' lang='lat' dir='ltr'>li·</span> 
     </span>
     <span class='ocr_line' id='line_1_5' title="bbox 163 1121 1497 1205; baseline -0.001 -22"><span class='ocrx_word' id='word_1_32' title='bbox 163 1131 284 1192; x_wconf 90' lang='lat' dir='ltr'>tatum,</span> <span class='ocrx_word' id='word_1_33' title='bbox 308 1131 346 1185; x_wconf 93' lang='lat' dir='ltr'>ut</span> <span class='ocrx_word' id='word_1_34' title='bbox 369 1131 505 1204; x_wconf 90' lang='lat' dir='ltr'>tempus</span> <span class='ocrx_word' id='word_1_35' title='bbox 527 1132 723 1205; x_wconf 86' lang='lat' dir='ltr'>suppeteret</span> <span class='ocrx_word' id='word_1_36' title='bbox 747 1123 891 1189; x_wconf 71' lang='lat' dir='ltr'>mamati</span> <span class='ocrx_word' id='word_1_37' title='bbox 914 1131 1035 1205; x_wconf 85' lang='lat' dir='ltr'>postea</span> <span class='ocrx_word' id='word_1_38' title='bbox 1055 1121 1253 1189; x_wconf 77' lang='lat' dir='ltr'>exhibendo</span> <span class='ocrx_word' id='word_1_39' title='bbox 1275 1132 1311 1185; x_wconf 89' lang='lat' dir='ltr'>et</span> <span class='ocrx_word' id='word_1_40' title='bbox 1339 1122 1497 1187; x_wconf 88' lang='lat' dir='ltr'>concioni</span> 
     </span>
     <span class='ocr_line' id='line_1_6' title="bbox 162 1236 1499 1322; baseline 0.001 -24"><span class='ocrx_word' id='word_1_41' title='bbox 162 1239 208 1299; x_wconf 87' lang='lat' dir='ltr'>ab</span> <span class='ocrx_word' id='word_1_42' title='bbox 231 1237 355 1300; x_wconf 87' lang='lat' dir='ltr'>eodem</span> <span class='ocrx_word' id='word_1_43' title='bbox 378 1239 557 1310; x_wconf 81' lang='lat' dir='ltr'>texendae,</span> <span class='ocrx_word' id='word_1_44' title='bbox 581 1238 625 1300; x_wconf 91' lang='lat' dir='ltr'>de</span> <span class='ocrx_word' id='word_1_45' title='bbox 647 1236 764 1305; x_wconf 75' lang='lat' dir='ltr'>Arcas</span> <span class='ocrx_word' id='word_1_46' title='bbox 786 1238 983 1307; x_wconf 78' lang='lat' dir='ltr'>testamenti</span> <span class='ocrx_word' id='word_1_47' title='bbox 1006 1236 1105 1322; x_wconf 80' lang='lat' dir='ltr'>(quae</span> <span class='ocrx_word' id='word_1_48' title='bbox 1129 1237 1220 1319; x_wconf 90' lang='lat' dir='ltr'>apud</span> <span class='ocrx_word' id='word_1_49' title='bbox 1242 1256 1314 1309; x_wconf 91' lang='lat' dir='ltr'>eos,</span> <span class='ocrx_word' id='word_1_50' title='bbox 1326 1248 1363 1299; x_wconf 90' lang='lat' dir='ltr'>ut</span> <span class='ocrx_word' id='word_1_51' title='bbox 1386 1246 1420 1300; x_wconf 87' lang='lat' dir='ltr'>ct</span> <span class='ocrx_word' id='word_1_52' title='bbox 1440 1256 1499 1300; x_wconf 90' lang='lat' dir='ltr'>ara</span> 
     </span>
     <span class='ocr_line' id='line_1_7' title="bbox 163 1350 1498 1435; baseline 0 -20"><span class='ocrx_word' id='word_1_53' title='bbox 163 1351 347 1435; x_wconf 84' lang='lat' dir='ltr'>portatilis,</span> <span class='ocrx_word' id='word_1_54' title='bbox 370 1353 483 1419; x_wconf 88' lang='lat' dir='ltr'>Tabot</span> <span class='ocrx_word' id='word_1_55' title='bbox 507 1353 641 1435; x_wconf 85' lang='lat' dir='ltr'>dicitur)</span> <span class='ocrx_word' id='word_1_56' title='bbox 664 1373 686 1419; x_wconf 89' lang='lat' dir='ltr'>a</span> <span class='ocrx_word' id='word_1_57' title='bbox 708 1353 844 1417; x_wconf 88' lang='lat' dir='ltr'>Davide</span> <span class='ocrx_word' id='word_1_58' title='bbox 867 1353 901 1416; x_wconf 87' lang='lat' dir='ltr'>iu</span> <span class='ocrx_word' id='word_1_59' title='bbox 923 1364 1075 1419; x_wconf 88' lang='lat' dir='ltr'>montem</span> <span class='ocrx_word' id='word_1_60' title='bbox 1098 1350 1182 1417; x_wconf 86' lang='lat' dir='ltr'>Sion</span> <span class='ocrx_word' id='word_1_61' title='bbox 1205 1372 1368 1435; x_wconf 76' lang='lat' dir='ltr'>suasique</span> <span class='ocrx_word' id='word_1_62' title='bbox 1387 1354 1422 1416; x_wconf 89' lang='lat' dir='ltr'>in</span> <span class='ocrx_word' id='word_1_63' title='bbox 1438 1354 1498 1416; x_wconf 88' lang='lat' dir='ltr'>do·</span> 
     </span>
     <span class='ocr_line' id='line_1_8' title="bbox 166 1467 1497 1551; baseline 0.001 -21"><span class='ocrx_word' id='word_1_64' title='bbox 166 1487 259 1531; x_wconf 89' lang='lat' dir='ltr'>mum</span> <span class='ocrx_word' id='word_1_65' title='bbox 274 1467 538 1541; x_wconf 81' lang='lat' dir='ltr'>transvectione,</span> <span class='ocrx_word' id='word_1_66' title='bbox 555 1468 687 1539; x_wconf 73' lang='lat' dir='ltr'>cuneus</span> <span class='ocrx_word' id='word_1_67' title='bbox 701 1470 983 1551; x_wconf 78' lang='lat' dir='ltr'>peraccnmmode</span> <span class='ocrx_word' id='word_1_68' title='bbox 998 1470 1174 1535; x_wconf 72' lang='lat' dir='ltr'>translatis</span> <span class='ocrx_word' id='word_1_69' title='bbox 1189 1468 1233 1535; x_wconf 88' lang='lat' dir='ltr'>ad</span> <span class='ocrx_word' id='word_1_70' title='bbox 1252 1468 1497 1550; x_wconf 79' lang='lat' dir='ltr'>Imperatorem</span> 
     </span>
     <span class='ocr_line' id='line_1_9' title="bbox 165 1581 1499 1667; baseline 0 -22"><span class='ocrx_word' id='word_1_71' title='bbox 165 1582 313 1647; x_wconf 84' lang='lat' dir='ltr'>Davidis</span> <span class='ocrx_word' id='word_1_72' title='bbox 337 1594 496 1666; x_wconf 87' lang='lat' dir='ltr'>nepotem</span> <span class='ocrx_word' id='word_1_73' title='bbox 521 1594 555 1648; x_wconf 91' lang='lat' dir='ltr'>et</span> <span class='ocrx_word' id='word_1_74' title='bbox 574 1584 745 1667; x_wconf 86' lang='lat' dir='ltr'>templum</span> <span class='ocrx_word' id='word_1_75' title='bbox 768 1585 812 1648; x_wconf 87' lang='lat' dir='ltr'>ab</span> <span class='ocrx_word' id='word_1_76' title='bbox 835 1586 954 1649; x_wconf 88' lang='lat' dir='ltr'>eodem</span> <span class='ocrx_word' id='word_1_77' title='bbox 979 1586 1073 1648; x_wconf 90' lang='lat' dir='ltr'>dorni</span> <span class='ocrx_word' id='word_1_78' title='bbox 1096 1604 1177 1651; x_wconf 80' lang='lat' dir='ltr'>suae</span> <span class='ocrx_word' id='word_1_79' title='bbox 1193 1581 1419 1653; x_wconf 84' lang='lat' dir='ltr'>aedificatum,</span> <span class='ocrx_word' id='word_1_80' title='bbox 1436 1603 1499 1646; x_wconf 87' lang='lat' dir='ltr'>nec</span> 
     </span>
     <span class='ocr_line' id='line_1_10' title="bbox 165 1698 1499 1783; baseline 0 -22"><span class='ocrx_word' id='word_1_81' title='bbox 165 1718 232 1762; x_wconf 92' lang='lat' dir='ltr'>non</span> <span class='ocrx_word' id='word_1_82' title='bbox 257 1699 301 1762; x_wconf 91' lang='lat' dir='ltr'>ad</span> <span class='ocrx_word' id='word_1_83' title='bbox 324 1698 565 1763; x_wconf 88' lang='lat' dir='ltr'>Beatissimam</span> <span class='ocrx_word' id='word_1_84' title='bbox 590 1698 768 1782; x_wconf 80' lang='lat' dir='ltr'>Virginem</span> <span class='ocrx_word' id='word_1_85' title='bbox 793 1711 1012 1782; x_wconf 85' lang='lat' dir='ltr'>assumptam,</span> <span class='ocrx_word' id='word_1_86' title='bbox 1036 1721 1057 1763; x_wconf 93' lang='lat' dir='ltr'>a</span> <span class='ocrx_word' id='word_1_87' title='bbox 1079 1700 1234 1783; x_wconf 89' lang='lat' dir='ltr'>patribus</span> <span class='ocrx_word' id='word_1_88' title='bbox 1252 1700 1437 1762; x_wconf 78' lang='lat' dir='ltr'>animatam</span> <span class='ocrx_word' id='word_1_89' title='bbox 1453 1709 1499 1761; x_wconf 91' lang='lat' dir='ltr'>te·</span> 
     </span>
     <span class='ocr_line' id='line_1_11' title="bbox 163 1813 1497 1898; baseline -0.001 -20"><span class='ocrx_word' id='word_1_90' title='bbox 163 1816 328 1878; x_wconf 78' lang='lat' dir='ltr'>statuenti</span> <span class='ocrx_word' id='word_1_91' title='bbox 351 1834 466 1881; x_wconf 88' lang='lat' dir='ltr'>arcam</span> <span class='ocrx_word' id='word_1_92' title='bbox 489 1815 709 1898; x_wconf 82' lang='lat' dir='ltr'>appellatam,</span> <span class='ocrx_word' id='word_1_93' title='bbox 733 1814 788 1879; x_wconf 91' lang='lat' dir='ltr'>cui</span> <span class='ocrx_word' id='word_1_94' title='bbox 811 1815 897 1879; x_wconf 88' lang='lat' dir='ltr'>illud</span> <span class='ocrx_word' id='word_1_95' title='bbox 920 1817 1081 1879; x_wconf 87' lang='lat' dir='ltr'>dicatum.</span> <span class='ocrx_word' id='word_1_96' title='bbox 1106 1813 1207 1897; x_wconf 82' lang='lat' dir='ltr'>Quod</span> <span class='ocrx_word' id='word_1_97' title='bbox 1230 1815 1375 1879; x_wconf 84' lang='lat' dir='ltr'>dramati</span> <span class='ocrx_word' id='word_1_98' title='bbox 1394 1814 1497 1877; x_wconf 89' lang='lat' dir='ltr'>etiam</span> 
     </span>
     <span class='ocr_line' id='line_1_12' title="bbox 164 1929 521 1995; baseline 0 -3"><span class='ocrx_word' id='word_1_99' title='bbox 164 1929 345 1993; x_wconf 85' lang='lat' dir='ltr'>materiam</span> <span class='ocrx_word' id='word_1_100' title='bbox 367 1929 521 1995; x_wconf 88' lang='lat' dir='ltr'>subiecit.</span> 
     </span>
    </p>

    <p class='ocr_par' dir='ltr' id='par_1_3' title="bbox 164 2045 1500 2361">
     <span class='ocr_line' id='line_1_13' title="bbox 255 2045 1498 2131; baseline -0.002 -22"><span class='ocrx_word' id='word_1_101' title='bbox 255 2064 285 2125; x_wconf 82' lang='lat'>5.</span> <span class='ocrx_word' id='word_1_102' title='bbox 310 2045 391 2109; x_wconf 87' lang='lat' dir='ltr'>Fuit</span> <span class='ocrx_word' id='word_1_103' title='bbox 414 2056 528 2111; x_wconf 87' lang='lat' dir='ltr'>autem</span> <span class='ocrx_word' id='word_1_104' title='bbox 551 2046 639 2113; x_wconf 85' lang='lat' dir='ltr'>illud</span> <span class='ocrx_word' id='word_1_105' title='bbox 661 2049 803 2119; x_wconf 88' lang='lat' dir='ltr'>varium,</span> <span class='ocrx_word' id='word_1_106' title='bbox 825 2065 943 2131; x_wconf 54' lang='lat' dir='ltr'>mave,</span> <span class='ocrx_word' id='word_1_107' title='bbox 968 2065 1031 2110; x_wconf 90' lang='lat' dir='ltr'>nec</span> <span class='ocrx_word' id='word_1_108' title='bbox 1059 2048 1164 2110; x_wconf 89' lang='lat' dir='ltr'>nimia</span> <span class='ocrx_word' id='word_1_109' title='bbox 1190 2047 1403 2128; x_wconf 88' lang='lat' dir='ltr'>longitudine</span> <span class='ocrx_word' id='word_1_110' title='bbox 1427 2064 1498 2107; x_wconf 88' lang='lat' dir='ltr'>mo·</span> 
     </span>
     <span class='ocr_line' id='line_1_14' title="bbox 164 2160 1499 2246; baseline -0.001 -23"><span class='ocrx_word' id='word_1_111' title='bbox 164 2179 289 2225; x_wconf 85' lang='lat' dir='ltr'>rosum.</span> <span class='ocrx_word' id='word_1_112' title='bbox 313 2161 499 2246; x_wconf 89' lang='lat' dir='ltr'>Prologum</span> <span class='ocrx_word' id='word_1_113' title='bbox 524 2162 596 2246; x_wconf 90' lang='lat' dir='ltr'>egit</span> <span class='ocrx_word' id='word_1_114' title='bbox 619 2160 809 2245; x_wconf 85' lang='lat' dir='ltr'>Aethiopia</span> <span class='ocrx_word' id='word_1_115' title='bbox 823 2183 910 2229; x_wconf 68' lang='lat' dir='ltr'>,suas</span> <span class='ocrx_word' id='word_1_116' title='bbox 935 2162 1134 2246; x_wconf 76' lang='lat' dir='ltr'>impraesens</span> <span class='ocrx_word' id='word_1_117' title='bbox 1150 2161 1334 2227; x_wconf 69' lang='lat' dir='ltr'>felicitates</span> <span class='ocrx_word' id='word_1_118' title='bbox 1349 2162 1385 2224; x_wconf 90' lang='lat' dir='ltr'>in</span> <span class='ocrx_word' id='word_1_119' title='bbox 1400 2161 1499 2243; x_wconf 90' lang='lat' dir='ltr'>spiri·</span> 
     </span>
     <span class='ocr_line' id='line_1_15' title="bbox 165 2277 1500 2361; baseline -0.001 -22"><span class='ocrx_word' id='word_1_120' title='bbox 165 2277 316 2340; x_wconf 89' lang='lat' dir='ltr'>tualibus</span> <span class='ocrx_word' id='word_1_121' title='bbox 334 2289 369 2342; x_wconf 88' lang='lat' dir='ltr'>et</span> <span class='ocrx_word' id='word_1_122' title='bbox 384 2279 630 2361; x_wconf 81' lang='lat' dir='ltr'>temporalibus</span> <span class='ocrx_word' id='word_1_123' title='bbox 644 2297 835 2343; x_wconf 74' lang='lat' dir='ltr'>recensens,</span> <span class='ocrx_word' id='word_1_124' title='bbox 847 2277 888 2342; x_wconf 90' lang='lat' dir='ltr'>In</span> <span class='ocrx_word' id='word_1_125' title='bbox 903 2280 1014 2361; x_wconf 87' lang='lat' dir='ltr'>primo</span> <span class='ocrx_word' id='word_1_126' title='bbox 1030 2289 1109 2342; x_wconf 92' lang='lat' dir='ltr'>actu</span> <span class='ocrx_word' id='word_1_127' title='bbox 1124 2280 1167 2342; x_wconf 91' lang='lat' dir='ltr'>de</span> <span class='ocrx_word' id='word_1_128' title='bbox 1183 2297 1272 2351; x_wconf 88' lang='lat' dir='ltr'>arca,</span> <span class='ocrx_word' id='word_1_129' title='bbox 1287 2278 1402 2341; x_wconf 87' lang='lat' dir='ltr'>stabili</span> <span class='ocrx_word' id='word_1_130' title='bbox 1418 2277 1500 2339; x_wconf 85' lang='lat' dir='ltr'>sede</span> 
     </span>
    </p>
   </div>
   <div class='ocr_carea' id='block_1_3' title="bbox 1527 2054 1846 2192">
    <p class='ocr_par' dir='ltr' id='par_1_4' title="bbox 1527 2054 1846 2192">
     <span class='ocr_line' id='line_1_16' title="bbox 1562 2054 1846 2107; baseline -0.011 0"><span class='ocrx_word' id='word_1_131' title='bbox 1562 2056 1703 2107; x_wconf 75' lang='lat' dir='ltr'>Dramatic</span> <span class='ocrx_word' id='word_1_132' title='bbox 1730 2054 1846 2106; x_wconf 77' lang='lat' dir='ltr'>materia</span> 
     </span>
     <span class='ocr_line' id='line_1_17' title="bbox 1527 2127 1734 2192; baseline -0.014 -13"><span class='ocrx_word' id='word_1_133' title='bbox 1527 2138 1555 2179; x_wconf 81' lang='lat' dir='ltr'>et</span> <span class='ocrx_word' id='word_1_134' title='bbox 1573 2127 1734 2192; x_wconf 75' lang='lat' dir='ltr'>dispositio.</span> 
     </span>
    </p>
   </div>
   <div class='ocr_carea' id='block_1_4' title="bbox 167 2393 1597 2478">
    <p class='ocr_par' dir='ltr' id='par_1_5' title="bbox 167 2393 1597 2478">
     <span class='ocr_line' id='line_1_18' title="bbox 167 2393 1597 2478; baseline -0.001 -23"><span class='ocrx_word' id='word_1_135' title='bbox 167 2393 323 2466; x_wconf 87' lang='lat' dir='ltr'>locanda,</span> <span class='ocrx_word' id='word_1_136' title='bbox 339 2415 360 2458; x_wconf 93' lang='lat' dir='ltr'>a</span> <span class='ocrx_word' id='word_1_137' title='bbox 380 2393 514 2457; x_wconf 88' lang='lat' dir='ltr'>Davide</span> <span class='ocrx_word' id='word_1_138' title='bbox 530 2395 769 2458; x_wconf 89' lang='lat' dir='ltr'>consultatum.</span> <span class='ocrx_word' id='word_1_139' title='bbox 794 2393 834 2459; x_wconf 90' lang='lat' dir='ltr'>In</span> <span class='ocrx_word' id='word_1_140' title='bbox 849 2396 1000 2461; x_wconf 89' lang='lat' dir='ltr'>secundo</span> <span class='ocrx_word' id='word_1_141' title='bbox 1015 2397 1182 2478; x_wconf 88' lang='lat' dir='ltr'>processit</span> <span class='ocrx_word' id='word_1_142' title='bbox 1197 2393 1408 2466; x_wconf 91' lang='lat' dir='ltr'>Idololatria,</span> <span class='ocrx_word' id='word_1_143' title='bbox 1420 2394 1500 2455; x_wconf 88' lang='lat' dir='ltr'>dae-</span> <span class='ocrx_word' id='word_1_144' title='bbox 1593 2406 1597 2411; x_wconf 83' lang='grc'><strong>’</strong></span> 
     </span>
    </p>
   </div>
   <div class='ocr_carea' id='block_1_5' title="bbox 163 2507 1507 4563">
    <p class='ocr_par' dir='ltr' id='par_1_6' title="bbox 163 2507 1507 4563">
     <span class='ocr_line' id='line_1_19' title="bbox 167 2507 1500 2595; baseline -0.002 -22"><span class='ocrx_word' id='word_1_145' title='bbox 167 2530 306 2573; x_wconf 88' lang='lat' dir='ltr'>monum</span> <span class='ocrx_word' id='word_1_146' title='bbox 340 2510 506 2577; x_wconf 86' lang='lat' dir='ltr'>satellitio</span> <span class='ocrx_word' id='word_1_147' title='bbox 534 2507 688 2575; x_wconf 88' lang='lat' dir='ltr'>fastuosa</span> <span class='ocrx_word' id='word_1_148' title='bbox 717 2520 753 2574; x_wconf 92' lang='lat' dir='ltr'>et</span> <span class='ocrx_word' id='word_1_149' title='bbox 786 2512 966 2593; x_wconf 87' lang='lat' dir='ltr'>impudens</span> <span class='ocrx_word' id='word_1_150' title='bbox 1000 2511 1247 2595; x_wconf 81' lang='lat' dir='ltr'>magnitudinis</span> <span class='ocrx_word' id='word_1_151' title='bbox 1276 2512 1331 2577; x_wconf 85' lang='lat' dir='ltr'>sui</span> <span class='ocrx_word' id='word_1_152' title='bbox 1365 2508 1500 2592; x_wconf 88' lang='lat' dir='ltr'>imperii</span> 
     </span>
     <span class='ocr_line' id='line_1_20' title="bbox 168 2622 1500 2712; baseline -0.002 -23"><span class='ocrx_word' id='word_1_153' title='bbox 168 2627 394 2691; x_wconf 85' lang='lat' dir='ltr'>buccinatrix.</span> <span class='ocrx_word' id='word_1_154' title='bbox 422 2623 492 2691; x_wconf 89' lang='lat' dir='ltr'>Sed</span> <span class='ocrx_word' id='word_1_155' title='bbox 521 2627 616 2690; x_wconf 90' lang='lat' dir='ltr'>illius</span> <span class='ocrx_word' id='word_1_156' title='bbox 644 2627 876 2712; x_wconf 81' lang='lat' dir='ltr'>arrogantiam</span> <span class='ocrx_word' id='word_1_157' title='bbox 906 2646 1138 2709; x_wconf 87' lang='lat' dir='ltr'>compressere</span> <span class='ocrx_word' id='word_1_158' title='bbox 1169 2624 1412 2707; x_wconf 81' lang='lat' dir='ltr'>Archangelus</span> <span class='ocrx_word' id='word_1_159' title='bbox 1433 2622 1500 2689; x_wconf 92' lang='lat' dir='ltr'>Mi·</span> 
     </span>
     <span class='ocr_line' id='line_1_21' title="bbox 167 2739 1500 2815; baseline -0.001 -11"><span class='ocrx_word' id='word_1_160' title='bbox 167 2742 267 2806; x_wconf 89' lang='lat' dir='ltr'>chael</span> <span class='ocrx_word' id='word_1_161' title='bbox 291 2752 326 2805; x_wconf 92' lang='lat' dir='ltr'>et</span> <span class='ocrx_word' id='word_1_162' title='bbox 348 2742 485 2806; x_wconf 88' lang='lat' dir='ltr'>divinus</span> <span class='ocrx_word' id='word_1_163' title='bbox 508 2739 638 2815; x_wconf 87' lang='lat' dir='ltr'>Cultus,</span> <span class='ocrx_word' id='word_1_164' title='bbox 651 2744 696 2808; x_wconf 92' lang='lat' dir='ltr'>ob</span> <span class='ocrx_word' id='word_1_165' title='bbox 718 2762 816 2808; x_wconf 87' lang='lat' dir='ltr'>suam</span> <span class='ocrx_word' id='word_1_166' title='bbox 836 2744 874 2806; x_wconf 89' lang='lat' dir='ltr'>in</span> <span class='ocrx_word' id='word_1_167' title='bbox 898 2744 982 2806; x_wconf 88' lang='lat' dir='ltr'>orbe</span> <span class='ocrx_word' id='word_1_168' title='bbox 996 2743 1217 2807; x_wconf 89' lang='lat' dir='ltr'>solitudinem</span> <span class='ocrx_word' id='word_1_169' title='bbox 1233 2740 1406 2805; x_wconf 89' lang='lat' dir='ltr'>maestitia</span> <span class='ocrx_word' id='word_1_170' title='bbox 1421 2760 1500 2804; x_wconf 89' lang='lat' dir='ltr'>con-</span> 
     </span>
     <span class='ocr_line' id='line_1_22' title="bbox 168 2856 1502 2942; baseline -0.001 -21"><span class='ocrx_word' id='word_1_171' title='bbox 168 2856 290 2923; x_wconf 87' lang='lat' dir='ltr'>iectus.</span> <span class='ocrx_word' id='word_1_172' title='bbox 313 2857 403 2923; x_wconf 90' lang='lat' dir='ltr'>Eum</span> <span class='ocrx_word' id='word_1_173' title='bbox 427 2868 539 2922; x_wconf 89' lang='lat' dir='ltr'>tamen</span> <span class='ocrx_word' id='word_1_174' title='bbox 563 2857 805 2942; x_wconf 85' lang='lat' dir='ltr'>Archangelus</span> <span class='ocrx_word' id='word_1_175' title='bbox 826 2860 1011 2933; x_wconf 85' lang='lat' dir='ltr'>solabatur,</span> <span class='ocrx_word' id='word_1_176' title='bbox 1032 2858 1236 2942; x_wconf 83' lang='lat' dir='ltr'>praedicens</span> <span class='ocrx_word' id='word_1_177' title='bbox 1258 2858 1324 2921; x_wconf 89' lang='lat' dir='ltr'>Dei</span> <span class='ocrx_word' id='word_1_178' title='bbox 1347 2877 1461 2921; x_wconf 89' lang='lat' dir='ltr'>arcam</span> <span class='ocrx_word' id='word_1_179' title='bbox 1481 2876 1502 2919; x_wconf 93' lang='lat' dir='ltr'>a</span> 
     </span>
     <span class='ocr_line' id='line_1_23' title="bbox 166 2972 1502 3058; baseline -0.005 -17"><span class='ocrx_word' id='word_1_180' title='bbox 166 2975 307 3041; x_wconf 91' lang='lat' dir='ltr'>Davide</span> <span class='ocrx_word' id='word_1_181' title='bbox 329 2994 427 3039; x_wconf 90' lang='lat' dir='ltr'>suam</span> <span class='ocrx_word' id='word_1_182' title='bbox 449 2977 484 3037; x_wconf 90' lang='lat' dir='ltr'>in</span> <span class='ocrx_word' id='word_1_183' title='bbox 508 2975 622 3039; x_wconf 90' lang='lat' dir='ltr'>aulam</span> <span class='ocrx_word' id='word_1_184' title='bbox 645 2972 867 3048; x_wconf 85' lang='lat' dir='ltr'>inferendam,</span> <span class='ocrx_word' id='word_1_185' title='bbox 895 2975 1035 3058; x_wconf 89' lang='lat' dir='ltr'>eiusque</span> <span class='ocrx_word' id='word_1_186' title='bbox 1061 2976 1230 3039; x_wconf 87' lang='lat' dir='ltr'>honorem</span> <span class='ocrx_word' id='word_1_187' title='bbox 1261 2975 1323 3037; x_wconf 88' lang='lat' dir='ltr'>illc</span> <span class='ocrx_word' id='word_1_188' title='bbox 1351 2974 1502 3055; x_wconf 88' lang='lat' dir='ltr'>hospitio</span> 
     </span>
     <span class='ocr_line' id='line_1_24' title="bbox 164 3090 1501 3176; baseline -0.003 -20"><span class='ocrx_word' id='word_1_189' title='bbox 164 3093 363 3176; x_wconf 89' lang='lat' dir='ltr'>augendum</span> <span class='ocrx_word' id='word_1_190' title='bbox 387 3099 421 3154; x_wconf 92' lang='lat' dir='ltr'>et</span> <span class='ocrx_word' id='word_1_191' title='bbox 443 3092 596 3173; x_wconf 88' lang='lat' dir='ltr'>insignes</span> <span class='ocrx_word' id='word_1_192' title='bbox 618 3091 781 3155; x_wconf 83' lang='lat' dir='ltr'>victorias</span> <span class='ocrx_word' id='word_1_193' title='bbox 804 3111 825 3154; x_wconf 94' lang='lat' dir='ltr'>a</span> <span class='ocrx_word' id='word_1_194' title='bbox 846 3090 1044 3161; x_wconf 87' lang='lat' dir='ltr'>Philistaeis</span> <span class='ocrx_word' id='word_1_195' title='bbox 1066 3101 1101 3155; x_wconf 86' lang='lat' dir='ltr'>et</span> <span class='ocrx_word' id='word_1_196' title='bbox 1123 3092 1203 3157; x_wconf 90' lang='lat' dir='ltr'>aliis</span> <span class='ocrx_word' id='word_1_197' title='bbox 1225 3090 1390 3161; x_wconf 87' lang='lat' dir='ltr'>hostibus,</span> <span class='ocrx_word' id='word_1_198' title='bbox 1422 3108 1501 3153; x_wconf 91' lang='lat' dir='ltr'>con-</span> 
     </span>
     <span class='ocr_line' id='line_1_25' title="bbox 163 3205 1503 3290; baseline -0.001 -19"><span class='ocrx_word' id='word_1_199' title='bbox 163 3209 259 3271; x_wconf 87' lang='lat' dir='ltr'>tritis</span> <span class='ocrx_word' id='word_1_200' title='bbox 280 3209 432 3290; x_wconf 84' lang='lat' dir='ltr'>ipsorum</span> <span class='ocrx_word' id='word_1_201' title='bbox 454 3208 656 3278; x_wconf 86' lang='lat' dir='ltr'>simulacris,</span> <span class='ocrx_word' id='word_1_202' title='bbox 669 3208 899 3289; x_wconf 87' lang='lat' dir='ltr'>reportandas.</span> <span class='ocrx_word' id='word_1_203' title='bbox 923 3205 1023 3288; x_wconf 82' lang='lat' dir='ltr'>Quod</span> <span class='ocrx_word' id='word_1_204' title='bbox 1039 3208 1097 3271; x_wconf 92' lang='lat' dir='ltr'>ubi</span> <span class='ocrx_word' id='word_1_205' title='bbox 1113 3207 1158 3271; x_wconf 90' lang='lat' dir='ltr'>ad</span> <span class='ocrx_word' id='word_1_206' title='bbox 1170 3206 1392 3273; x_wconf 86' lang='lat' dir='ltr'>Idololatriae</span> <span class='ocrx_word' id='word_1_207' title='bbox 1404 3223 1503 3269; x_wconf 82' lang='lat' dir='ltr'>aures</span> 
     </span>
     <span class='ocr_line' id='line_1_26' title="bbox 165 3319 1502 3407; baseline -0.002 -21"><span class='ocrx_word' id='word_1_208' title='bbox 165 3325 337 3407; x_wconf 89' lang='lat' dir='ltr'>pervenit,</span> <span class='ocrx_word' id='word_1_209' title='bbox 360 3323 422 3386; x_wconf 88' lang='lat' dir='ltr'>illa</span> <span class='ocrx_word' id='word_1_210' title='bbox 444 3323 479 3387; x_wconf 91' lang='lat' dir='ltr'>iu</span> <span class='ocrx_word' id='word_1_211' title='bbox 494 3324 723 3406; x_wconf 81' lang='lat' dir='ltr'>septicipitem</span> <span class='ocrx_word' id='word_1_212' title='bbox 745 3323 896 3389; x_wconf 88' lang='lat' dir='ltr'>belluam</span> <span class='ocrx_word' id='word_1_213' title='bbox 920 3322 1162 3397; x_wconf 87' lang='lat' dir='ltr'>conscendens,</span> <span class='ocrx_word' id='word_1_214' title='bbox 1186 3332 1221 3386; x_wconf 92' lang='lat' dir='ltr'>et</span> <span class='ocrx_word' id='word_1_215' title='bbox 1244 3319 1438 3386; x_wconf 84' lang='lat' dir='ltr'>Luciferum</span> <span class='ocrx_word' id='word_1_216' title='bbox 1463 3341 1502 3387; x_wconf 87' lang='lat' dir='ltr'>ac</span> 
     </span>
     <span class='ocr_line' id='line_1_27' title="bbox 164 3437 1503 3523; baseline -0.002 -20"><span class='ocrx_word' id='word_1_217' title='bbox 164 3449 323 3504; x_wconf 86' lang='lat' dir='ltr'>caeteros</span> <span class='ocrx_word' id='word_1_218' title='bbox 347 3438 575 3520; x_wconf 85' lang='lat' dir='ltr'>manipulares</span> <span class='ocrx_word' id='word_1_219' title='bbox 597 3438 784 3511; x_wconf 86' lang='lat' dir='ltr'>cohortata,</span> <span class='ocrx_word' id='word_1_220' title='bbox 807 3439 1032 3523; x_wconf 82' lang='lat' dir='ltr'>Archangelo</span> <span class='ocrx_word' id='word_1_221' title='bbox 1054 3451 1088 3502; x_wconf 87' lang='lat' dir='ltr'>et</span> <span class='ocrx_word' id='word_1_222' title='bbox 1104 3437 1218 3502; x_wconf 87' lang='lat' dir='ltr'>Cultui</span> <span class='ocrx_word' id='word_1_223' title='bbox 1233 3439 1351 3501; x_wconf 88' lang='lat' dir='ltr'>divino</span> <span class='ocrx_word' id='word_1_224' title='bbox 1374 3437 1503 3501; x_wconf 90' lang='lat' dir='ltr'>bellum</span> 
     </span>
     <span class='ocr_line' id='line_1_28' title="bbox 169 3534 1504 3637; baseline -0.001 -18"><span class='ocrx_word' id='word_1_225' title='bbox 169 3556 307 3628; x_wconf 74' lang='lat' dir='ltr'>indicit,</span> <span class='ocrx_word' id='word_1_226' title='bbox 331 3575 353 3618; x_wconf 91' lang='lat' dir='ltr'>a</span> <span class='ocrx_word' id='word_1_227' title='bbox 375 3555 498 3637; x_wconf 90' lang='lat' dir='ltr'>quibus</span> <span class='ocrx_word' id='word_1_228' title='bbox 520 3557 596 3637; x_wconf 88' lang='lat' dir='ltr'>ipsa</span> <span class='ocrx_word' id='word_1_229' title='bbox 618 3556 784 3617; x_wconf 89' lang='lat' dir='ltr'>truncatis</span> <span class='ocrx_word' id='word_1_230' title='bbox 807 3534 937 3636; x_wconf 82' lang='lat' dir='ltr'>septem</span> <span class='ocrx_word' id='word_1_231' title='bbox 961 3555 1097 3619; x_wconf 88' lang='lat' dir='ltr'>belluae</span> <span class='ocrx_word' id='word_1_232' title='bbox 1121 3556 1300 3637; x_wconf 88' lang='lat' dir='ltr'>capitibus,</span> <span class='ocrx_word' id='word_1_233' title='bbox 1322 3563 1356 3618; x_wconf 88' lang='lat' dir='ltr'>et</span> <span class='ocrx_word' id='word_1_234' title='bbox 1379 3553 1504 3619; x_wconf 88' lang='lat' dir='ltr'>vinctis</span> 
     </span>
     <span class='ocr_line' id='line_1_29' title="bbox 168 3667 1505 3752; baseline -0.001 -18"><span class='ocrx_word' id='word_1_235' title='bbox 168 3672 348 3742; x_wconf 89' lang='lat' dir='ltr'>militibus,</span> <span class='ocrx_word' id='word_1_236' title='bbox 373 3671 409 3733; x_wconf 93' lang='lat' dir='ltr'>in</span> <span class='ocrx_word' id='word_1_237' title='bbox 431 3680 594 3737; x_wconf 90' lang='lat' dir='ltr'>tartarum</span> <span class='ocrx_word' id='word_1_238' title='bbox 618 3667 751 3735; x_wconf 77' lang='lat' dir='ltr'>mneos</span> <span class='ocrx_word' id='word_1_239' title='bbox 773 3689 921 3752; x_wconf 88' lang='lat' dir='ltr'>vapores</span> <span class='ocrx_word' id='word_1_240' title='bbox 936 3682 970 3733; x_wconf 90' lang='lat' dir='ltr'>et</span> <span class='ocrx_word' id='word_1_241' title='bbox 996 3669 1151 3735; x_wconf 71' lang='lat' dir='ltr'>flamma</span> <span class='ocrx_word' id='word_1_242' title='bbox 1170 3681 1391 3741; x_wconf 85' lang='lat' dir='ltr'>eructantem,</span> <span class='ocrx_word' id='word_1_243' title='bbox 1408 3688 1505 3752; x_wconf 88' lang='lat' dir='ltr'>prae-</span> 
     </span>
     <span class='ocr_line' id='line_1_30' title="bbox 166 3762 1504 3869; baseline -0.001 -20"><span class='ocrx_word' id='word_1_244' title='bbox 166 3789 339 3869; x_wconf 90' lang='lat' dir='ltr'>cipitatur.</span> <span class='ocrx_word' id='word_1_245' title='bbox 363 3784 515 3869; x_wconf 80' lang='lat' dir='ltr'>Egressa</span> <span class='ocrx_word' id='word_1_246' title='bbox 537 3786 632 3851; x_wconf 88' lang='lat' dir='ltr'>illico</span> <span class='ocrx_word' id='word_1_247' title='bbox 661 3795 714 3849; x_wconf 90' lang='lat' dir='ltr'>est</span> <span class='ocrx_word' id='word_1_248' title='bbox 745 3785 851 3859; x_wconf 90' lang='lat' dir='ltr'>Arca,</span> <span class='ocrx_word' id='word_1_249' title='bbox 883 3788 993 3868; x_wconf 91' lang='lat' dir='ltr'>ipsam</span> <span class='ocrx_word' id='word_1_250' title='bbox 1023 3788 1173 3868; x_wconf 89' lang='lat' dir='ltr'>undique</span> <span class='ocrx_word' id='word_1_251' title='bbox 1203 3786 1419 3869; x_wconf 80' lang='lat' dir='ltr'>cingentibus</span> <span class='ocrx_word' id='word_1_252' title='bbox 1449 3762 1504 3848; x_wconf 85' lang='lat' dir='ltr'>ca·</span> 
     </span>
     <span class='ocr_line' id='line_1_31' title="bbox 165 3901 1504 3984; baseline -0.002 -17"><span class='ocrx_word' id='word_1_253' title='bbox 165 3904 353 3967; x_wconf 88' lang='lat' dir='ltr'>strensium</span> <span class='ocrx_word' id='word_1_254' title='bbox 377 3903 586 3982; x_wconf 79' lang='lat' dir='ltr'>templorum</span> <span class='ocrx_word' id='word_1_255' title='bbox 609 3901 813 3973; x_wconf 85' lang='lat' dir='ltr'>cantoribus.</span> <span class='ocrx_word' id='word_1_256' title='bbox 837 3903 895 3982; x_wconf 90' lang='lat' dir='ltr'>qui</span> <span class='ocrx_word' id='word_1_257' title='bbox 912 3922 956 3965; x_wconf 83' lang='lat' dir='ltr'>se</span> <span class='ocrx_word' id='word_1_258' title='bbox 979 3902 1115 3965; x_wconf 90' lang='lat' dir='ltr'>illorum</span> <span class='ocrx_word' id='word_1_259' title='bbox 1132 3913 1274 3984; x_wconf 88' lang='lat' dir='ltr'>nepotes</span> <span class='ocrx_word' id='word_1_260' title='bbox 1295 3902 1504 3984; x_wconf 90' lang='lat' dir='ltr'>praedicant,</span> 
     </span>
     <span class='ocr_line' id='line_1_32' title="bbox 166 4012 1505 4101; baseline -0.001 -19"><span class='ocrx_word' id='word_1_261' title='bbox 166 4022 331 4101; x_wconf 88' lang='lat' dir='ltr'>quicum</span> <span class='ocrx_word' id='word_1_262' title='bbox 355 4015 506 4080; x_wconf 88' lang='lat' dir='ltr'>Menilec</span> <span class='ocrx_word' id='word_1_263' title='bbox 528 4012 725 4083; x_wconf 84' lang='lat' dir='ltr'>Salomonis</span> <span class='ocrx_word' id='word_1_264' title='bbox 747 4015 820 4081; x_wconf 87' lang='lat' dir='ltr'>filio</span> <span class='ocrx_word' id='word_1_265' title='bbox 849 4017 916 4081; x_wconf 92' lang='lat' dir='ltr'>huc</span> <span class='ocrx_word' id='word_1_266' title='bbox 950 4028 1200 4090; x_wconf 87' lang='lat' dir='ltr'>concesserunt,</span> <span class='ocrx_word' id='word_1_267' title='bbox 1232 4016 1368 4083; x_wconf 89' lang='lat' dir='ltr'>Davide</span> <span class='ocrx_word' id='word_1_268' title='bbox 1398 4017 1505 4081; x_wconf 87' lang='lat' dir='ltr'>citha·</span> 
     </span>
     <span class='ocr_line' id='line_1_33' title="bbox 167 4131 1505 4214; baseline -0.003 -16"><span class='ocrx_word' id='word_1_269' title='bbox 167 4154 245 4198; x_wconf 90' lang='lat' dir='ltr'>ram</span> <span class='ocrx_word' id='word_1_270' title='bbox 261 4142 340 4196; x_wconf 87' lang='lat' dir='ltr'>ante</span> <span class='ocrx_word' id='word_1_271' title='bbox 363 4132 460 4199; x_wconf 88' lang='lat' dir='ltr'>illam</span> <span class='ocrx_word' id='word_1_272' title='bbox 484 4132 651 4214; x_wconf 86' lang='lat' dir='ltr'>pulsante,</span> <span class='ocrx_word' id='word_1_273' title='bbox 675 4142 710 4195; x_wconf 91' lang='lat' dir='ltr'>et</span> <span class='ocrx_word' id='word_1_274' title='bbox 733 4133 927 4196; x_wconf 89' lang='lat' dir='ltr'>scitissimis</span> <span class='ocrx_word' id='word_1_275' title='bbox 950 4132 1101 4197; x_wconf 89' lang='lat' dir='ltr'>motibus</span> <span class='ocrx_word' id='word_1_276' title='bbox 1124 4135 1278 4197; x_wconf 89' lang='lat' dir='ltr'>saltante.</span> <span class='ocrx_word' id='word_1_277' title='bbox 1303 4131 1387 4199; x_wconf 87' lang='lat' dir='ltr'>Erat</span> <span class='ocrx_word' id='word_1_278' title='bbox 1413 4134 1505 4195; x_wconf 91' lang='lat' dir='ltr'>enirn</span> 
     </span>
     <span class='ocr_line' id='line_1_34' title="bbox 168 4248 1507 4330; baseline -0.001 -17"><span class='ocrx_word' id='word_1_279' title='bbox 168 4253 273 4313; x_wconf 90' lang='lat' dir='ltr'>indus</span> <span class='ocrx_word' id='word_1_280' title='bbox 296 4248 507 4319; x_wconf 84' lang='lat' dir='ltr'>adolescens,</span> <span class='ocrx_word' id='word_1_281' title='bbox 528 4267 632 4330; x_wconf 84' lang='lat' dir='ltr'>quem</span> <span class='ocrx_word' id='word_1_282' title='bbox 656 4267 756 4312; x_wconf 89' lang='lat' dir='ltr'>nemo</span> <span class='ocrx_word' id='word_1_283' title='bbox 780 4250 813 4311; x_wconf 89' lang='lat' dir='ltr'>in</span> <span class='ocrx_word' id='word_1_284' title='bbox 837 4268 898 4311; x_wconf 89' lang='lat' dir='ltr'>sua</span> <span class='ocrx_word' id='word_1_285' title='bbox 920 4250 1033 4330; x_wconf 91' lang='lat' dir='ltr'>patria</span> <span class='ocrx_word' id='word_1_286' title='bbox 1055 4249 1181 4330; x_wconf 89' lang='lat' dir='ltr'>pedum</span> <span class='ocrx_word' id='word_1_287' title='bbox 1204 4250 1346 4312; x_wconf 90' lang='lat' dir='ltr'>levitate</span> <span class='ocrx_word' id='word_1_288' title='bbox 1369 4259 1403 4311; x_wconf 92' lang='lat' dir='ltr'>et</span> <span class='ocrx_word' id='word_1_289' title='bbox 1422 4250 1507 4312; x_wconf 90' lang='lat' dir='ltr'>artis</span> 
     </span>
     <span class='ocr_line' id='line_1_35' title="bbox 168 4363 1506 4445; baseline -0.002 -16"><span class='ocrx_word' id='word_1_290' title='bbox 168 4364 382 4433; x_wconf 74' lang='lat' dir='ltr'>dexteritate</span> <span class='ocrx_word' id='word_1_291' title='bbox 404 4364 600 4445; x_wconf 85' lang='lat' dir='ltr'>praevertit.</span> <span class='ocrx_word' id='word_1_292' title='bbox 625 4363 719 4429; x_wconf 89' lang='lat' dir='ltr'>Ante</span> <span class='ocrx_word' id='word_1_293' title='bbox 743 4364 838 4429; x_wconf 88' lang='lat' dir='ltr'>illam</span> <span class='ocrx_word' id='word_1_294' title='bbox 862 4366 926 4427; x_wconf 90' lang='lat' dir='ltr'>sub</span> <span class='ocrx_word' id='word_1_295' title='bbox 949 4366 1029 4427; x_wconf 88' lang='lat' dir='ltr'>velo</span> <span class='ocrx_word' id='word_1_296' title='bbox 1059 4364 1232 4429; x_wconf 89' lang='lat' dir='ltr'>conditam</span> <span class='ocrx_word' id='word_1_297' title='bbox 1264 4364 1377 4427; x_wconf 90' lang='lat' dir='ltr'>David</span> <span class='ocrx_word' id='word_1_298' title='bbox 1408 4364 1506 4426; x_wconf 86' lang='lat' dir='ltr'>iussit</span> 
     </span>
     <span class='ocr_line' id='line_1_36' title="bbox 168 4479 1507 4563; baseline -0.004 -16"><span class='ocrx_word' id='word_1_299' title='bbox 168 4493 209 4547; x_wconf 88' lang='lat' dir='ltr'>ut</span> <span class='ocrx_word' id='word_1_300' title='bbox 233 4482 284 4544; x_wconf 88' lang='lat' dir='ltr'>sui</span> <span class='ocrx_word' id='word_1_301' title='bbox 301 4499 438 4563; x_wconf 88' lang='lat' dir='ltr'>quoque</span> <span class='ocrx_word' id='word_1_302' title='bbox 462 4481 589 4547; x_wconf 85' lang='lat' dir='ltr'>militas</span> <span class='ocrx_word' id='word_1_303' title='bbox 611 4479 792 4562; x_wconf 88' lang='lat' dir='ltr'>pyrrichen</span> <span class='ocrx_word' id='word_1_304' title='bbox 811 4482 988 4545; x_wconf 85' lang='lat' dir='ltr'>saltarent.</span> <span class='ocrx_word' id='word_1_305' title='bbox 1011 4479 1143 4547; x_wconf 78' lang='lat' dir='ltr'>Exiere</span> <span class='ocrx_word' id='word_1_306' title='bbox 1166 4480 1345 4545; x_wconf 88' lang='lat' dir='ltr'>duodecim</span> <span class='ocrx_word' id='word_1_307' title='bbox 1368 4482 1507 4543; x_wconf 87' lang='lat' dir='ltr'>iuvenes</span> 
     </span>
    </p>
   </div>
   <div class='ocr_carea' id='block_1_6' title="bbox 24 4584 1506 4678">
    <p class='ocr_par' dir='ltr' id='par_1_7' title="bbox 24 4584 1506 4678">
     <span class='ocr_line' id='line_1_37' title="bbox 24 4584 1506 4678; baseline -0.001 -18"><span class='ocrx_word' id='word_1_308' title='bbox 24 4584 26 4599; x_wconf 86' lang='lat'>&#39;</span> <span class='ocrx_word' id='word_1_309' title='bbox 74 4640 80 4653; x_wconf 86' lang='lat'><strong>.</strong></span> <span class='ocrx_word' id='word_1_310' title='bbox 134 4595 301 4662; x_wconf 83' lang='lat' dir='ltr'>.fcrreos</span> <span class='ocrx_word' id='word_1_311' title='bbox 322 4592 499 4663; x_wconf 55' lang='lat' dir='ltr'>aetnaeos</span> <span class='ocrx_word' id='word_1_312' title='bbox 514 4596 670 4661; x_wconf 86' lang='lat' dir='ltr'>manibus</span> <span class='ocrx_word' id='word_1_313' title='bbox 681 4597 871 4667; x_wconf 73' lang='lat' dir='ltr'>uibrantes,</span> <span class='ocrx_word' id='word_1_314' title='bbox 887 4596 998 4678; x_wconf 87' lang='lat' dir='ltr'>galeis</span> <span class='ocrx_word' id='word_1_315' title='bbox 1013 4607 1047 4659; x_wconf 83' lang='lat' dir='ltr'>st</span> <span class='ocrx_word' id='word_1_316' title='bbox 1062 4595 1259 4661; x_wconf 87' lang='lat' dir='ltr'>thoracibus</span> <span class='ocrx_word' id='word_1_317' title='bbox 1277 4596 1418 4660; x_wconf 85' lang='lat' dir='ltr'>aheneis</span> <span class='ocrx_word' id='word_1_318' title='bbox 1434 4596 1506 4678; x_wconf 68' lang='lat' dir='ltr'>[nh]</span> 
     </span>
    </p>
   </div>
   <div class='ocr_carea' id='block_1_7' title="bbox 169 4711 1517 5257">
    <p class='ocr_par' dir='ltr' id='par_1_8' title="bbox 169 4711 1517 5257">
     <span class='ocr_line' id='line_1_38' title="bbox 169 4711 1509 4794; baseline -0.003 -18"><span class='ocrx_word' id='word_1_319' title='bbox 169 4711 423 4783; x_wconf 80' lang='lat' dir='ltr'>fonnidabiles,</span> <span class='ocrx_word' id='word_1_320' title='bbox 442 4711 511 4792; x_wconf 87' lang='lat' dir='ltr'>qui,</span> <span class='ocrx_word' id='word_1_321' title='bbox 525 4730 601 4774; x_wconf 91' lang='lat' dir='ltr'>cum</span> <span class='ocrx_word' id='word_1_322' title='bbox 617 4713 662 4775; x_wconf 88' lang='lat' dir='ltr'>ad</span> <span class='ocrx_word' id='word_1_323' title='bbox 678 4712 862 4777; x_wconf 88' lang='lat' dir='ltr'>ludendum</span> <span class='ocrx_word' id='word_1_324' title='bbox 879 4722 992 4779; x_wconf 88' lang='lat' dir='ltr'>essent</span> <span class='ocrx_word' id='word_1_325' title='bbox 1007 4713 1176 4794; x_wconf 88' lang='lat' dir='ltr'>producti,</span> <span class='ocrx_word' id='word_1_326' title='bbox 1192 4732 1230 4776; x_wconf 94' lang='lat' dir='ltr'>se</span> <span class='ocrx_word' id='word_1_327' title='bbox 1245 4712 1332 4781; x_wconf 87' lang='lat' dir='ltr'>adeo</span> <span class='ocrx_word' id='word_1_328' title='bbox 1347 4711 1509 4775; x_wconf 84' lang='lat' dir='ltr'>atrociter</span> 
     </span>
     <span class='ocr_line' id='line_1_39' title="bbox 169 4825 1513 4914; baseline -0.004 -23"><span class='ocrx_word' id='word_1_329' title='bbox 169 4829 348 4912; x_wconf 88' lang='lat' dir='ltr'>petebant,</span> <span class='ocrx_word' id='word_1_330' title='bbox 358 4837 395 4889; x_wconf 92' lang='lat' dir='ltr'>ut</span> <span class='ocrx_word' id='word_1_331' title='bbox 409 4827 657 4908; x_wconf 85' lang='lat' dir='ltr'>spectauctium</span> <span class='ocrx_word' id='word_1_332' title='bbox 671 4829 776 4890; x_wconf 89' lang='lat' dir='ltr'>corda</span> <span class='ocrx_word' id='word_1_333' title='bbox 788 4838 861 4892; x_wconf 89' lang='lat' dir='ltr'>arte</span> <span class='ocrx_word' id='word_1_334' title='bbox 873 4829 1004 4893; x_wconf 89' lang='lat' dir='ltr'>ludrica</span> <span class='ocrx_word' id='word_1_335' title='bbox 1014 4825 1100 4914; x_wconf 78' lang='lat' dir='ltr'>[sic],</span> <span class='ocrx_word' id='word_1_336' title='bbox 1112 4847 1194 4912; x_wconf 90' lang='lat' dir='ltr'>prae</span> <span class='ocrx_word' id='word_1_337' title='bbox 1207 4827 1389 4893; x_wconf 85' lang='lat' dir='ltr'>formidine</span> <span class='ocrx_word' id='word_1_338' title='bbox 1401 4826 1513 4892; x_wconf 86' lang='lat' dir='ltr'>subsi-</span> 
     </span>
     <span class='ocr_line' id='line_1_40' title="bbox 171 4941 1514 5027; baseline -0.003 -20"><span class='ocrx_word' id='word_1_339' title='bbox 171 4946 285 5009; x_wconf 83' lang='lat' dir='ltr'>lirent.</span> <span class='ocrx_word' id='word_1_340' title='bbox 308 4941 352 5007; x_wconf 92' lang='lat' dir='ltr'>In</span> <span class='ocrx_word' id='word_1_341' title='bbox 374 4944 477 5007; x_wconf 86' lang='lat' dir='ltr'>tertio</span> <span class='ocrx_word' id='word_1_342' title='bbox 499 4953 578 5007; x_wconf 84' lang='lat' dir='ltr'>actu</span> <span class='ocrx_word' id='word_1_343' title='bbox 602 4941 716 5005; x_wconf 88' lang='lat' dir='ltr'>David</span> <span class='ocrx_word' id='word_1_344' title='bbox 739 4953 819 5006; x_wconf 89' lang='lat' dir='ltr'>ante</span> <span class='ocrx_word' id='word_1_345' title='bbox 845 4943 975 5009; x_wconf 89' lang='lat' dir='ltr'>Arcam</span> <span class='ocrx_word' id='word_1_346' title='bbox 999 4957 1169 5027; x_wconf 88' lang='lat' dir='ltr'>precatus,</span> <span class='ocrx_word' id='word_1_347' title='bbox 1194 4946 1238 5008; x_wconf 92' lang='lat' dir='ltr'>ab</span> <span class='ocrx_word' id='word_1_348' title='bbox 1264 4943 1403 5009; x_wconf 87' lang='lat' dir='ltr'>oraculo</span> <span class='ocrx_word' id='word_1_349' title='bbox 1433 4960 1514 5005; x_wconf 90' lang='lat' dir='ltr'>suo-</span> 
     </span>
     <span class='ocr_line' id='line_1_41' title="bbox 171 5056 1515 5143; baseline -0.005 -18"><span class='ocrx_word' id='word_1_350' title='bbox 171 5078 246 5125; x_wconf 87' lang='lat' dir='ltr'>rum</span> <span class='ocrx_word' id='word_1_351' title='bbox 270 5070 496 5142; x_wconf 84' lang='lat' dir='ltr'>posterorum,</span> <span class='ocrx_word' id='word_1_352' title='bbox 521 5068 556 5121; x_wconf 90' lang='lat' dir='ltr'>et</span> <span class='ocrx_word' id='word_1_353' title='bbox 579 5056 730 5123; x_wconf 81' lang='lat' dir='ltr'>maxime</span> <span class='ocrx_word' id='word_1_354' title='bbox 753 5057 1036 5142; x_wconf 87' lang='lat' dir='ltr'>Aethiopicorum</span> <span class='ocrx_word' id='word_1_355' title='bbox 1053 5058 1201 5143; x_wconf 83' lang='lat' dir='ltr'>gloriam</span> <span class='ocrx_word' id='word_1_356' title='bbox 1217 5060 1369 5128; x_wconf 87' lang='lat' dir='ltr'>edoctus,</span> <span class='ocrx_word' id='word_1_357' title='bbox 1386 5060 1515 5123; x_wconf 80' lang='lat' dir='ltr'>nuhmn</span> 
     </span>
     <span class='ocr_line' id='line_1_42' title="bbox 171 5172 1517 5257; baseline -0.006 -17"><span class='ocrx_word' id='word_1_358' title='bbox 171 5186 226 5240; x_wconf 83' lang='lat' dir='ltr'>est</span> <span class='ocrx_word' id='word_1_359' title='bbox 248 5176 404 5245; x_wconf 91' lang='lat' dir='ltr'>intuitus,</span> <span class='ocrx_word' id='word_1_360' title='bbox 428 5175 464 5237; x_wconf 90' lang='lat' dir='ltr'>in</span> <span class='ocrx_word' id='word_1_361' title='bbox 485 5194 553 5257; x_wconf 91' lang='lat' dir='ltr'>qua</span> <span class='ocrx_word' id='word_1_362' title='bbox 568 5172 704 5241; x_wconf 53' lang='lat' dir='ltr'>⁴Christi</span> <span class='ocrx_word' id='word_1_363' title='bbox 727 5172 789 5241; x_wconf 83' lang='lat' dir='ltr'>filii</span> <span class='ocrx_word' id='word_1_364' title='bbox 813 5177 865 5237; x_wconf 91' lang='lat' dir='ltr'>sui</span> <span class='ocrx_word' id='word_1_365' title='bbox 889 5186 1033 5239; x_wconf 89' lang='lat' dir='ltr'>matrem</span> <span class='ocrx_word' id='word_1_366' title='bbox 1059 5178 1092 5241; x_wconf 91' lang='lat' dir='ltr'>in</span> <span class='ocrx_word' id='word_1_367' title='bbox 1118 5173 1252 5241; x_wconf 86' lang='lat' dir='ltr'>coelum</span> <span class='ocrx_word' id='word_1_368' title='bbox 1272 5172 1517 5241; x_wconf 88' lang='lat' dir='ltr'>assumendam</span> 
     </span>
    </p>
   </div>
   <div class='ocr_carea' id='block_1_8' title="bbox 0 0 2049 6178">
    <p class='ocr_par' dir='ltr' id='par_1_9' title="bbox 0 0 2049 6178">
     <span class='ocr_line' id='line_1_43' title="bbox 0 0 2049 6178; baseline 0 0"><span class='ocrx_word' id='word_1_369' title='bbox 0 0 2049 6178; x_wconf 95' lang='lat' dir='ltr'> </span> 
     </span>
    </p>
   </div>
  </div>
 </body>
</html>
