4066 6184
546 582 608 670 284
876 590 1151 654 ixeooinoms
1174 590 1436 653 mmoercio
1459 592 1541 654 erc,

544 772 606 817 nec
629 754 782 827 bellaria,
806 754 868 818 sed
891 754 1037 817 ubertim
1059 750 1189 816 fluebat
1210 752 1370 835 perennis
1393 752 1545 815 omnium
1568 750 1817 815 esculentorum
1836 758 1871 815 et

544 870 802 951 poculentorum
826 870 1008 951 scaturigo.
1033 868 1118 933 Post
1140 868 1306 951 colaphos
1328 876 1363 932 et
1385 886 1521 953 pugnos
1543 867 1730 931 veteratori
1744 887 1765 931 a
1779 886 1870 931 sena·

543 987 673 1049 toribus
696 986 873 1068 impactos,
893 987 942 1049 ait
964 984 1171 1068 Imperator:
1194 985 1250 1049 Ito
1272 994 1308 1049 et
1331 985 1384 1058 iis,
1407 1006 1429 1048 a
1450 984 1575 1068 quibus
1598 985 1724 1048 missus
1746 1004 1792 1057 es,
1815 1004 1870 1047 an·

544 1102 708 1173 nuntiate,
732 1120 848 1165 eorum
873 1121 927 1165 me
943 1103 1048 1166 verba
1064 1122 1131 1165 non
1148 1100 1266 1163 audire
1290 1120 1353 1164 nec
1369 1099 1514 1164 consilia
1528 1099 1665 1173 morari,
1681 1101 1793 1164 sedin
1807 1098 1869 1163 fide

544 1215 705 1279 Romana
728 1218 834 1281 vitam
858 1226 1013 1281 acturum
1036 1226 1070 1281 et
1092 1218 1290 1300 positurum.
1315 1215 1411 1280 Tunc
1443 1217 1487 1280 ad
1517 1226 1710 1280 senatores:
1744 1214 1794 1280 Ut
1821 1234 1869 1279 re·

544 1351 706 1414 sponsum
730 1335 799 1397 cito
814 1335 858 1397 ad
882 1335 1038 1408 alterum,
1062 1355 1082 1398 a
1097 1353 1166 1415 quo
1182 1332 1348 1416 impostor
1362 1332 1419 1396 hic
1434 1352 1472 1396 se
1489 1332 1630 1398 missum
1646 1332 1740 1406 dicit,
1757 1333 1867 1397 orbem

543 1444 724 1523 deferatur,
748 1450 864 1514 statim
887 1450 981 1515 illius
1003 1470 1049 1514 ex
1072 1448 1247 1533 praecelsa
1270 1449 1392 1513 arbore
1422 1450 1579 1533 suspensi
1607 1459 1725 1531 guttur
1751 1449 1867 1533 laqueo

543 1559 728 1649 frangatur.
753 1564 927 1631 Obstitere
949 1576 1064 1631 tamen
1086 1565 1145 1649 qui
1168 1567 1321 1641 aderant,
1337 1567 1606 1630 misericordiam
1620 1566 1666 1630 de
1680 1586 1775 1630 more
1789 1586 1866 1651 gen·

542 1682 622 1753 tice,
637 1681 790 1745 insaniae
812 1683 1031 1766 allegatione,
1054 1681 1238 1766 deprecati.
1262 1681 1393 1747 Verum
1415 1692 1453 1746 ut
1475 1680 1604 1746 rediret
1626 1682 1661 1745 in
1680 1684 1864 1759 sanitate..

541 1796 636 1861 illius
658 1808 792 1882 tergum
814 1798 985 1863 redditum
1007 1808 1058 1863 est
1081 1799 1125 1863 ad
1148 1798 1368 1882 Imperatoris
1391 1799 1552 1873 edictum,
1579 1798 1794 1884 flagellorum
1818 1801 1864 1863 vi·

541 1911 675 1977 bicibus
698 1922 893 1978 ostreatum.
