4066 6174
597 609 714 659 LIBER
738 610 776 669 11,
801 608 926 658 CAPUT
953 609 1053 660 XXX.
1430 614 1493 675 359

157 755 374 836 panderetur,
399 757 443 819 ad
467 757 570 839 ipsos,
597 755 810 839 Imperatore
841 757 987 829 deserto,
1019 757 1250 820 transiturum.
1277 755 1387 837 Apud
1417 775 1493 819 eum

156 872 278 934 vicena
300 872 508 935 bellatorum
531 872 640 935 millia
663 874 929 955 reperiebantur,
945 881 980 934 et
996 872 1031 935 in
1055 872 1097 934 iis
1113 872 1244 935 milleni
1261 870 1393 945 Gallae,
1416 870 1492 954 *qui

157 988 254 1069 equis
277 989 506 1051 merebantur.
530 998 564 1051 et
586 990 728 1052 totidem
753 989 957 1052 illustriores
986 987 1163 1061 Abassini,
1187 997 1222 1050 et
1244 989 1333 1050 inter
1356 1007 1415 1051 eos
1438 1007 1493 1051 ca·

155 1103 276 1166 tholici
291 1105 525 1184 probatissimi
538 1105 581 1167 ad
592 1114 772 1178 trecentos,
786 1105 830 1167 ad
842 1105 1062 1187 pugnandum
1080 1104 1360 1185 moriendumque
1372 1104 1492 1185 parati,

155 1219 215 1299 qui
239 1219 391 1282 maxima
414 1238 496 1302 pars
518 1221 683 1283 victoriae
707 1218 854 1284 fuerunt.
888 1219 1040 1284 Caeteris
1063 1221 1234 1303 peditibus
1257 1230 1292 1283 et
1319 1220 1492 1301 equitibus

155 1351 274 1414 parum
299 1331 484 1407 fidendum,
500 1354 579 1397 nam
594 1337 651 1397 vel
666 1337 847 1399 rusticanis
861 1335 951 1398 ultro
967 1335 1161 1408 adiiciendi,
1178 1335 1244 1407 vel,
1262 1336 1291 1398 si
1307 1336 1374 1416 ipsi
1395 1335 1491 1416 quid·

154 1468 256 1530 quam
280 1451 496 1523 obsisterent,
520 1451 554 1512 in
580 1471 660 1513 suos
682 1453 786 1533 pedes
808 1459 907 1513 erant
929 1451 1143 1513 coniiciendi.

245 1568 275 1627 6.
300 1564 501 1647 Imperator,
524 1567 583 1629 ubi
606 1568 753 1649 septima
776 1565 860 1629 iunii
883 1565 966 1638 dies,
989 1585 1077 1646 quae
1093 1565 1193 1629 lunae
1216 1573 1297 1637 erat,
1315 1565 1395 1628 anni
1416 1566 1491 1627 mil·
1554 1570 1671 1621 menn·
1694 1573 1837 1635 specimen

155 1680 266 1743 lesimi
289 1681 533 1744 sexcentesimi
565 1683 733 1765 trigesimi
755 1683 896 1745 secundi
920 1682 1046 1753 illuxit,
1070 1690 1315 1753 antecursores,
1339 1681 1489 1744 hostium
1518 1652 1546 1692 οἳ
1564 1641 1729 1693 iuramenta.

154 1817 175 1859 a
197 1816 234 1859 se
258 1798 476 1860 intervallum
501 1807 535 1860 et
558 1796 661 1861 situm
691 1798 919 1880 exploratum,
944 1798 1083 1861 dimisit.
1118 1795 1205 1859 Mox
1235 1816 1334 1860 sacro
1354 1805 1388 1859 et
1412 1815 1489 1858 con·

154 1911 244 1973 cioni
268 1910 434 1985 interfuit,
459 1912 494 1975 in
517 1933 586 1995 qua
601 1935 633 1996 p.
651 1912 803 1977 Didacus
819 1933 944 1999 magna
967 1915 1107 1996 spiritus
1122 1912 1324 1976 efficacitate
1348 1922 1490 1976 cunctos

153 2030 197 2092 ad
220 2030 453 2111 pugnandum,
483 2038 519 2092 et
541 2039 599 2093 aut
622 2030 772 2113 gloriose
796 2032 1011 2105 vincendum,
1035 2040 1095 2094 aut
1117 2028 1252 2094 fortiter
1275 2029 1489 2094 moriendum

152 2165 216 2227 pro
239 2145 373 2228 imperii
397 2154 433 2208 et
455 2143 535 2209 fidei
551 2147 786 2210 incolumitate
802 2148 966 2211 incitavit.
983 2147 1233 2229 Exploratores
1255 2147 1489 2209 renuntiarunt

151 2261 271 2325 hostes
287 2280 355 2324 non
370 2263 489 2344 procul
505 2262 635 2335 abesse,
651 2270 686 2325 et
701 2263 824 2343 pedem
841 2282 960 2326 versus
975 2261 1219 2344 Imperatorem
1236 2258 1401 2326 conferre.
1418 2260 1489 2323 Ex·

152 2380 284 2460 templo
307 2376 478 2459 dispansis
500 2378 650 2449 vexillis,
682 2388 716 2440 et
739 2377 900 2459 praeliari
924 2378 1043 2441 ordine
1073 2376 1263 2459 imperialis
1290 2377 1382 2440 acies
1411 2396 1488 2458 pro·

151 2496 274 2558 cedere
297 2495 420 2575 coepit,
444 2502 479 2556 et
501 2495 576 2575 ipse
599 2493 742 2556 meridie
758 2495 791 2556 in
816 2494 906 2557 colle
929 2495 972 2556 ad
988 2494 1160 2556 sinistram
1183 2494 1358 2575 paululum
1378 2511 1489 2555 assur·

150 2621 255 2692 gente
289 2609 517 2690 interquievit.
549 2607 684 2672 Moram
718 2609 836 2672 hostes
858 2609 988 2672 nullam
1019 2610 1260 2690 interposuere,
1295 2609 1356 2672 sed
1390 2609 1488 2671 brevi

150 2744 230 2787 suas
252 2723 412 2787 cohortes
434 2743 540 2806 prope
555 2725 711 2787 eumdem
728 2734 878 2788 montem
894 2725 1082 2787 intulerunt
1098 2733 1132 2786 et
1148 2736 1314 2807 tympana
1329 2744 1370 2787 ac
1386 2726 1488 2788 tubae

149 2840 314 2903 bellicum
338 2840 496 2921 utrinque
519 2841 723 2903 cecinerunt.
747 2839 908 2903 Proxime
932 2849 1115 2923 antequam
1142 2840 1309 2922 proelium
1333 2839 1485 2912 iniretur,

150 2956 354 3038 Imperator,
378 2956 536 3037 princeps
559 2965 593 3018 et
617 2956 677 3017 alii
693 2974 739 3018 ex
755 2955 974 3039 magnatibus
996 2974 1149 3019 summae
1164 2956 1302 3037 pietatis
1317 2953 1486 3039 significa·

100 3060 105 3068 ’
148 3073 243 3135 tione
267 3071 510 3135 conscientiam
534 3071 771 3155 exomologesi
796 3091 872 3134 cum
896 3093 929 3154 p.
946 3071 1081 3134 Didaco
1104 3080 1340 3154 repurgarunt,
1366 3072 1487 3134 iureiu-

148 3189 258 3252 rando
281 3186 383 3251 fidem
407 3207 503 3250 suam
518 3189 782 3270 obstringentes,
806 3208 854 3259 se,
871 3188 900 3250 si
923 3188 1073 3251 victores
1089 3187 1283 3259 evaderent,
1304 3184 1378 3249 fore
1394 3188 1487 3250 inde·

148 3301 262 3366 fessos
291 3303 481 3366 catholicae
508 3300 589 3367 fidei
621 3302 779 3374 fautores,
812 3314 846 3366 ct
880 3304 914 3365 in
946 3301 1031 3367 fines
1061 3303 1197 3384 imperii
1228 3312 1485 3387 propagatores.

149 3417 293 3482 Utinam
317 3415 463 3482 fuissent
485 3420 708 3482 executores!

240 3551 271 3612 7.
295 3533 486 3615 Equitibus,
511 3536 546 3596 in
570 3537 694 3616 quibus
717 3545 788 3598 tota
813 3546 886 3598 erat
914 3533 1048 3606 fiducia,
1076 3536 1279 3617 imperatum
1306 3534 1410 3617 (quod
1434 3536 1486 3597 vi·
1547 3539 1691 3604 equium
1709 3543 1776 3592 haec
1791 3541 1835 3593 vl-

147 3651 276 3714 ctoriae
300 3659 403 3732 caput
426 3647 511 3731 fuit),
532 3662 569 3713 ut
600 3670 720 3714 omnes
743 3651 880 3714 ordines
907 3652 1096 3733 praeirent;
1127 3653 1269 3713 sienim
1293 3652 1426 3732 pedites
1450 3653 1483 3714 in
1512 3612 1601 3663 ceorla
1619 3612 1781 3664 mmm

147 3765 328 3848 principiis
351 3767 554 3838 locarentur,
582 3775 617 3829 et
639 3767 749 3830 hostis
779 3738 1000 3837 obniteretur,
1031 3778 1088 3830 aut
1111 3777 1211 3850 terga
1234 3767 1346 3830 daturi
1376 3777 1484 3841 erant,
1518 3828 1524 3839 ,

147 3890 207 3943 aut
230 3880 283 3944 illi
305 3901 343 3943 se
366 3891 401 3944 et
424 3900 519 3943 arma
541 3882 700 3946 dedituri.
725 3881 796 3945 Ubi
819 3884 990 3964 equitatus
1013 3884 1056 3944 ad
1080 3884 1139 3945 teli
1156 3883 1282 3945 iactum
1305 3883 1485 3963 processit,

146 3997 307 4077 utrinque
330 3997 478 4058 incursio
502 4016 667 4078 suspenso
690 3998 799 4079 gradu
823 3998 977 4071 inhibita,
1000 3997 1224 4061 Lastensibus
1247 3998 1484 4080 trepidationis

148 4110 276 4173 indicia
298 4111 552 4192 praebentibus,
577 4120 611 4173 et
635 4113 869 4194 imperialibus
893 4112 1117 4195 aggrediendi
1138 4113 1274 4195 signum
1297 4123 1482 4193 expectan-

145 4228 249 4290 tibus.
275 4226 393 4289 Duces
409 4227 516 4308 aliqui
532 4226 777 4310 generosiores,
794 4226 1039 4310 Imperatorem
1059 4231 1232 4299 adeuntes,
1256 4246 1417 4289 monuere
1441 4248 1484 4290 ne

144 4353 308 4426 punctum
331 4353 555 4416 cunctaretur,
579 4342 691 4406 Deum
707 4345 798 4405 enim
816 4340 983 4406 fautorem
1007 4344 1211 4406 habiturum.
1237 4343 1374 4406 Primus
1399 4342 1483 4425 ipse,

146 4460 247 4542 signo
271 4476 407 4542 pugnae
431 4458 522 4530 dato,
555 4478 680 4539 equum
704 4460 737 4521 in
762 4457 1031 4521 confertissimos
1055 4459 1178 4541 globos
1202 4457 1390 4541 instigavit.
1414 4455 1485 4521 Sed

146 4573 297 4637 medium
321 4592 359 4636 se
382 4574 508 4636 obiecit
532 4576 644 4636 senior
668 4573 773 4655 ipsius
796 4571 901 4636 frater
924 4573 1000 4635 Ras
1023 4572 1155 4636 Emana
1178 4572 1333 4636 Christds
1358 4581 1395 4636 ut
1410 4584 1483 4636 tan·

145 4691 262 4773 tisper,
286 4689 383 4771 quasi
407 4690 451 4751 ad
466 4688 654 4771 periculum
671 4687 895 4753 differendum
914 4699 1114 4764 moraretur3
1139 4689 1198 4750 ille
1222 4699 1336 4752 tamen
1354 4688 1482 4771 insigni

145 4806 331 4869 turbatoris
354 4805 576 4887 despicientia
599 4823 722 4886 equum
747 4806 859 4868 acrius
882 4805 1122 4878 instimulavit3
1146 4814 1179 4867 et
1196 4823 1278 4866 mox
1301 4805 1483 4886 equitatus,

145 4941 213 4984 non
245 4917 408 4984 Sanctum
442 4919 603 4982 Iacobum
635 4929 751 4983 nostro
782 4940 884 4991 more,
909 4921 969 4982 sed
997 4919 1075 4982 Iesu
1106 4939 1240 4991 nomen,
1272 4939 1317 4982 ex
1348 4928 1481 5000 patrum

144 5038 301 5101 doctrina
325 5035 534 5109 inclamavit,
558 5045 592 5098 et
609 5037 776 5098 auxilium
793 5036 991 5119 imploravit
999 5056 1007 5110 ;
1032 5036 1188 5119 idemque
1205 5033 1269 5099 fuit
1292 5036 1480 5118 irrumpere

27 5169 44 5222 t.
60 5179 117 5230 170.
145 5153 238 5236 quod
262 5148 431 5223 *vincere
456 5153 605 5214 clamare
629 5153 719 5231 quod
736 5171 907 5233 superare.
927 5151 1013 5214 Cum
1029 5154 1119 5215 onim
1137 5152 1316 5214 vulnerare
1341 5151 1482 5225 vellent,
