4066 6184
611 619 727 675 mssa
751 622 790 685 11,
813 617 938 674 ossus
966 619 1034 674 xx.
1424 620 1486 689 ²99

153 770 358 836 venerabilis
372 771 508 859 frater,
536 771 757 858 triumphatis
787 771 824 835 in
847 770 1069 837 benedictione
1090 769 1264 857 apostoloci
1282 771 1432 835 Senatus
1454 773 1490 833 rt

149 886 278 972 plausu
301 887 469 973 Europae,
492 908 555 953 noc
575 888 664 952 uobis
685 893 877 953 constanter
893 887 1188 975 perseverantibus
1209 908 1249 952 ea
1266 884 1416 974 perfecti
1434 886 1488 950 de·

153 1003 241 1068 coris
263 1002 457 1068 diademata
479 1003 518 1068 in
541 1005 627 1069 coelo
648 1006 799 1081 deerunt,
822 1026 906 1090 qnae
923 1004 1106 1090 pollicetur
1129 1003 1348 1089 Omnipotens
1363 1007 1488 1089 propa·

151 1118 329 1204 galeribus
351 1120 454 1205 regni
473 1121 629 1187 coelestes.
645 1122 882 1187 Benedicirm
895 1122 1002 1186 sacris
1016 1120 1139 1186 nestris
1153 1119 1328 1192 laboribus,
1340 1118 1489 1204 petimus

154 1234 244 1298 oobis
266 1236 465 1322 angelorum
499 1237 646 1311 anxilio,
665 1237 868 1323 pollicemur
883 1236 1082 1323 pontificiae
1104 1234 1317 1300 auctoretatis
1341 1234 1487 1320 patroci-
1513 1264 1517 1269 ·

155 1349 266 1415 nomm.
297 1351 456 1416 Dilectus
476 1354 594 1438 filius,
616 1354 798 1418 Societatcs
825 1360 954 1419 vestrae
981 1352 1202 1440 Praeposctns
1219 1350 1401 1439 generales,
1431 1350 1494 1435 qui

156 1466 228 1531 luis
250 1467 487 1555 consignatum
521 1468 747 1534 monumentis
780 1469 894 1556 regale
922 1467 1163 1533 iusiurandum
1192 1469 1240 1532 ad
1265 1488 1326 1530 nos
1355 1466 1489 1540 detulit,

152 1583 295 1669 prolixe
316 1584 441 1651 testari
454 1587 591 1671 poterit,
615 1606 681 1672 qna
703 1592 735 1651 te
757 1584 857 1649 laude
878 1589 913 1650 et
933 1584 1100 1650 clcaritatc
1120 1591 1371 1671 prosemcamnr,
1385 1583 1489 1669 plan·

156 1703 286 1765 tantem
309 1702 413 1766 coelos
434 1702 472 1766 in
495 1702 692 1789 aethiopicis
713 1703 816 1789 agris.
843 1701 985 1767 Caetera
1008 1702 1057 1766 ad
1075 1701 1211 1765 coeleste
1235 1700 1293 1764 lcoc
1319 1698 1490 1786 negote'um

25 1826 130 1892 [142.
155 1817 344 1902 spectantia
367 1839 411 1883 ex
433 1818 478 1882 iis
501 1819 614 1883 literis
635 1819 785 1903 accipies,
807 1815 909 1903 *quas
923 1817 1136 1904 congregatio
1152 1816 1391 1881 Cardcnalinm
1398 1813 1494 1899 fidei

151 1934 432 2021 propagationem
454 1936 653 2000 curaretium
675 1935 794 2000 scribet
814 1935 1051 2000 Fraternitati
1071 1938 1159 2008 tuae,
1182 1933 1241 1998 cui
1262 1933 1387 1997 iterum
1412 1939 1490 2017 per·

156 2057 315 2117 amanter
336 2052 565 2116 benedicimus.
588 2053 723 2117 Datum
746 2052 874 2117 Romae
896 2050 989 2137 apul
1007 2051 1172 2115 Sanctum
1191 2050 1333 2114 Petrum
1348 2048 1407 2112 snb
1429 2067 1490 2111 an·

156 2167 243 2232 nula
264 2168 461 2243 Piscatoris,
491 2168 546 2233 die
566 2191 587 2250 4
609 2168 731 2233 martii
751 2167 935 2232 MDCXX
941 2167 1043 2242 VIII,
1066 2187 1157 2230 anno
1182 2165 1404 2251 pontificatus
1433 2183 1490 2227 no-

155 2283 230 2349 stri
250 2283 378 2369 quinto.
