4066 6184
609 2189 795 2266 CAPUT
823 2191 973 2265 XXIV.

357 2482 585 2578 Imperator
612 2505 705 2557 cum
736 2483 860 2560 totius
887 2483 1050 2580 imperii
1077 2485 1223 2559 robore

159 2625 314 2690 contra
346 2618 571 2692 Lastenses
601 2617 787 2713 procedit
820 2626 862 2692 et
892 2618 1091 2713 inglorius
1124 2619 1219 2694 inde
1246 2619 1411 2694 recedit.

210 2979 238 3023 1.
266 2959 441 3023 Hibernos
463 2980 597 3025 menses
620 2962 810 3044 Imperator
832 2964 958 3045 partim
982 2965 1184 3046 praeteritae
1208 2966 1372 3027 victoriae
1403 2984 1453 3027 re·
1516 2969 1616 3033 iniqua
1646 2969 1801 3033 praetectu-

114 3077 318 3138 cordatione
342 3075 459 3148 laetus
484 3077 608 3158 partim
632 3078 737 3140 animi
760 3098 946 3160 suspensus
968 3099 1014 3142 ex
1038 3079 1196 3141 lasteusis
1219 3080 1302 3141 belli
1326 3079 1453 3142 sollici·
1481 3054 1574 3090 “mm
1592 3039 1706 3091 dinuo.

113 3190 236 3254 tudine
261 3192 425 3264 traduxit,
450 3203 484 3254 et
507 3195 604 3275 regni
628 3193 743 3256 munia
767 3196 877 3277 magis
899 3215 944 3258 ex
969 3196 1144 3277 sanguinis
1167 3214 1269 3266 nexu,
1285 3214 1387 3277 quam
1408 3215 1453 3258 ex

113 3305 253 3388 imperii
279 3309 459 3371 commodo
483 3309 609 3372 divisit.
634 3308 799 3392 Gojamae
830 3321 864 3372 et
895 3311 992 3394 regni
1023 3310 1160 3392 Tigraei
1191 3310 1277 3373 duos
1307 3329 1454 3394 generos

113 3440 291 3505 proteges,
320 3421 457 3486 Guebra
488 3421 644 3488 Christds
675 3436 708 3488 et
740 3426 840 3487 Bella
863 3426 1026 3498 Christds,
1049 3427 1197 3498 creavit;
1224 3425 1454 3507 Bagamediro

112 3536 285 3618 praefecit
309 3537 529 3603 honorarium
552 3552 746 3606 senatorem
763 3540 901 3605 Guebra
923 3541 1087 3613 Christos,
1110 3541 1285 3604 hominem
1308 3543 1453 3615 tardum,

113 3672 355 3734 praecrassum
378 3664 413 3715 et
436 3657 656 3729 ventriosum,
680 3660 738 3738 qui
763 3659 852 3720 iutra
875 3677 971 3720 suam
995 3659 1130 3720 domum
1148 3657 1257 3720 cellae
1269 3659 1454 3738 penuariae

112 3778 146 3831 et
171 3766 360 3832 farinariae
382 3772 610 3852 praesidebat.
634 3772 743 3854 Quem
769 3775 846 3836 ideo
869 3776 1006 3855 quidam
1023 3773 1231 3836 subridicule
1250 3771 1452 3836 farinacium

112 3887 275 3949 vocabat.
301 3884 429 3966 Quales
452 3906 534 3949 vero
559 3889 623 3950 sub
645 3886 807 3951 farinario
831 3889 917 3950 duce
941 3889 1067 3950 milites
1092 3899 1216 3959 essent,
1249 3889 1316 3951 nisi
1346 3884 1452 3950 furfu-

113 4002 229 4063 racei?
255 3998 330 4063 Soli
354 3999 430 4063 Ras
452 4000 534 4064 Sela
557 4001 723 4074 Christds,
747 4013 823 4084 post
848 4013 898 4065 tot
922 4000 1120 4085 magnificas
1151 4004 1394 4085 promissiones
1418 4014 1454 4067 et

10 4153 16 4167 ·
77 4161 83 4174 .
110 4112 285 4179 fraternae
308 4116 559 4198 poeniten*tiae
582 4117 841 4198 professionem,
866 4119 947 4182 data
969 4130 1021 4183 est
1042 4140 1063 4182 a
1079 4119 1272 4182 muneribus
1287 4121 1451 4191 vacuitas,

111 4233 192 4312 quia
216 4232 379 4313 princeps
401 4232 573 4295 Basilides
596 4252 675 4296 eum
698 4234 742 4297 ad
762 4235 833 4307 illa,
849 4254 936 4314 quae
953 4237 1103 4315 parabat,
1122 4235 1286 4296 inermem
1303 4235 1453 4306 volebat,

111 4355 145 4408 et
169 4356 270 4428 pater
292 4344 363 4407 filio
388 4348 431 4409 ad
455 4349 593 4428 plenum
617 4350 828 4431 indulgebat.
853 4346 923 4410 Sed
946 4369 987 4411 ea
1010 4350 1143 4431 prolata
1165 4358 1217 4411 est
1240 4348 1339 4421 ratic,
1362 4351 1455 4428 quod

112 4471 305 4541 praestaret
328 4482 405 4524 eum
429 4481 565 4544 semper
588 4465 632 4526 ad
655 4464 745 4527 latus
767 4464 904 4537 habere,
929 4484 1032 4547 quam
1062 4448 1202 4526 remotis
1232 4461 1455 4544 praefecturis

110 4577 291 4640 absentem
315 4576 487 4639 distinere.
513 4578 597 4640 Post
621 4579 781 4661 hyemem
805 4581 840 4642 in
865 4580 994 4643 bellum
1019 4598 1177 4662 egressus
1204 4589 1239 4641 et
1256 4579 1454 4642 indecoram

111 4691 358 4774 Bagamedrini
394 4712 556 4774 proreges
591 4696 794 4757 electionem
826 4697 1041 4766 erubescens,
1077 4692 1153 4756 Ras
1187 4694 1268 4755 Sela
1298 4692 1454 4757 Christos

110 4809 266 4871 eiusdem
292 4805 423 4872 farinae
446 4811 627 4892 aspergine
650 4810 852 4882 sordidavit,
877 4813 989 4892 ipsum
1014 4811 1064 4872 illi
1089 4809 1280 4891 subrogans
1303 4819 1337 4872 et
1365 4808 1454 4872 intra

109 4926 262 5008 quinque
299 4925 374 4986 dies
407 4924 528 5006 puerili
563 4924 712 4987 ludibrio
743 4928 954 5007 palinodiam
986 4933 1175 4994 recantans,
1203 4944 1245 4986 eo
1269 4935 1455 5004 praetextu

110 5043 200 5122 quod
226 5042 273 5104 ab
297 5040 441 5103 aemulis
465 5041 648 5103 iactaretur
678 5040 869 5104 rusticanos
900 5043 1082 5105 Lastenses
1107 5041 1150 5102 de
1174 5059 1259 5119 pace
1289 5040 1453 5121 cogitare,

110 5156 153 5218 ad
169 5174 276 5238 quam
294 5157 497 5219 nectendam
514 5155 626 5235 aptior
642 5166 733 5218 esset
749 5176 811 5220 sua
826 5158 947 5241 pingui
964 5159 1119 5218 minerva
1134 5152 1273 5217 Guebra
1289 5152 1456 5230 Christos,

188 5295 216 5339 C.
233 5294 343 5336 samm.
358 5294 413 5336 Rer.
430 5293 498 5336 Ant.
513 5292 603 5345 Smyr.
619 5305 665 5335 oce.
681 5294 747 5336 t'ned.
763 5316 788 5326 -
804 5292 871 5335 VIII.
1347 5305 1371 5344 41
