4066 6184
657 2170 845 2247 CAPUT
873 2169 979 2243 XIX.

306 2470 506 2566 Episcopi
534 2467 712 2544 Nicaeni
739 2467 784 2542 in
811 2463 1079 2559 Aethiopiam
1107 2461 1336 2556 ingressus3

152 2614 195 2681 et
240 2602 408 2680 iubilaei
448 2601 691 2699 plenissimi,
734 2601 841 2700 quod
880 2620 1020 2675 secum
1063 2595 1208 2682 intulit,
1251 2592 1485 2690 publicatio.

249 2971 276 3015 1.
301 2949 454 3013 Nicaeno
477 2951 640 3032 episcopo
663 2947 789 3010 Iacobo
812 2946 924 3020 Sicco,
948 2945 1166 3009 Patriarchae
1182 2942 1370 3008 coadiutori
1386 2949 1419 3004 et
1436 2940 1487 3004 fu·
1551 2940 1684 3031 {pimus
1701 2943 1838 2993 adventu·

154 3079 232 3132 turo
255 3066 455 3141 successori,
478 3085 556 3129 cum
578 3066 700 3129 eodem
723 3085 769 3127 ex
791 3064 968 3127 Lusitania
990 3063 1119 3126 eisdem
1140 3062 1283 3124 navibus
1299 3077 1439 3143 egresso
1455 3068 1489 3122 et
1516 3027 1602 3142 ἓξ,
1616 3015 1837 3141 mffim

154 3185 191 3245 in
216 3184 301 3246 mari
324 3193 403 3264 post
426 3182 708 3265 quadrimestrem
732 3199 866 3244 cursum
889 3179 1055 3251 extinct0,
1078 3175 1242 3241 suffectus
1271 3174 1490 3258 Apollinaris

154 3300 321 3363 Almeida
343 3300 561 3364 Patriarchae
585 3300 679 3381 prius
702 3299 847 3372 auditor,
871 3308 952 3361 tunc
975 3305 1089 3358 autem
1117 3294 1309 3356 divinorum
1333 3293 1489 3356 codicum

155 3418 191 3479 in
214 3416 384 3480 Eborensi
407 3416 584 3480 academia
606 3413 788 3498 professor,
812 3434 902 3476 anno
929 3416 1011 3476 1628
1039 3412 1075 3474 in
1105 3410 1240 3473 Indiam
1271 3411 1348 3472 vela
1379 3408 1490 3484 dedit;

154 3533 217 3597 sed
239 3530 438 3597 reflantibus
461 3533 584 3604 ventis,
608 3532 821 3596 retrocedere
855 3530 1063 3612 compulsus,
1086 3529 1179 3590 viam
1209 3545 1299 3589 anno
1330 3526 1490 3608 proximo

155 3650 405 3734 redintegravit
435 3652 470 3713 in
497 3652 669 3733 praetoria
692 3649 771 3713 navi
794 3648 976 3711 Michaelis
999 3668 1020 3710 a
1050 3645 1202 3710 Noronia
1230 3643 1366 3707 comitis
1388 3642 1490 3706 Lina·

156 3767 288 3839 riensis,
304 3788 326 3830 a
345 3764 456 3850 Rege,
480 3775 518 3829 ut
541 3786 603 3829 sua
625 3768 701 3830 vice
725 3765 934 3849 fungeretur,
952 3765 987 3828 in
1003 3764 1180 3830 Orientem
1197 3760 1369 3827 destinati.
1386 3759 1490 3823 Illum

156 3901 284 3965 prorex
305 3884 352 3946 ob
374 3883 511 3947 virtutis
534 3885 719 3966 specimen,
750 3883 955 3965 sapientiam
978 3892 1012 3946 et
1036 3883 1157 3945 miram
1181 3881 1311 3964 ingenii
1340 3879 1490 3942 suavita·

155 4008 226 4063 tem
248 3998 434 4063 honorifice
457 4019 594 4081 semper
620 4010 655 4063 et
686 4000 827 4082 opipare
850 3999 1023 4064 tractavit.
1046 3996 1197 4062 Octobre
1221 3997 1265 4060 ad
1288 3997 1420 4058 exitum
1440 3996 1491 4058 in-

156 4117 317 4189 clinante,
340 4113 451 4180 Goam
474 4116 529 4179 die
554 4115 668 4179 martii
690 4117 823 4179 decima
849 4115 1025 4198 sequentis
1055 4116 1136 4178 anni
1166 4113 1272 4177 Dium
1299 4112 1490 4194 prehendit.

158 4232 338 4318 Vigesima
360 4235 479 4316 quinta
503 4253 580 4297 cum
603 4256 636 4317 p.
661 4234 806 4315 Iosepho
839 4231 987 4297 Girocho
1019 4233 1249 4316 neapolitano,
1281 4228 1491 4312 infatigabili

156 4349 322 4432 operario,
347 4359 381 4413 et
403 4348 630 4414 Emmanuele
646 4350 764 4414 Macro
779 4350 1001 4414 Patriarchae
1017 4350 1196 4431 capellano
1211 4365 1335 4411 navem
1351 4348 1387 4409 in
1402 4345 1492 4429 Ery·

155 4466 311 4529 thraeum
335 4485 427 4530 mare
450 4467 651 4531 conscendit
682 4477 716 4530 et
747 4486 824 4530 cum
855 4464 1074 4549 Suaquenum
1099 4466 1273 4551 inlittore
1296 4463 1491 4546 aethiopico

156 4602 297 4666 scopum
317 4584 383 4647 sibi
406 4581 635 4667 praefixisset,
658 4593 837 4647 ventorum
861 4584 1082 4665 improbitate
1106 4582 1140 4645 in
1160 4579 1384 4645 Camaranum
1401 4576 1492 4642 Ara·

156 4700 235 4763 biae
266 4700 427 4763 adiacens
461 4702 582 4783 quinta
612 4701 668 4763 die
698 4700 780 4763 maii
811 4709 862 4762 est
894 4701 1021 4773 illatus,
1053 4700 1141 4762 unde
1172 4697 1341 4781 vigesima
1356 4695 1493 4781 gquinta

156 4815 230 4878 iulii
255 4813 444 4889 discedens,
469 4818 608 4898 augusti
631 4817 765 4879 decima
781 4816 950 4890 Mazuam,
965 4818 1137 4901 vigesima
1152 4818 1272 4898 quinta
1288 4814 1494 4877 Fremonam

155 4941 190 4994 et
212 4931 347 4995 decima
370 4943 471 4996 sexta
495 4933 685 4996 decembris
709 4933 918 4997 Dancazium
942 4935 1112 5016 pervenit,
1137 4952 1205 4996 non
1231 4930 1349 4994 multis
1373 4931 1494 5012 equiti-

155 5049 230 5120 bus,
255 5050 313 5130 qui
336 5058 418 5111 tunc
442 5050 525 5113 illuc
549 5051 731 5133 degebant,
756 5052 790 5113 in
814 5069 994 5115 occursum
1026 5050 1284 5133 prodeuntibus,
1309 5064 1388 5109 cum
1418 5065 1497 5108 coe·

155 5165 221 5227 teri
245 5174 366 5227 contra
388 5163 573 5228 lastenses
595 5166 852 5247 processissent.
876 5166 1013 5231 Eadem
1033 5165 1089 5230 die
1105 5165 1350 5248 Imperatorem
1367 5160 1497 5233 invisit,

236 5301 265 5347 C.
278 5302 379 5346 Bromi
400 5304 457 5347 aar.
475 5304 546 5347 aeth.
559 5304 651 5358 Serapi.
664 5317 711 5348 occ.
724 5306 792 5349 r'md.
810 5327 832 5337 -
845 5305 914 5351 VIII.
1391 5315 1417 5357 37
