4166 6182
537 589 639 637 XXIV
1070 591 1334 642 INTRODUCTIO

535 751 631 809 trum
661 737 848 810 Minorum
877 738 1007 813 relicto
1035 739 1249 835 Ludolphio
1277 754 1382 826 teste,
1422 740 1461 819 in
1502 740 1664 814 Galliam
1702 766 1743 813 se
1782 765 1866 813 con-

535 871 629 957 tulit,
659 870 721 944 ubi
750 870 840 966 quid
869 872 989 966 egerit
1016 897 1163 968 quaque
1192 873 1407 969 turpissima
1438 891 1556 949 morte
1593 873 1729 946 obierit
1767 872 1867 968 apud

535 1007 710 1078 eumdem
739 1020 949 1078 enarratum
979 1006 1153 1102 prostat(
1180 1011 1204 1103 l.

618 1140 679 1217 16.
709 1138 880 1212 Missioni
909 1138 1144 1235 aethiopicae
1172 1140 1356 1214 recentius
1380 1140 1569 1215 institutae
1598 1142 1658 1214 vel
1678 1140 1869 1214 restitutae

537 1272 678 1367 primus
702 1274 913 1368 praefectus
942 1287 1047 1369 pater
1075 1275 1119 1346 11.
1149 1275 1337 1350 Antonius
1356 1302 1378 1349 a
1398 1275 1607 1372 Virgoletta
1635 1274 1868 1348 renuntiatus

535 1420 603 1490 est,
641 1419 679 1477 et
706 1431 790 1479 cum
818 1431 865 1479 011
892 1408 1055 1502 quadam
1084 1406 1245 1503 epistola
1272 1410 1390 1504 patris
1417 1410 1461 1482 ir.
1493 1409 1630 1504 ignatii
1660 1434 1682 1481 a
1716 1407 1868 1481 Perusio

535 1538 690 1612 Ordinis
728 1539 819 1610 MM.
863 1540 946 1612 RR.
975 1540 1012 1613 in
1042 1540 1285 1636 Aethiopiam
1314 1542 1489 1616 destinati
1521 1542 1753 1640 Ulyssipone
1781 1543 1869 1614 data

536 1671 700 1768 suspicio
738 1687 819 1745 orta
856 1672 988 1746 fuisset
1016 1688 1142 1769 patres
1183 1675 1382 1749 Societatis
1413 1700 1549 1749 novam
1587 1672 1869 1771 expeditionem

538 1806 720 1901 impedire
748 1807 844 1879 velle
864 1807 926 1899 (2),
956 1808 1355 1883 excommunicationis
1383 1834 1506 1905 poena
1533 1809 1685 1884 decreta
1712 1822 1771 1881 est
1796 1832 1871 1880 om·

537 1939 647 2012 nibus
675 1938 721 2013 iis
749 1939 812 2035 qui
841 1940 934 2013 illud
963 1953 1187 2014 attentarent
1204 1939 1272 2041 (3).
1290 2024 1296 2041 ,
1313 1942 1420 2015 Vana
1456 1941 1573 2038 patris
1605 1967 1627 2014 a
1660 1941 1872 2035 Virgoletta

616 2129 661 2207 (1)
684 2131 836 2190 Commeat.
858 2133 900 2190 ud
917 2133 1043 2199 Hister„
1065 2134 1105 2203 Il,
1126 2151 1154 2209 9,
1176 2148 1223 2206 35,
1246 2138 1276 2207 §5
1299 2148 1359 2208 5·7.

615 2230 661 2305 (2)
687 2254 725 2289 1,
750 2273 756 2286 .
780 2275 786 2287 .
809 2249 870 2289 con
891 2241 998 2306 questa
1019 2234 1051 2289 di
1073 2250 1175 2291 nuovo
1199 2233 1227 2291 la
1248 2251 1347 2308 vengo
1368 2251 1387 2291 a
1407 2234 1540 2291 salutare
1561 2252 1578 2291 e
1600 2234 1725 2291 riverire
1747 2228 1872 2291 00111οὲ

536 2328 641 2386 debito
663 2328 726 2386 mio
748 2338 778 2386 et
800 2329 961 2387 notificarli
983 2348 1072 2387 come
1093 2331 1113 2387 li
1135 2349 1185 2407 pp.
1208 2330 1337 2389 Gieeuiti
1359 2332 1472 2407 quadi
1495 2330 1630 2390 Lisbona
1648 2330 1756 2389 hanno
1772 2349 1873 2389 mossa

536 2445 599 2484 una
619 2429 822 2501 grandissima
844 2429 1064 2503 persecutione,
1087 2428 1146 2486 tale
1168 2430 1225 2487 che
1246 2447 1278 2487 se
1299 2446 1361 2487 non
1384 2429 1466 2487 fosse
1488 2428 1592 2487 l’Ill.mo
1617 2432 1671 2504 sig.
1702 2428 1873 2488 Coliettore

536 2525 709 2599 apostolico
730 2526 787 2583 che
809 2527 850 2582 mi
872 2526 1032 2591 favorisce,
1055 2526 1135 2584 forse
1156 2526 1247 2584 starei
1268 2545 1287 2584 a
1308 2527 1368 2583 mal
1390 2526 1531 2595 termine,
1551 2536 1664 2587 etutto
1679 2537 1793 2602 questo
1807 2528 1874 2587 solo

537 2618 649 2697 perche
670 2623 750 2680 vado
771 2624 922 2698 perlando
943 2623 1026 2680 della
1047 2623 1194 2682 missione
1209 2624 1415 2700 dell’Etiopia,
1431 2606 1542 2700 poiche
1556 2625 1616 2681 essi
1633 2633 1763 2682 temono
1779 2623 1875 2685 molto

537 2719 594 2777 che
616 2719 636 2776 li
658 2719 755 2777 nostri
777 2720 864 2795 padri
887 2720 1000 2778 vadino
1022 2718 1060 2789 tt,
1086 2722 1117 2777 in
1149 2722 1189 2778 tal
1223 2723 1360 2779 maniera
1392 2721 1449 2779 che
1481 2738 1583 2779 vanno
1616 2720 1876 2795 persuadendos

537 2816 566 2874 S.
588 2818 623 2873 A.
646 2816 673 2873 S.
698 2815 933 2893 l’impossibilitit
953 2820 985 2875 di
1007 2829 1115 2893 questa
1147 2820 1293 2879 missione
1314 2838 1332 2876 e
1353 2820 1410 2877 che
1432 2821 1484 2877 noi
1512 2820 1584 2877 altri
1616 2836 1738 2877 saremo
1769 2820 1799 2876 la
1822 2819 1877 2879 de·

537 2914 698 2972 struttione
730 2916 795 2972 loro
828 2917 986 2975 mettendo
1017 2935 1072 2992 per
1102 2927 1182 2975 terra
1207 2918 1310 2991 quello
1332 2918 1389 2975 che
1414 2918 1472 2975 essi
1503 2918 1607 2975 hanno
1637 2916 1786 2975 edificato
1809 2959 1817 2974 .
1840 2959 1877 2974 ..

537 3011 629 3071 Onde
651 3014 671 3070 li
694 3012 751 3069 ΡΡ.
772 3013 805 3069 di
819 3023 928 3087 questo
943 3024 1097 3073 convento
1122 3025 1226 3073 nostro
1248 3016 1279 3071 di
1301 3015 1321 3071 S
1353 3013 1524 3073 Francesco
1540 3015 1689 3072 m‘hanno
1704 3013 1877 3073 incaricato

536 3112 568 3167 di
585 3111 709 3169 voleme
723 3112 779 3168 dar
792 3113 969 3186 ragguaglio
983 3131 1001 3170 a
1016 3111 1052 3169 V.
1067 3112 1094 3168 S.
1112 3112 1195 3170 Ill.¹¹¹⁸
1214 3136 1240 3172 ».
1264 3112 1350 3171 Haec
1366 3131 1394 3188 p.
1410 3132 1429 3169 a
1444 3112 1570 3171 Petusio
1591 3111 1643 3168 die
1661 3110 1771 3168 110111.
1792 3107 1877 3182 1637.

537 3218 567 3266 01
582 3207 610 3265 S.
623 3208 735 3283 Congr.
747 3210 799 3267 die
817 3223 848 3265 11
867 3211 949 3280 maii,
976 3234 990 3263 α
1006 3210 1170 3269 Referente
1186 3210 1286 3269 Emin.
1303 3210 1340 3268 D.
1356 3209 1446 3269 Card.
1463 3210 1565 3286 Spada
1580 3210 1697 3266 litteras
1710 3208 1746 3265 11.
1763 3207 1878 3285 Ignatii

537 3308 577 3364 de
599 3306 725 3364 Petusio
746 3308 785 3365 de
807 3308 915 3366 officiis
937 3326 1017 3383 quae
1038 3307 1169 3365 lesuitae
1194 3307 1449 3383 Ulyssiponenses
1474 3308 1513 3365 ad
1541 3305 1781 3382 impediendam
1807 3306 1879 3365 mis·

537 3405 656 3463 sionem
688 3403 935 3463 Reformatorem
968 3406 1167 3480 interponunt
1197 3406 1279 3480 apud
1310 3404 1492 3463 Sereniss.²m
1518 3403 1674 3461 Infantem
1697 3402 1880 3465 Lusitaniae

536 3501 792 3577 gubernatricem,
814 3511 845 3559 et
866 3521 946 3577 quae
968 3520 1004 3558 ex
1026 3503 1154 3560 adverso
1176 3504 1283 3560 dictmt
1303 3512 1333 3559 et
1355 3502 1456 3560 iacere
1481 3502 1588 3560 volunt
1602 3502 1713 3559 iratres
1729 3501 1878 3570 Minores,

537 3600 566 3657 S.
588 3596 710 3672 00113.ἰο
728 3599 812 3656 110111
834 3601 865 3656 in
886 3600 1000 3657 decisis
1021 3607 1053 3655 ut
1075 3600 1127 3656 liat
1152 3600 1257 3657 missio
1290 3600 1416 3657 fratrum
1449 3600 1699 3658 Reformatorum
1733 3599 1879 3657 italorum

537 3696 569 3753 in
602 3696 829 3770 Aethiopia...
847 3719 874 3750 ».
907 3694 1006 3763 rAPF,
1037 3694 1091 3761 VI,
1115 3695 1224 3752 Letterc
1254 3696 1289 3753 di
1316 3696 1448 3771 Spngma,
1479 3696 1672 3772 Inghr‘lterra,
1697 3707 1768 3766 etc„
1794 3693 1879 3768 1637,

537 3794 597 3851 vol.
622 3789 730 3862 106,1.
756 3790 803 3867 12)
849 3793 926 3850 «Ad
958 3792 1069 3866 Congr.
1091 3793 1152 3850 diei
1180 3809 1218 3849 ao
1239 3795 1302 3851 iulii
1329 3794 1412 3866 1637.
1441 3795 1605 3853 Referente
1634 3797 1750 3854 eodem
1778 3794 1879 3851 Emin.

537 3890 1498 3966 01111.,11101001101111111111111111011111111111101111Μο111101
1528 3893 1723 3968 patriarchae
1753 3893 1881 3951 Aethio·

538 3989 607 4063 piae
629 4000 661 4045 ut
682 3989 787 4046 missio
809 3989 1056 4047 Reformatorum
1078 3988 1106 4043 S.
1130 3987 1283 4047 Francisci
1305 3990 1344 4047 ad
1366 3991 1564 4066 Aethiopiam
1582 3992 1730 4050 ordinata
1752 4008 1882 4066 suspen·

537 4087 668 4155 deretur,
690 4088 791 4145 donec
812 4087 840 4144 S.
863 4086 1069 4161 Congregatio
1091 4104 1143 4161 per
1165 4097 1280 4161 patrem
1303 4086 1526 4163 Hieronymum
1549 4088 1670 4146 Lobum
1692 4088 1724 4146 S.
1739 4088 1763 4145 I.
1791 4088 1883 4146 fuerit

537 4184 577 4241 de
598 4184 789 4241 successibus
811 4184 995 4258 Aethiopiae
1016 4183 1191 4251 informata,
1213 4181 1309 4240 Em.mi
1335 4183 1438 4242 Patres
1460 4195 1611 4243 steterunt
1626 4186 1658 4243 in
1674 4187 1812 4245 decretis
1827 4203 1883 4261 pro

539 4282 685 4340 missione
718 4279 964 4338 Reformatorem
996 4282 1028 4337 in
1050 4281 1214 4355 Aethiopia
1244 4282 1284 4338 ob
1306 4292 1366 4338 tres
1387 4284 1524 4341 rationes
1547 4329 1553 4341 .
1576 4327 1584 4341 .
1608 4306 1644 4340 .»
1684 4282 1788 4357 (APF,
1812 4285 1884 4340 Acta

539 4397 623 4436 anno
656 4376 834 4450 1636-1637,
864 4378 879 4435 1
914 4393 981 4450 331,
1011 4398 1040 4436 n.
1073 4383 1143 4450 1-3).

618 4475 663 4553 (31
689 4475 767 4531 «Ad
796 4476 909 4549 Congr.
934 4476 995 4533 diei
1023 4491 1056 4547 14
1079 4476 1252 4534 novembris
1279 4473 1363 4547 1637.
1392 4476 1556 4536 Referente
1578 4479 1694 4536 eodem
1716 4478 1822 4536 Emin.
1846 4476 1883 4535 D.

539 4573 622 4630 Card
653 4571 756 4647 Spada
777 4573 988 4630 missionarios
1009 4574 1190 4649 Aethiopiae
1211 4573 1351 4631 dubitare
1373 4592 1412 4631 ne
1434 4574 1538 4632 Patres
1560 4574 1727 4633 Societatis
1748 4576 1884 4634 habeant

540 4670 733 4747 privilegium
755 4671 948 4744 pontificium
970 4688 1031 4744 quo
1052 4670 1248 4744 prohibeatur
1263 4670 1330 4727 aliis
1351 4671 1502 4745 religiosis
1523 4671 1679 4746 ingressus
1701 4674 1734 4729 in
1758 4673 1884 4732 Aethio·

539 4769 623 4844 piam
646 4768 749 4841 iquue
772 4767 925 4824 missionis
948 4769 1053 4824 munia
1074 4768 1170 4836 obire,
1196 4777 1226 4824 et
1252 4769 1380 4841 proinde
1403 4771 1609 4827 necessarium
1631 4787 1701 4828 esse
1723 4782 1758 4829 ut
1781 4773 1837 4837 illi,
1858 4771 1883 4828 si

541 4865 620 4923 forte
641 4865 680 4920 ab
701 4863 759 4920 hac
780 4864 893 4920 Sancta
918 4861 997 4917 Sede
1018 4878 1198 4917 concessum
1220 4861 1319 4927 fuerit,
1343 4864 1514 4936 derogetur,
1536 4862 1565 4921 S.
1588 4863 1812 4940 Congregatio,
1841 4875 1885 4922 at·

540 4961 634 5018 tentis
655 4961 756 5017 causis
777 4961 852 5017 alias
874 4958 1075 5018 consideratis
1099 4959 1129 5013 in
1158 4959 1296 5015 editione
1318 4961 1547 5017 constitutionis
1569 4980 1661 5036 super
1683 4963 1885 5021 missionibus

541 5059 581 5114 ad
604 5055 766 5130 Iaponiam
798 5074 834 5112 ac
867 5056 946 5112 alias
971 5054 1128 5110 Indiarum
1153 5054 1349 5112 orientalium
1372 5057 1522 5130 regiones
1544 5060 1676 5128 censuit,
1701 5061 1728 5117 si
1750 5060 1886 5118 Sanctis·

541 5155 621 5210 simo
644 5154 804 5228 placuerit,
827 5171 1026 5227 quoscunque
1041 5153 1104 5209 sive
1126 5153 1348 5210 ecclesiasticos
1364 5166 1393 5211 et
1409 5154 1572 5212 cuiuslibet
1585 5154 1716 5214 Ordinis
1731 5168 1786 5215 ant
1802 5156 1887 5214 insti·
