4166 6182
508 596 566 645 XII
1048 596 1269 647 INTRODUCT
1271 595 1309 647 10

507 768 702 817 numerum
733 743 1053 818 missionariorum
1075 744 1286 829 Societatis,
1309 759 1455 840 praeter
1474 744 1727 819 Patriarcham
1749 745 1844 819 eius-

507 903 579 973 que
615 877 752 963 socios,
792 878 839 951 ad
878 878 1090 964 duodecim,
1129 893 1169 952 ut
1206 879 1303 951 idem
1349 893 1606 973 proposuerat,
1651 893 1840 976 augerent.

507 1010 639 1085 Noluit
668 1025 791 1085 tamen
821 1025 862 1084 ut
889 1011 1052 1108 pecunia
1078 1013 1202 1086 bullae
1239 1011 1435 1087 Cruciatae
1472 1038 1541 1110 pro
1573 1012 1633 1087 his
1669 1012 1844 1109 expensis

506 1144 840 1242 suppeditaretur(
867 1151 890 1243 ).

587 1281 623 1352 6.
655 1278 777 1371 Quam
805 1279 899 1353 scite
927 1294 964 1353 et
988 1280 1190 1376 prudenter
1218 1304 1241 1353 a
1269 1278 1487 1354 Patriarcha
1505 1280 1644 1354 factum
1665 1279 1776 1353 fuerit
1803 1294 1844 1352 ut

504 1413 770 1489 bibliothecam
800 1412 918 1510 patris
956 1413 1095 1487 Suarez
1134 1438 1260 1487 secum
1286 1413 1491 1488 adduceret
1518 1412 1555 1487 in
1584 1413 1840 1510 Aethiopiam,

504 1574 551 1622 ex
578 1573 624 1621 eo
652 1561 799 1621 constat
827 1546 929 1642 quod
957 1544 996 1618 hi
1025 1544 1111 1618 libri
1141 1545 1338 1642 potissima
1356 1547 1505 1620 fuerunt
1529 1546 1775 1621 instrumenta
1793 1547 1842 1621 ad

505 1679 766 1756 schismaticos
784 1680 1037 1754 confutandos
1056 1693 1093 1752 et
1112 1679 1160 1752 ad
1181 1678 1437 1775 cognitionem
1458 1679 1673 1776 Scripturae
1691 1681 1839 1765 Sacrae,

506 1813 717 1909 aethiopice
745 1812 864 1887 versis
895 1811 1109 1908 praecipuis
1146 1827 1234 1887 tunc
1271 1812 1452 1909 temporis
1488 1813 1841 1888 commentariorum

505 1948 620 2033 libris,
650 1945 927 2021 insinuandam.
958 1948 1135 2021 Attamen
1165 1947 1237 2022 hoc
1266 1946 1379 2021 etiam
1410 1948 1650 2043 postmodum
1676 1946 1843 2043 patribus

506 2080 705 2155 Societatis
741 2094 778 2152 et
815 2080 1052 2154 Patriarchae
1093 2105 1117 2152 a
1157 2079 1335 2177 quopiam
1373 2081 1465 2155 vitio
1502 2080 1573 2155 fuit
1609 2107 1757 2155 versum
1777 2080 1840 2181 (2),

506 2215 612 2310 quasi
640 2213 870 2288 bibliotheca
898 2214 1078 2287 librorum
1098 2214 1396 2310 theologicorum
1418 2215 1467 2288 ad
1486 2240 1666 2312 pompam
1687 2214 1843 2289 Patriar·

506 2349 599 2422 chae
627 2363 665 2422 et
691 2345 891 2421 Societatis
933 2346 1183 2443 pertinuisset.
1214 2347 1368 2422 Utinam
1397 2347 1539 2444 aliquot
1567 2350 1699 2422 saltem
1734 2348 1842 2422 huius

505 2481 656 2578 generis
697 2480 781 2555 libri
820 2481 868 2553 ad
907 2480 1174 2567 missionarios‚
1211 2481 1273 2578 qui
1313 2481 1459 2556 lesuitis
1496 2482 1644 2557 suffecti
1681 2483 1839 2567 fuerunt,

506 2618 629 2689 Roma
657 2614 760 2689 missi
791 2613 963 2703 fuissent,
993 2614 1140 2710 quibus,
1162 2629 1309 2711 praeter
1341 2616 1539 2712 pecuniam
1573 2617 1622 2690 ad
1651 2615 1784 2690 itinera
1806 2630 1843 2689 et

506 2748 828 2833 sustentationem,
871 2747 964 2821 nihil
1006 2748 1109 2822 aliud
1152 2747 1222 2822 fuit
1263 2749 1542 2846 suppeditatum
1585 2775 1697 2845 quam
1736 2750 1842 2845 plura

506 2881 736 2978 exemplaria
777 2880 926 2956 concilii
969 2879 1300 2968 Chalcedonensis,
1345 2882 1444 2958 illius
1489 2882 1633 2958 scilicet
1678 2881 1840 2967 concilii,

506 3016 612 3090 cuius
639 3014 898 3090 auctoritatem
928 3014 1139 3112 Aethiopes
1167 3040 1317 3112 semper
1344 3018 1617 3091 detrectarunt!

587 3166 621 3242 7.
644 3148 716 3222 His
736 3152 846 3222 rebus
866 3148 1067 3223 instructus
1086 3149 1304 3223 Patriarcha
1322 3174 1422 3223 anno
1453 3154 1548 3240 1623
1571 3149 1633 3223 die
1655 3171 1700 3242 25
1720 3148 1841 3223 martii

509 3282 738 3379 Ulyssipone
766 3283 877 3357 solvit
909 3298 947 3357 et
983 3281 1171 3357 laboriosa
1206 3284 1410 3357 admodum
1450 3284 1690 3381 navigatione
1719 3283 1840 3357 Goam

507 3416 652 3512 appulit
682 3421 730 3489 28
760 3415 849 3490 maii
879 3416 967 3489 anni
996 3416 1227 3512 insequentis
1261 3420 1380 3507 1624:
1411 3417 1510 3491 unde
1539 3442 1668 3491 mense
1692 3441 1839 3490 novem·

506 3549 563 3622 bri
592 3548 708 3621 Dium
737 3574 778 3623 se
797 3549 953 3623 contulit
968 3565 1009 3622 ut
1027 3548 1345 3645 opportunitatem
1376 3549 1578 3646 navigandi
1599 3549 1839 3647 Aethiopiam

507 3706 636 3755 versus
654 3681 898 3777 opperiretur,
919 3707 1031 3777 quam
1052 3698 1177 3756 tamen
1199 3682 1348 3756 nonnisi
1365 3707 1492 3757 mense
1507 3683 1615 3780 aprili
1632 3684 1720 3757 anni
1743 3687 1837 3775 1625

508 3831 638 3890 nactus
665 3832 732 3891 est.
763 3817 823 3891 De
851 3843 926 3913 quo
955 3815 1087 3891 itinere
1115 3818 1238 3914 deque
1255 3817 1335 3891 eius
1358 3818 1549 3913 praeclare
1568 3818 1686 3914 gestis
1707 3817 1744 3890 in
1764 3815 1841 3890 suis

507 3948 610 4023 hisce
628 3950 883 4046 Expeditiones
910 3950 1141 4046 Aethiopicae
1160 3949 1265 4024 libris
1284 3949 1438 4045 copiose
1459 3950 1608 4023 disserit
1627 3949 1709 4047 ipse
1729 3948 1842 4024 Patri·

508 4082 641 4167 archa;
661 4084 710 4156 ad
729 4108 825 4178 quos
844 4083 1022 4157 lectorem
1043 4082 1203 4168 remitto,
1221 4109 1268 4157 ne
1287 4084 1419 4158 eadem
1439 4083 1477 4157 in
1496 4085 1630 4158 eodem
1651 4084 1841 4158 volumine

506 4213 695 4287 iterentur.
725 4214 800 4289 Hic
828 4240 873 4288 ea
901 4228 1042 4289 tantum
1077 4214 1254 4289 indicabo
1286 4241 1383 4312 quae
1415 4218 1463 4290 ad
1497 4217 1602 4313 leges
1634 4232 1671 4291 et
1706 4229 1841 4291 statuta

587 4486 631 4564 (1)
652 4485 700 4546 Cf.
725 4486 848 4546 <Carta
868 4489 910 4545 do
931 4488 996 4564 Rey
1017 4488 1128 4546 escrita
1147 4507 1196 4546 em
1219 4488 1342 4547 Madrid
1363 4507 1382 4546 a
1404 4501 1420 4560 7
1442 4490 1481 4546 de
1503 4507 1608 4565 marco
1627 4485 1702 4545 1626
1718 4506 1792 4563 pera
1807 4505 1841 4545 os

505 4584 740 4644 Govemadores
760 4587 799 4644 de
822 4585 964 4661 Portugal
980 4610 1008 4645 ».
1029 4585 1145 4655 Am,
1170 4586 1270 4646 Collcc.
1292 4587 1326 4644 de
1346 4586 1377 4645 S.
1407 4585 1525 4656 Vr'cente,
1548 4587 1597 4643 liv.
1619 4586 1706 4656 XIX,
1731 4587 1751 4643 f.
1777 4600 1841 4660 129.

586 4684 631 4759 (2)
653 4683 703 4743 Cl.
727 4685 888 4760 epistolam
911 4685 1005 4759 patris
1026 4684 1063 4742 fr.
1084 4684 1212 4743 Antonii
1234 4703 1251 4742 a
1273 4683 1445 4759 Virgoletta
1459 4684 1495 4742 O.
1513 4684 1589 4742 MM.
1603 4683 1667 4742 RR.
1689 4702 1727 4742 ex
1748 4682 1840 4757 Girge

507 4783 611 4840 datam
633 4783 673 4840 ad
695 4780 724 4839 S.
747 4782 844 4857 Cong.
865 4783 905 4840 de
926 4781 1054 4857 Propag.
1077 4780 1162 4852 Fide,
1184 4780 1203 4838 6
1223 4783 1327 4857 aprilis
1346 4779 1421 4857 1639
1442 4781 1540 4860 (APF‚
1563 4782 1587 4839 I
1604 4783 1724 4857 Aegypt.
1750 4779 1840 4849 Aah,

508 4882 567 4938 vol.
584 4894 650 4950 211,
666 4880 696 4937 11.
713 4880 826 4955 Str-92⁷
836 4886 855 4954 J,
872 4881 903 4937 111
919 4898 979 4956 qua
994 4881 1124 4955 loquens
1139 4882 1178 4938 de
1192 4880 1373 4938 lesuitarum
1388 4881 1503 4939 divitiis
1518 4881 1576 4939 ait:
1596 4904 1610 4935 1
1626 4881 1679 4941 (161
1693 4882 1742 4939 de'
1759 4879 1841 4956 quali

507 4978 595 5053 padri
619 4978 757 5053 [gesuiti]
782 4979 803 5035 li
826 4978 902 5035 ladri
924 4978 1066 5036 vedendo
1088 4981 1154 5053 quei
1172 4978 1237 5035 vasi
1250 4980 1381 5053 pretiosi,
1404 4979 1662 5038 l’ammazzorono
1693 4979 1841 5037 all’altare

504 5086 559 5149 per
579 5077 670 5132 rnbar
689 5076 714 5132 11
732 5077 818 5132 calt'ci
829 5095 856 5144 1,
879 5085 909 5132 et
930 5076 969 5133 de
985 5074 1161 5133 Patriarcha
1175 5076 1292 5133 subdit:
1319 5096 1334 5130 ‹
1349 5077 1416 5134 solo
1439 5077 1468 5133 la
1483 5077 1605 5134 libraria
1620 5076 1671 5134 del
1687 5075 1842 5134 Patriarca

507 5176 687 5252 importare,
708 5173 845 5231 secondo
867 5172 907 5229 ha
928 5173 1044 5230 riferito
1067 5173 1086 5229 il
1109 5174 1204 5248 padre
1226 5172 1374 5242 Diodor0,
1391 5179 1448 5249 pit>
1468 5174 1502 5230 di
1520 5175 1673 5232 ventrinillc
1699 5174 1800 5232 scude'!
1814 5196 1840 5229 ».
