4066 6174
555 615 618 690 384
886 626 1158 677 EXPEDIHONIS
1181 626 1442 676 AETHIOPICAE
1466 628 1546 677 ETC.

552 772 735 835 schismate
758 783 791 835 et
807 773 1017 845 haeresibus,
1033 773 1201 855 abrumpi.
1225 770 1321 854 Quae
1337 793 1415 836 cum
1431 776 1475 836 ad
1491 774 1680 837 catholicos
1696 775 1732 836 iu
1752 772 1821 838 fide
1835 794 1882 837 ro·

552 888 724 971 borandos
746 888 947 970 simpliciter
971 889 1062 951 dicta
1085 897 1209 960 essent,
1237 906 1279 950 ea
1302 889 1407 969 aliqui
1432 907 1478 951 ex
1509 889 1660 971 piscibus
1683 889 1882 953 turbulentis

552 1012 587 1065 et
609 1004 731 1065 retium
754 1000 990 1066 effractoribus
1020 1004 1064 1067 ad
1087 984 1283 1086 Principem
1315 1005 1527 1076 detulerunt;
1558 1012 1593 1067 et
1619 1006 1649 1066 is
1676 1005 1765 1067 inter
1795 1006 1883 1087 ipsos

551 1118 704 1202 graviter
727 1128 932 1201 conquestus
955 1134 1007 1183 est
1031 1122 1105 1201 (nec
1128 1120 1203 1183 sine
1227 1119 1339 1203 minis)
1371 1120 1414 1183 de
1438 1120 1646 1193 Patriarcba,
1677 1122 1775 1203 quasi
1799 1121 1882 1182 sedi·
1935 1121 1938 1125 ’

550 1235 663 1297 tiones
679 1232 821 1307 foveret,
837 1245 872 1298 et
887 1232 990 1299 fidem
1006 1256 1027 1298 a
1038 1255 1075 1299 se
1090 1237 1161 1298 suis
1177 1237 1378 1317 permissam
1396 1236 1620 1317 impugnaret.
1634 1232 1710 1316 Qua
1727 1236 1770 1297 de
1787 1255 1883 1299 causa

551 1350 789 1432 prudentiores
801 1351 962 1414 catholici
975 1350 1181 1434 tempestati,
1194 1371 1238 1414 ne
1250 1362 1442 1435 augeretur,
1458 1352 1647 1415 cedendum
1663 1360 1698 1415 et
1714 1353 1759 1414 ab
1775 1351 1883 1434 impiis

552 1468 672 1530 castris
694 1469 889 1530 exeundum
917 1480 1130 1534 censuerunt.

241 1589 388 1638 Decretum
402 1597 447 1671 '¹1²
476 1604 525 1652 Ρι-
644 1604 672 1647 2.
696 1582 852 1665 Ocyores
875 1593 986 1647 tamen
1012 1581 1107 1647 fuere
1138 1582 1200 1646 filii
1223 1585 1439 1647 tenebrarum
1470 1584 1514 1646 ad
1537 1584 1644 1666 impia
1666 1592 1789 1664 coepta
1813 1603 1882 1665 per·

205 1659 526 1782 2⁶5⁸b2b,⁸¹{{¹u32⁸1„dffj
551 1697 705 1770 ficienda,
730 1719 832 1782 quam
856 1697 917 1762 filii
942 1701 1028 1763 lucis
1051 1701 1094 1763 ad
1118 1720 1202 1763 sana
1225 1699 1370 1763 consilia
1392 1700 1604 1780 exequenda
1630 1698 1720 1762 Nam
1744 1699 1883 1781 babylo-

203 1801 388 1862 exigerentur.
552 1817 649 1878 nicae
672 1817 774 1878 turris
797 1815 983 1888 architecti,
1001 1818 1036 1878 in
1052 1816 1155 1879 domo
1178 1815 1351 1898 Principis
1374 1816 1586 1900 congregati,
1602 1824 1804 1887 statuerunt,
1826 1835 1883 1877 nec

551 1933 734 2014 populares
756 1933 938 2014 praeconio
954 1930 1108 2015 perfecte
1124 1933 1322 2006 credituros,
1347 1952 1410 1995 uec
1426 1932 1622 2004 monachos,
1645 1933 1704 2014 qui
1723 1931 1882 1994 hactenus

551 2048 585 2110 in
610 2050 758 2112 tenebris
783 2049 966 2120 iacuerant,
991 2049 1036 2111 ab
1060 2048 1103 2111 iis
1125 2047 1219 2112 *tuto
1243 2047 1468 2131 digressurus,
1485 2058 1543 2111 aut
1565 2050 1600 2110 in
1616 2049 1834 2130 propatulum
1849 2067 1882 2110 se
1904 2058 1969 2113 tm.

550 2164 698 2235 daturos,
724 2164 805 2226 dum
829 2164 1029 2227 Patriarcha
1052 2172 1086 2226 et
1113 2174 1227 2246 patres
1250 2163 1321 2227 suis
1344 2164 1500 2227 eeclesiis
1521 2172 1556 2227 et
1579 2165 1672 2247 agris
1696 2163 1883 2244 potirentur

549 2280 611 2342 sed
635 2282 778 2343 alterum
810 2281 944 2344 clavum
981 2281 1072 2343 trudi
1104 2290 1262 2363 oportere
1298 2290 1336 2342 ut
1367 2280 1453 2343 alter
1484 2281 1708 2343 induceretur.
1740 2276 1881 2342 Concilii

549 2398 753 2459 sententiam
783 2397 897 2476 quoad
930 2407 1046 2478 patres
1081 2395 1272 2478 Imperator
1298 2397 1511 2478 approbavit,
1543 2412 1610 2457 non
1633 2404 1749 2457 tamen
1773 2396 1880 2476 quoad

549 2511 792 2575 patriarcham.
818 2512 935 2594 Atque
966 2512 1015 2576 ita
1048 2513 1194 2576 solemni
1225 2520 1419 2575 sanctorum
1450 2511 1699 2593 Apostolorum
1731 2510 1826 2573 Petri
1850 2519 1881 2573 et

549 2627 648 2690 Pauli
672 2627 727 2691 die
751 2629 850 2693 multi
872 2648 1050 2711 procerum
1075 2629 1229 2691 cumbis
1253 2629 1362 2691 abeo
1385 2626 1555 2690 mandatis
1579 2627 1622 2690 ad
1649 2626 1880 2689 Patriarcham

549 2755 727 2807 venerunt:
763 2744 951 2807 Praeconio
973 2745 1147 2807 ediximus
1171 2754 1207 2807 ut
1231 2744 1388 2807 monachi
1412 2744 1456 2806 ad
1480 2763 1559 2807 suas
1580 2743 1813 2806 haereditates
1834 2762 1881 2804 re·

549 2858 677 2927 direnti
702 2860 767 2943 ipsi
791 2880 872 2923 vero
896 2861 1002 2933 aiunt,
1025 2861 1141 2942 plures
1168 2860 1305 2923 illarum
1328 2880 1349 2922 a
1372 2858 1531 2923 Patribus
1557 2857 1726 2942 occupari.
1752 2857 1880 2927 Idcirco

548 2977 733 3047 decretum,
757 2987 793 3039 ut
817 2995 934 3039 omnes
949 2976 1089 3060 Tigraei
1112 2977 1211 3059 regni
1226 2985 1341 3057 patres
1364 2976 1400 3039 in
1415 2994 1518 3039 unam
1541 2974 1765 3047 Fremonam;
1780 2973 1881 3037 Dam-

547 3093 713 3156 baeenses
736 3093 770 3155 in
793 3089 960 3156 Ganetam
984 3091 1062 3155 Iesu
1093 3091 1302 3174 redigantur,
1326 3112 1346 3155 a
1369 3089 1643 3173 Gojamensibus,
1667 3089 1786 3153 missis
1808 3090 1880 3153 reli·

547 3209 634 3288 quie,
658 3227 725 3269 una
740 3207 871 3278 domus
887 3225 975 3288 quae
994 3204 1106 3288 magis
1121 3206 1266 3287 placeat,
1284 3204 1440 3289 eligatur.
1463 3202 1661 3286 Respondit
1677 3203 1879 3274 Patriarcha,

548 3344 610 3386 nec
640 3343 677 3386 se
708 3343 770 3385 nec
802 3332 917 3404 patres
941 3324 975 3385 in
1007 3321 1231 3403 Aethiopiam
1263 3341 1365 3405 agros
1395 3320 1586 3404 quaesitum
1620 3322 1823 3393 accessisse;
1849 3328 1879 3382 et

546 3438 661 3521 plures
684 3457 812 3511 eorum,
836 3440 896 3520 qui
919 3439 1186 3520 possiderentur,
1211 3437 1328 3501 invitis
1351 3437 1601 3520 Imperatorem
1620 3437 1827 3509 obtrusisse;
1848 3443 1878 3498 et

548 3564 639 3617 certe
662 3573 699 3617 se
723 3555 856 3626 rescire,
882 3553 1044 3617 libentius
1067 3573 1170 3636 quam
1190 3563 1393 3635 acceperant
1417 3554 1628 3616 dimissuros.
1645 3549 1793 3615 Coetera
1807 3550 1878 3622 sibi,

547 3681 584 3733 ut
607 3670 641 3732 in
666 3670 776 3743 malis,
792 3670 942 3752 probari,
958 3672 1019 3733 sed
1036 3690 1098 3752 pro
1121 3671 1202 3733 sede
1226 3668 1457 3733 Dambaeensi
1481 3668 1612 3749 aliquid
1635 3670 1876 3750 oppositurum.

547 3784 743 3848 Meminerit
766 3785 1002 3870 Gorgorrense
1026 3785 1192 3868 templum
1208 3806 1229 3849 a
1245 3786 1400 3868 patribus
1416 3783 1564 3847 calcario
1579 3791 1614 3846 et
1629 3784 1764 3847 coelato
1780 3801 1876 3865 opere

547 3903 582 3963 in
598 3902 779 3965 testudinis
795 3903 946 3984 speciem
962 3910 1137 3964 arcuatum
1155 3903 1289 3985 magnis
1311 3903 1504 3983 sumptibus
1520 3911 1715 3965 extructum
1732 3910 1767 3963 et
1779 3900 1877 3963 instar

548 4019 704 4081 miraculi
727 4039 748 4080 a
771 4017 904 4082 cunctis
927 4018 1103 4080 .lbassinis
1119 4028 1332 4099 reputatum;
1349 4037 1411 4080 nec
1428 4014 1503 4080 Deo
1519 4038 1583 4080 nec
1598 4016 1797 4080 hominibus
1811 4016 1876 4097 pla·

548 4136 703 4207 citumm,
729 4134 758 4197 si
781 4134 859 4197 aliis
882 4133 1135 4216 possessoribus
1157 4135 1322 4197 tradatur.

237 4259 275 4306 ut
309 4272 326 4306 a
364 4258 521 4318 Gorgonae
639 4271 666 4330 3.
692 4251 765 4313 Nec
789 4252 914 4313 nuntiis
939 4271 1000 4313 nec
1024 4250 1229 4332 Imperatori
1252 4250 1308 4313 vel
1332 4249 1484 4332 Principi
1507 4251 1688 4332 probatum
1717 4247 1791 4321 fuit,
1819 4266 1876 4309 uec

200 4330 351 4393 peninsula
366 4340 459 4391 putres
476 4345 521 4379 ar·
677 4366 684 4380 .
872 4367 878 4381 .
1337 4364 1344 4380 .

200 4409 329 4451 ceantur
342 4402 375 4450 ,b
391 4401 521 4451 novem·
549 4367 685 4448 proban
709 4376 842 4448 poterat
869 4367 905 4429 1d
935 4385 1144 4448 responsum.
1176 4364 1267 4428 Illud
1291 4385 1382 4428 emm
1412 4367 1581 4447 templum
1612 4376 1646 4429 et
1676 4366 1799 4429 domus
1820 4384 1876 4426 sua

201 4472 259 4593 {312
288 4471 408 4521 maxime
441 4486 521 4522 ωη-
548 4483 719 4564 elegantia
742 4495 776 4544 et
800 4480 941 4545 artificio
965 4503 1079 4545 eorum
1111 4483 1229 4545 oculos
1260 4483 1471 4554 vulnerabat,
1504 4483 1595 4563 quod
1624 4479 1816 4543 aedificium
1845 4479 1876 4540 in

548 4598 727 4677 peninsula
751 4598 785 4659 in
809 4599 896 4660 arcis
920 4595 1064 4660 formam
1080 4599 1282 4680 quadratum
1306 4608 1397 4661 esset
1412 4608 1531 4661 contra
1547 4598 1641 4679 ipsos
1661 4599 1875 4659 munimento.

547 4711 595 4776 Ut
611 4715 701 4775 enim
726 4715 876 4793 nequitia
900 4714 1102 4776 meticulosa
1117 4725 1150 4777 et
1166 4712 1328 4795 suspicax
1351 4732 1427 4776 esse
1442 4714 1540 4785 solet,
1557 4714 1786 4783 somniabant,
1807 4712 1877 4774 Ras

547 4827 628 4891 Sela
651 4827 808 4892 Christds
824 4831 908 4892 mari
925 4832 969 4892 ad
992 4850 1069 4892 eum
1087 4832 1200 4892 locum
1224 4850 1270 4892 ex
1286 4828 1432 4911 Gojama
1448 4839 1636 4899 venturum,
1653 4847 1802 4910 eumque
1816 4827 1876 4890 Lu·

547 4948 733 5008 sitanorum
765 4955 797 5008 et
833 4947 1079 5009 catholicorum
1115 4955 1284 5009 conventu
1319 4945 1624 5028 inexpugnabilem
1660 4944 1875 5007 reddendum.

547 5059 657 5140 Quam
682 5062 726 5122 ob
751 5080 887 5123 causam
907 5059 1097 5142 Imperator
1114 5063 1159 5132 id,
1175 5063 1267 5143 quod
1283 5061 1390 5123 semel
1408 5057 1624 5141 praefixerat,
1642 5059 1741 5123 iussit
1758 5070 1875 5123 statum

547 5189 580 5240 et
605 5174 785 5239 infractum
810 5196 1017 5260 permanere,
1042 5188 1075 5239 et
1098 5186 1212 5261 patres
1237 5175 1331 5239 illico
1355 5197 1374 5238 e
1394 5173 1622 5262 Gorgorrensi
1644 5178 1728 5241 sede
1752 5174 1874 5241 divelli.
