4124 6182
662 516 779 566 LIBER
803 517 826 577 1,
858 516 984 566 CAPUT
1007 517 1061 567 IX.
1486 507 1504 565 8
1510 521 1526 581 5

192 662 399 726 Iudaeorum
423 666 596 728 montibus
621 663 746 729 Semen
778 666 879 729 dictis
909 666 952 728 ad
983 664 1208 730 Occidentem
1235 666 1439 736 constitutis,
1470 665 1529 727 ubi

191 778 438 860 praesidiarios
471 791 618 862 quatuor
640 783 801 846 millenos
824 792 857 845 et
880 792 1051 845 tercentos
1085 782 1227 863 equites,
1258 780 1431 843 Lusitanis
1461 799 1528 842 non

191 893 341 975 amplius
364 905 511 969 centum,
534 896 740 979 profligavit.
765 897 811 961 Et
834 917 911 961 cum
934 898 1151 980 septuaginta
1174 906 1305 959 tantum
1332 898 1529 959 redeuntem

192 1007 282 1091 (nam
307 1012 450 1091 triginta
472 1013 621 1094 plurium
653 1033 817 1094 equorum
841 1015 1005 1096 praedam
1039 1014 1169 1075 tardius
1195 1010 1355 1092 agebant)
1380 1007 1528 1093 Gragna,

192 1145 233 1187 ne
257 1128 426 1208 temporis
448 1139 482 1191 et
505 1130 695 1193 occasionis
719 1132 883 1194 iacturam
907 1128 1045 1201 faceret,
1069 1131 1190 1192 castris
1210 1130 1244 1190 in
1276 1129 1383 1189 aciem
1415 1128 1531 1208 dispo·

192 1243 277 1314 sitis,
302 1253 338 1306 et
361 1243 590 1309 auxiliaribus
611 1245 770 1309 Arabum
794 1248 913 1328 copiis,
938 1266 977 1308 ac
1000 1246 1121 1309 Turcis
1151 1247 1271 1307 novies
1301 1253 1446 1313 centum,
1471 1244 1529 1324 qui

191 1358 311 1420 decem
336 1369 507 1423 tormenta
528 1380 636 1424 aenea
658 1363 797 1434 curulia,
822 1371 856 1425 et
872 1363 971 1444 plura
994 1362 1063 1424 alia
1086 1362 1217 1423 minora
1236 1360 1458 1430 advexerant,
1477 1367 1530 1420 est

191 1474 434 1552 praestolatus,
458 1486 503 1549 et,
516 1486 698 1559 antequam
722 1477 893 1540 tantillum
917 1479 1117 1558 quiesceret,
1141 1477 1326 1538 insectatus
1351 1473 1428 1546 Ille,
1444 1492 1530 1554 quos
1593 1480 1767 1530 Redeuntem
1796 1479 1878 1531 suti·

191 1599 328 1671 tempus
352 1592 583 1671 permittebat,
606 1611 750 1675 aggeres
769 1594 1034 1663 circumducens,
1051 1601 1239 1654 tercentum
1255 1602 1290 1652 et
1304 1591 1531 1672 quadraginta
1557 1552 1758 1673 mnam
1776 1563 1878 1613 ’Μ’

190 1701 379 1767 Lusitanos
403 1706 574 1769 ordinavit
602 1705 739 1791 (caeteri
769 1709 861 1771 enim
890 1709 949 1771 vel
979 1710 1133 1779 aberant,
1156 1708 1212 1770 vel
1240 1704 1417 1789 obierant),
1448 1706 1530 1786 quin

191 1819 284 1881 ullus
307 1819 557 1884 Abassinorum
583 1824 731 1886 bellator
753 1843 827 1887 esse
850 1824 966 1898 vellet,
989 1825 1052 1887 sed
1074 1843 1194 1887 omnes
1216 1830 1436 1904 spectatores,
1467 1839 1531 1883 nec

191 1954 401 2016 quemquam
424 1947 483 1999 aut
505 1937 746 2003 Lusitanorum
769 1942 869 2003 ardor
893 1941 928 2003 in
962 1942 1141 2023 proelium,
1172 1950 1231 2003 aut
1262 1940 1401 2022 reginae
1425 1935 1531 1999 Sabla

193 2047 343 2133 Onguel,
371 2051 464 2114 virili
494 2073 631 2137 semper
660 2055 852 2119 constantia
883 2058 1052 2129 instantis,
1083 2054 1277 2139 praesentia
1306 2056 1341 2117 in
1373 2055 1531 2116 ruborem

191 2178 421 2246 permoveret.
458 2166 599 2253 Gragna
633 2172 750 2233 multis
784 2171 1103 2236 Mahometanorum
1132 2185 1203 2234 tam
1233 2172 1398 2254 peditum,
1428 2188 1531 2250 quam

191 2281 348 2361 equitum
373 2285 537 2357 millibus,
560 2295 595 2348 et
618 2287 739 2350 Turcis
761 2288 982 2351 libratoribus
1004 2289 1095 2351 ultra
1118 2289 1276 2351 millenos
1299 2289 1453 2369 stipatus,
1476 2286 1532 2346 die

192 2398 365 2479 vigesima
395 2411 519 2464 octava
548 2405 684 2486 augusti
715 2406 794 2467 anni
834 2423 927 2483 1542,
968 2414 1103 2467 nostros
1142 2405 1303 2467 audacter
1341 2402 1531 2469 lacessivit;

191 2532 297 2594 quem
314 2515 381 2596 ipsi
407 2525 513 2580 totam
538 2519 628 2581 diem
654 2517 790 2583 fortiter
805 2521 1012 2583 obsistentes
1027 2530 1061 2583 et
1077 2523 1295 2601 insequentes
1308 2519 1530 2582 obtriverunt.

192 2630 265 2694 Sed
297 2651 375 2694 cum
405 2644 482 2695 octo
504 2642 638 2698 tantum
661 2654 767 2717 equos
797 2647 1024 2710 numerarent,
1055 2636 1193 2719 longius
1222 2635 1384 2718 progredi
1414 2633 1532 2713 nequi·
1563 2713 1568 2724 Ι
1596 2657 1646 2724 ³⁴?
1665 2639 1827 2690 Lusitani
1845 2640 1880 2689 ab

192 2749 287 2819 bant,
312 2759 346 2811 et
369 2768 504 2830 semper
527 2751 561 2813 in
597 2761 734 2833 receptu
765 2752 870 2834 aliqui
901 2753 946 2815 ab
973 2749 1105 2815 infinita
1130 2751 1348 2813 multitudine
1378 2748 1532 2833 oppressi
1560 2715 1670 2834 affl
1699 2711 1881 2832 fflffiss

192 2863 464 2929 conficiebantur
472 2887 480 2940 ;
504 2868 613 2931 donec
637 2887 679 2931 eo
703 2869 913 2932 lassitudinis
936 2871 1131 2941 deventum,
1154 2877 1191 2930 ut
1210 2869 1393 2938 caedendo,
1410 2876 1444 2929 et
1459 2866 1534 2927 viu·
1560 2863 1736 2919 premuntur.

192 2982 305 3043 cendo
329 2978 468 3055 defessi,
499 2985 643 3066 gradum
674 2985 802 3047 addere
827 2985 889 3047 vix
912 2995 1068 3067 possent;
1093 2994 1126 3046 et
1154 2984 1266 3045 martii
1297 2981 1533 3063 Christophori

192 3097 290 3167 tibia,
316 3107 350 3160 et
374 3098 534 3162 dextrum
557 3100 734 3163 brachium
758 3102 801 3163 ad
824 3120 1004 3183 vesperam
1035 3100 1168 3162 duabus
1198 3097 1319 3162 ferreis
1348 3098 1534 3182 glandibus

90 3260 96 3273 .
148 3263 154 3274 .
192 3214 464 3295 pertunderetur.
487 3213 529 3278 Id
552 3214 806 3279 Mahometanis
828 3217 941 3279 locum
965 3214 1077 3278 *dedit
1102 3214 1262 3277 ferociter
1282 3216 1315 3276 in
1329 3215 1534 3276 munitiones

193 3331 404 3403 assultandi;
427 3331 521 3412 quod
544 3331 603 3393 ille
627 3333 841 3413 perpendens
863 3331 1049 3395 animosior
1071 3331 1106 3392 in
1133 3350 1194 3394 eos
1216 3332 1323 3401 irruit,
1355 3331 1534 3392 instantes·

193 3467 259 3528 que
284 3442 432 3527 fugavit.
454 3446 597 3529 Regina
619 3457 733 3509 tamen
758 3457 791 3510 et
814 3446 970 3510 Lusitani
1001 3448 1094 3509 illius
1110 3448 1252 3510 vulnera
1267 3456 1301 3509 et
1316 3446 1533 3509 solitudinem

193 3563 430 3644 contemplati,
454 3565 612 3625 eumdem
643 3565 844 3627 cohibentes
875 3573 1062 3635 suaserunt,
1088 3574 1123 3626 ut
1154 3563 1188 3625 in
1220 3574 1330 3625 tutum
1362 3564 1474 3625 locum
1498 3582 1535 3623 se

194 3677 394 3759 colligeret:
419 3677 512 3740 illius
536 3678 625 3741 euim
649 3680 722 3741 vita
745 3680 892 3760 quodvis
915 3680 1076 3741 damnum
1092 3679 1249 3741 resarciri
1265 3698 1377 3760 posse,
1396 3677 1535 3740 interitu

194 3793 310 3855 omnia
335 3793 505 3875 dissipari.

285 3927 317 3987 q.
342 3906 503 3991 Reginae
525 3910 626 3973 dictis
649 3911 943 3992 obtemperantem
967 3930 1111 3992 eamque
1137 3912 1388 3973 consociantem
1421 3927 1537 3971 rumor
1599 3918 1696 3974 dama,
1724 3916 1760 3963 ad
1783 3913 1883 3998 pendi-

195 4044 335 4106 sparsus
358 4027 551 4097 revocavit;
578 4046 700 4108 nempe
723 4025 843 4090 Crucis
859 4027 1028 4089 vexillum
1045 4037 1079 4088 et
1095 4046 1157 4088 acu
1176 4024 1312 4108 phrigia
1336 4025 1370 4087 in
1394 4045 1435 4087 eo
1452 4025 1536 4086 deli·
1563 3990 1883 4117 33ξῇοὲοῶῗὲ

195 4150 334 4203 neatam
351 4140 477 4205 Christi
494 4140 642 4225 effigiem
660 4162 681 4204 a
695 4143 985 4224 triumphantibus
1001 4141 1253 4204 Mahometanis
1269 4141 1436 4203 iactanter
1454 4160 1535 4202 ven·
1563 4134 1659 4181 ΜΒ
1677 4129 1813 4178 imminit.

195 4257 299 4318 tilari.
326 4255 427 4319 Illico
450 4256 542 4319 enim
565 4260 699 4329 extulit,
720 4259 986 4339 haudquaquam
1003 4278 1040 4319 se
1057 4276 1234 4339 passurum
1251 4267 1288 4319 ut
1304 4256 1535 4319 saltatriculae

196 4382 229 4434 et
261 4371 526 4454 tympanistriae
560 4373 730 4435 lusitanae
752 4375 823 4435 suis
846 4375 881 4436 in
906 4374 1019 4436 choris
1043 4376 1255 4445 cantitarent,
1280 4369 1423 4434 Gamam
1444 4374 1536 4435 vitae

197 4499 394 4569 compotem
418 4486 532 4569 Regis
554 4491 606 4551 sui
626 4489 794 4551 vexillum
811 4500 845 4552 et
860 4488 987 4552 Christi
1003 4489 1149 4572 effigiem
1167 4491 1201 4552 in
1217 4489 1535 4552 Mahometanorum

197 4613 369 4684 potestate
394 4604 500 4685 impie
524 4617 625 4686 atque
647 4605 791 4686 turpiter
814 4604 1003 4686 reliquisse.
1026 4604 1231 4668 Retrorsum
1255 4606 1361 4687 igitur
1391 4606 1537 4687 vestigia

197 4730 414 4791 convertens,
439 4737 472 4782 et
496 4723 539 4783 ad
563 4717 722 4803 Gragnae
745 4730 858 4784 castra
880 4740 1047 4793 reversus,
1070 4719 1271 4803 signiferum
1296 4721 1428 4784 vexillo
1459 4741 1536 4802 spo-

198 4834 308 4907 liavit,
333 4846 369 4897 et
393 4831 522 4897 Christi
544 4837 739 4919 imaginem,
764 4856 806 4899 ne
822 4837 1142 4900 Mahometanorum
1159 4837 1377 4899 illusionibus
1394 4846 1536 4919 pateret,

198 4952 529 5022 commanducatam‚
554 4954 652 5033 quasi
675 4954 814 5034 epulum
846 4952 1109 5015 eucharisticum
1136 4962 1170 5015 et
1202 4954 1367 5034 optimum
1391 4954 1436 5016 ad
1459 4952 1537 5015 sub·

198 5068 347 5130 eundam
372 5075 518 5129 mortem
541 5068 731 5139 obsonium,
755 5070 826 5131 suis
849 5067 1038 5129 visceribus
1053 5069 1205 5132 occlusit.
1223 5066 1386 5130 Vinctum
1403 5077 1437 5130 et
1453 5066 1537 5131 Gra·
1598 5076 1733 5198 e(tironem
1762 5075 1886 5123 namne

1565 5163 1598 5197 08
1634 5161 1674 5196 28.

2048 1434 2049 1445 ,

2019 1454 2023 1475 ’
2048 1458 2049 1511 l
