4166 6182
751 561 1014 611 INTRODUCTIO
1429 561 1546 610 XXXV

295 728 359 805 24.
378 710 440 781 Ad
455 711 616 783 eundem
632 710 743 784 finem
760 710 986 806 Aethiopiae
1002 709 1186 783 iuvandae
1202 710 1416 783 Patriarcha
1430 708 1546 805 patris

213 841 441 939 Hieronymi
473 844 577 917 Lobo
605 844 654 915 ad
684 842 894 939 Hispaniae
922 844 1067 939 Regem
1096 857 1134 916 et
1151 845 1200 915 ad
1220 844 1430 916 Romanum
1452 845 1547 915 Pon·

211 974 351 1049 tihcem
382 976 609 1072 legationem
639 1002 707 1073 pro
736 977 906 1073 urgenda
933 976 1172 1072 expeditione
1202 976 1350 1050 militari
1374 976 1422 1049 ad
1442 1001 1545 1049 oram

211 1108 329 1182 Maris
359 1108 476 1182 Rubri
505 1109 659 1205 egregie
687 1110 841 1193 adiuvit,
872 1109 970 1185 datis
998 1110 1167 1206 epistolis
1199 1125 1277 1183 tum
1315 1110 1362 1183 ad
1401 1111 1544 1205 Regem

212 1257 289 1315 tum
325 1244 374 1316 ad
413 1243 450 1316 S.
482 1242 827 1340 Congregationem
866 1245 913 1317 de
952 1245 1204 1340 Propaganda
1239 1243 1341 1328 Fide,
1385 1243 1466 1329 etsi,
1485 1246 1546 1319 ,ob

211 1391 425 1471 temporum
454 1376 690 1450 difficultates
725 1379 773 1451 ab
811 1378 895 1450 aula
929 1377 1034 1475 regia
1061 1376 1283 1473 propositas,
1314 1377 1353 1450 S.
1383 1376 1546 1477 Congre-

210 1509 316 1604 gatio
344 1509 537 1605 negotium
568 1536 642 1584 non
676 1535 759 1585 esse
797 1510 1007 1607 urgendum
1045 1510 1231 1584 censuerit
1249 1510 1311 1607 (1).
1351 1513 1546 1584 Praeterea

211 1643 412 1739 pecuniam
442 1645 691 1740 undequaque
716 1643 948 1740 corrogavit:
971 1643 1186 1718 Lusitaniae
1207 1646 1299 1728 Rex,
1319 1645 1548 1741 gubernator

211 1776 403 1849 indiarum
433 1802 478 1851 ac
507 1777 712 1874 praepositi
731 1777 931 1852 Societatis
951 1777 1073 1850 Goani
1094 1777 1339 1865 libentissime
1363 1776 1545 1873 quidquid

209 1925 387 2005 poterant
414 1912 661 1996 contulerunt,
691 1924 730 1984 at
765 1936 854 1984 vero
882 1937 905 1984 a
932 1911 971 1984 S.
1001 1910 1304 2007 Congregatione
1333 1912 1381 1984 de
1410 1912 1547 2006 Propa-

207 2044 338 2139 ganda
366 2043 459 2117 Fide
488 2043 580 2118 nihil
609 2044 730 2141 potuit
758 2044 938 2130 obtinere,
972 2070 1056 2118 cum
1085 2044 1304 2129 conditioni,
1335 2046 1382 2118 ab
1410 2068 1455 2117 ea
1482 2067 1546 2138 ap-

209 2175 370 2271 positae,
400 2202 448 2250 ne
477 2176 674 2274 privilegia
702 2192 740 2251 et
767 2177 848 2251 iura
871 2177 1077 2251 aSummis
1095 2176 1339 2251 Pontificibus
1366 2176 1544 2250 Societati

209 2312 292 2384 lesu
322 2335 503 2385 concessa
531 2311 706 2397 laederet,
738 2310 813 2384 iam
842 2314 890 2385 ab
918 2336 1017 2384 anno
1052 2314 1150 2401 1639
1180 2311 1396 2384 satisfacere
1420 2308 1546 2405 nequi·

208 2443 363 2536 visset(
389 2447 414 2542 l.

209 2689 248 2747 de
270 2689 393 2747 duobus
415 2690 620 2748 voluminibus
641 2691 674 2748 in
698 2706 731 2747 12
756 2692 849 2748 libros
877 2691 1038 2760 distinctis,
1053 2708 1181 2765 quorum
1200 2690 1359 2765 inscriptio
1375 2698 1436 2747 est:
1452 2688 1547 2747 Bran·

209 2787 410 2863 haymanoth
432 2787 511 2845 idest
532 2787 598 2844 Lux
620 2788 715 2857 Fidei,
739 2790 771 2846 in
793 2790 1024 2864 epithalamium
1046 2789 1259 2863 Aethiopiae...
1280 2807 1299 2845 a
1324 2787 1358 2844 R.
1382 2786 1414 2845 P.
1438 2786 1474 2844 D.
1495 2786 1545 2844 Al·

210 2885 333 2960 phonso
355 2884 520 2943 Mendezio
542 2886 725 2962 Aethiopiae
747 2888 919 2963 patriarcha
941 2888 1121 2963 compositis
1143 2896 1173 2944 ct
1194 2884 1222 2941 S.
1245 2880 1369 2959 congri
1391 2902 1461 2941 cum
1485 2884 1547 2941 ele·

154 2982 160 2991 '
208 2983 294 3058 ganti
317 2983 450 3059 epistola
470 2984 589 3056 dicatis,
612 2985 673 3045 EE.
696 2987 753 3044 ΡΡ.
774 2987 975 3045 decreverunt
996 2995 1029 3044 ut
1050 2986 1138 3043 inira.

293 3081 325 3137 1⁰
345 3079 502 3139 Iusserunt
523 3081 718 3142 Patriarchae
739 3086 852 3159 gratias
873 3085 951 3159 agi...
974 3084 1101 3160 eiusque
1123 3084 1242 3141 labores
1263 3081 1504 3140 commendari...

289 3179 325 3250 39
346 3196 456 3253 ...quae
477 3180 516 3238 de
537 3182 689 3240 erroribus
710 3183 896 3259 Aethiopum
918 3192 948 3240 et
969 3200 1075 3240 eorum
1100 3180 1311 3239 confutatione
1340 3179 1372 3236 in
1401 3178 1545 3255 praefatis

209 3275 421 3333 voluminibus
441 3276 562 3351 scripsit
582 3294 649 3336 esse
670 3280 708 3336 ad
731 3290 832 3355 partes
854 3280 1034 3337 annotanda
1055 3288 1088 3337 ut
1109 3279 1162 3336 illa
1183 3277 1379 3336 solummodo
1400 3294 1456 3351 pro
1475 3277 1546 3333 mis·

208 3373 414 3431 sionariorum
436 3373 619 3451 Aethiopiae
640 3377 841 3435 instructione
863 3378 896 3437 in
916 3395 979 3436 uno
1002 3376 1105 3435 libello
1120 3376 1261 3433 ordinate
1276 3375 1395 3450 digesta
1410 3374 1545 3450 imprimi

209 3472 372 3546 possint».
394 3469 480 3542 APF‚
502 3474 575 3530 Acta
599 3470 776 3547 1646-1647,
799 3474 819 3531 f.
842 3471 935 3547 526v.

290 3567 336 3645 (1)
357 3566 497 3643 Epistola
518 3568 610 3645 Regis
631 3570 808 3628 Lusitaniae
829 3572 868 3628 acl
891 3569 1436 3646 Ρ1ο1646111Ι661616111,231611116τί1
1456 3566 1544 3641 1651:

213 3691 226 3718 ‹
242 3664 271 3724 Ο
294 3666 472 3724 Patriarcha
493 3685 541 3725 me
563 3686 705 3725 escreveu
728 3687 777 3725 em
799 3669 1056 3744 particularidade
1080 3670 1237 3726 dandome
1265 3675 1357 3725 conta
1385 3668 1427 3725 do
1456 3667 1546 3724 mise·

210 3766 291 3823 ravel
314 3783 331 3823 e
353 3765 496 3840 perigoso
517 3765 625 3823 estado
646 3784 664 3823 a
685 3783 746 3840 que
766 3767 835 3824 avia
857 3767 950 3825 vindo
978 3767 1100 3841 aquella
1128 3765 1355 3835 christandade,
1385 3782 1445 3839 que
1466 3765 1546 3822 seria

209 3882 279 3922 meo
302 3880 378 3939 para
398 3880 430 3921 se
452 3868 512 3922 nau
534 3865 645 3922 acabar
666 3865 705 3921 de
728 3866 802 3923 todo
824 3864 1006 3923 inviaremse
1027 3884 1066 3923 ao
1087 3864 1155 3921 Mar
1177 3864 1264 3922 Roxo
1290 3874 1398 3937 quatro
1427 3863 1545 3920 embar-

209 3968 319 4038 cacoes
340 3979 410 4019 com
431 3961 549 4019 oitenta
570 3963 716 4022 soldados
737 3973 936 4038 portugueses
957 3981 1017 4039 que
1038 3972 1153 4021 tomem
1174 3973 1262 4037 porto
1284 3979 1324 4018 na
1346 3961 1492 4019 lortaleza
1506 3962 1546 4018 66

210 4059 364 4118 Massua...
382 4082 409 4118 ».
432 4058 548 4130 ATTL,
570 4059 640 4118 Dor.
666 4061 777 4119 enarud.
793 4061 831 4119 da
846 4060 945 4130 India,
967 4061 1016 4117 liv.
1040 4059 1121 4129 LXI,
1143 4060 1163 4116 1.
1186 4074 1253 4131 421.
1277 4059 1334 4116 Cui
1357 4058 1469 4116 Prorex
1490 4060 1546 4116 sub

210 4157 259 4214 die
283 4170 318 4212 21
343 4155 515 4214 decembris
543 4158 608 4217 eius
635 4158 710 4216 anni
736 4156 807 4229 1651
841 4158 1017 4233 respondet:
1044 4180 1058 4209 «
1074 4156 1142 4216 Nao
1171 4176 1203 4215 se
1231 4158 1359 4233 alcanca
1388 4175 1407 4214 o
1436 4156 1545 4213 funda·

210 4263 317 4312 mento
346 4272 405 4328 que
433 4264 542 4313 teveo
569 4254 746 4314 Patriarcha
773 4257 813 4313 de
842 4255 988 4331 Ethiopia
1015 4274 1064 4312 em
1093 4256 1177 4312 dizer
1198 4274 1216 4313 a
1236 4253 1273 4314 V.
1295 4252 1368 4313 M.‘¹⁰
1390 4271 1449 4328 que
1475 4271 1545 4312 com

210 4361 321 4425 quatro
349 4352 457 4410 navios
484 4368 544 4425 que
573 4352 738 4428 chegacem
766 4373 785 4412 a
813 4353 924 4429 Macua
952 4372 985 4411 se
1012 4354 1212 4411 acobardaria
1240 4372 1260 4412 o
1282 4351 1346 4427 Rey
1366 4353 1408 4408 da
1429 4369 1546 4411 mestus

211 4448 366 4524 Ethiopian,
388 4467 504 4524 porque
525 4466 558 4507 se
578 4451 741 4508 considera
762 4451 857 4509 distar
877 4461 941 4509 este
962 4469 1057 4527 reyno
1078 4451 1162 4525 polla
1181 4460 1261 4508 terra
1275 4451 1384 4508 dentro
1399 4449 1440 4508 do
1455 4457 1545 4523 porto

209 4548 248 4605 de
269 4547 413 4621 Meque„
434 4565 505 4605 nem
527 4566 546 4605 o
567 4548 664 4624 podet
685 4550 724 4605 de
745 4549 863 4606 oiteuta
884 4549 1013 4607 humens
1034 4566 1101 4606 sera
1123 4550 1263 4606 bastante
1284 4565 1383 4622 aque
1404 4565 1423 4604 0
1445 4545 1546 4620 Reye

209 4663 278 4703 sens
300 4645 447 4703 vassallos
468 4654 588 4703 tornem
610 4663 659 4703 em
681 4646 864 4704 obediencia
885 4647 925 4703 da
946 4645 1045 4722 Igreja
1066 4646 1259 4704 catholica».
1291 4645 1368 4703 Ibid.
1397 4643 1467 4705 Dor.
1500 4664 1549 4700 en-¹

209 4742 309 4800 vr’rrdos
328 4741 368 4799 da
389 4740 489 4810 India,
524 4742 573 4800 liv.
595 4741 678 4814 LXI,
701 4744 720 4801 1.
743 4759 811 4815 424.
834 4743 920 4802 Haec
942 4745 1004 4801 duo
1026 4745 1113 4801 retuli
1135 4761 1172 4800 es
1198 4743 1287 4801 Arch.
1316 4741 1470 4801 Lusitanis
1498 4743 1545 4798 di·

209 4838 387 4914 plomatica,
409 4847 443 4896 ut
463 4848 584 4909 vocant,
606 4840 795 4898 documenta
816 4828 894 4898 inter
915 4841 976 4898 alia
998 4841 1093 4898 multa
1114 4841 1364 4918 praecedentium
1383 4857 1543 4907 annorum,

210 4936 282 5011 quia
313 4935 423 4992 ultima
452 4946 523 4993 suut
554 4954 632 5012 quae
663 4939 703 4995 ad
737 4939 910 4996 huiusmodi
939 4937 1134 4997 Patriarchae
1166 4939 1330 5016 petitiones
1364 4937 1543 4994 referuntur.

210 5035 256 5093 Cf,
279 5035 374 5093 etiam
397 5033 482 5104 APF‚
510 5035 583 5093 Lm.
613 5035 709 5105 latriae,
735 5034 912 5108 16306647,
944 5036 1003 5093 vol.
1031 5036 1086 5107 IX,
1115 5039 1134 5098 f.
1160 5052 1224 5109 132.

289 5135 336 5203 (2)
356 5154 370 5181 ι
382 5131 429 5186 Α6
442 5129 552 5206 Congr.
564 5132 626 5188 diei
643 5145 676 5205 17
690 5133 820 5191 ianuarii
836 5134 919 5206 1639.
940 5147 984 5188 11.
999 5132 1160 5191 Referentc
1172 5136 1281 5191 eodem
1297 5133 1333 5189 D.
1350 5133 1440 5189 Card.
1457 5131 1544 5188 Pam·
