4066 6184
563 602 626 663 290
894 593 1169 644 EXPEDITIONIS
1192 594 1455 644 AETHIOPICAE
1478 594 1558 643 ETC.

560 755 594 808 et
618 743 814 807 Lusitaniae
838 743 950 826 Regis
974 762 1014 805 ac
1037 742 1156 806 Indiae
1179 743 1336 826 protegis
1359 743 1524 825 epistolas
1539 752 1572 805 et
1596 752 1709 814 tenue,
1734 742 1795 804 sed
1818 760 1886 825 gra·

560 872 644 933 tum,
668 861 711 923 de
738 861 840 923 rebus
863 861 986 923 indicis
1010 860 1151 923 xenium
1175 860 1300 922 obtulit
1324 870 1358 922 et
1382 860 1427 922 ab
1449 878 1492 922 eo
1515 856 1580 921 fuit
1604 858 1751 921 iucunde
1776 877 1815 920 ac
1835 858 1885 919 be

561 977 684 1040 nevole
707 988 884 1057 exceptus.
908 974 992 1038 Post
1015 974 1089 1037 dies
1112 975 1307 1056 quindecim
1331 976 1366 1037 in
1397 973 1617 1038 Patriarchae
1646 974 1797 1046 domum,
1826 974 1884 1055 ipsi

561 1113 607 1154 ex
630 1112 739 1174 aequo
762 1102 1011 1174 praeparatam,
1035 1112 1072 1154 se
1096 1091 1235 1173 recepit,
1251 1092 1309 1153 ubi
1330 1090 1559 1173 epraeteritis
1576 1090 1751 1154 laboribus
1766 1108 1885 1153 recrea·

560 1219 616 1272 tus
640 1211 683 1271 ad
700 1220 863 1273 venturos
879 1220 913 1272 et
929 1211 996 1271 iam
1021 1210 1089 1271 iam
1114 1209 1332 1271 imminentes
1354 1209 1491 1271 modlco
1514 1218 1668 1289 tempore
1683 1205 1837 1288 prolusit.

247 1335 405 1398 spiscopus
415 1345 534 1386 mmet
650 1324 700 1388 *2.
726 1323 796 1387 Ubi
812 1327 994 1406 episcopus
1009 1322 1236 1387 Camaranum
1260 1326 1382 1395 tenuit,
1405 1324 1511 1405 priori
1527 1322 1696 1393 navicula,
1713 1342 1800 1404 quae
1816 1321 1886 1385 iude
1909 1335 1982 1396 turi.

212 1404 534 1542 ffiwsstsslssffifi*
559 1437 717 1524 proiecta
739 1451 791 1504 est
815 1440 982 1513 Mazuam,
1007 1440 1254 1521 Imperatorem
1278 1452 1312 1503 et
1336 1440 1571 1503 Patriarcham
1594 1439 1646 1501 sui
1670 1439 1836 1501 adventus
1856 1449 1886 1501 et

560 1559 704 1639 periculi
728 1558 784 1620 vel
809 1558 911 1629 vitae,
936 1557 992 1619 vel
1017 1557 1185 1620 libertatis
1208 1557 1369 1620 certiores
1393 1554 1485 1627 fecit,
1509 1556 1700 1619 obtestatus
1732 1565 1769 1617 ut
1799 1556 1886 1617 auxi·

561 1675 654 1747 liurn,
678 1676 770 1755 quod
794 1674 898 1737 armis
921 1675 1034 1756 parari
1059 1692 1126 1736 non
1150 1681 1294 1755 poterat,
1319 1673 1530 1735 orationibus
1546 1693 1567 1735 a
1581 1671 1659 1735 Deo
1678 1681 1886 1752 quaereretur

560 1798 595 1852 et
618 1791 691 1871 ipse
715 1790 1027 1871 praesentissimum
1050 1798 1103 1851 est
1125 1798 1298 1870 expertus,
1322 1789 1419 1850 brevi
1442 1796 1579 1870 praeter
1601 1806 1698 1870 spem
1718 1788 1811 1849 omni
1825 1787 1886 1849 dis·

560 1906 701 1968 crimine
725 1905 915 1987 expeditus.
940 1902 1019 1968 Suis
1043 1903 1165 1967 litteris
1188 1924 1246 1967 eas
1270 1903 1437 1973 adiunxit,
1461 1922 1548 1984 quas
1572 1904 1604 1965 in
1629 1901 1729 1966 India
1747 1912 1783 1965 et
1797 1902 1886 1964 Lusi·

559 2020 653 2083 tania
676 2022 863 2101 collegerat
886 2032 920 2084 et
944 2022 978 2083 in
1001 2019 1055 2083 his
1078 2018 1216 2082 Romae
1242 2019 1398 2101 scriptas,
1431 2040 1497 2082 non
1529 2020 1639 2082 solum
1664 2039 1686 2081 a
1708 2018 1886 2082 reverendo

559 2137 744 2199 admodum
768 2147 864 2219 patre
880 2136 1040 2201 Generali
1063 2134 1247 2200 Societatis
1269 2136 1347 2199 Iesu
1370 2138 1430 2199 sed
1453 2136 1498 2199 ab
1521 2135 1799 2199 eminentissimis
1813 2134 1885 2197 Car-

559 2253 740 2325 dinalibus,
764 2254 908 2335 ipsoque
930 2254 1036 2316 totius
1058 2251 1238 2316 Ecclesiae
1261 2253 1413 2325 Pastore,
1430 2253 1474 2315 ad
1491 2252 1747 2334 Imperatorem,
1764 2251 1884 2314 Princi-

559 2389 638 2452 pem
661 2378 696 2432 et
726 2369 968 2432 Patriarcham.
994 2369 1082 2432 Prae
1105 2370 1250 2432 coeteris
1280 2367 1476 2451 pontificiae
1507 2368 1746 2451 providentiae
1776 2387 1883 2430 mouu-

559 2486 684 2548 mentis
699 2484 840 2548 missum
855 2494 906 2548 est
929 2485 1165 2567 plenissimum
1182 2484 1262 2548 anni
1278 2485 1453 2548 millesimi
1477 2485 1719 2547 sexcentesimi
1736 2482 1883 2568 vigesimi

558 2600 669 2683 quinti
692 2601 887 2673 iubilaeum,
912 2601 1049 2664 Romae
1072 2611 1153 2664 tunc
1176 2602 1440 2685 promulgatum,
1465 2610 1600 2664 etcum
1625 2600 1747 2663 iisdem
1774 2601 1883 2662 immu-

559 2717 724 2780 nitatibus
749 2718 783 2779 in
807 2715 1028 2799 Aethiopiam
1052 2727 1245 2782 extensum.
1268 2716 1359 2781 Suae
1379 2716 1580 2780 Sanctitatis
1595 2717 1778 2798 epistolam
1794 2715 1883 2779 aPa·

559 2834 707 2896 triarcha
730 2833 942 2914 productam,
965 2843 999 2896 et
1023 2853 1044 2895 a
1067 2842 1163 2915 patre
1186 2831 1412 2895 Emmanuele
1436 2843 1600 2915 argenteo
1616 2833 1782 2896 malluvio
1798 2832 1880 2894 obla·

558 2960 628 3013 tam
641 2949 834 3031 Imperator
845 2948 880 3012 in
892 2950 997 3031 pedes
1013 2970 1194 3032 assurgens
1205 2950 1337 3032 accepit
1349 2959 1384 3012 et
1396 2948 1517 3013 vertici
1531 2950 1696 3033 imposuit
1715 2949 1882 3029 eidemque

559 3067 739 3150 legendam
762 3064 913 3138 tradidit,
937 3067 1063 3129 lectam
1093 3086 1227 3129 summo
1258 3067 1335 3129 loco
1357 3065 1487 3137 habuit,
1510 3075 1545 3128 et
1576 3065 1819 3129 sententiarum
1847 3083 1882 3125 ac

558 3182 641 3264 styli
664 3182 870 3265 gravitatem
898 3181 1094 3253 demiratus,
1127 3184 1160 3244 in
1191 3182 1411 3245 vernaculum
1443 3181 1571 3244 idioma
1600 3182 1882 3244 transcribendam

558 3299 701 3361 curavit.
726 3296 820 3361 Tunc
844 3296 1029 3360 iubilaeum
1052 3296 1252 3360 Patriarcha
1275 3298 1489 3379 deprompsit
1508 3306 1543 3361 et
1563 3298 1671 3360 incise
1692 3298 1839 3360 inclusos
1852 3298 1882 3357 in

559 3435 600 3477 eo
623 3414 811 3486 thesauros
836 3412 1040 3496 illorumque
1063 3415 1244 3477 veritatem
1267 3414 1467 3495 explicavit.
1485 3412 1525 3477 In
1545 3414 1680 3496 aliquos
1699 3422 1822 3485 autem,
1843 3432 1883 3474 ex

559 3531 722 3612 primaria
755 3529 935 3592 nobilitate
962 3539 995 3593 et
1025 3531 1218 3592 muniorum
1250 3530 1486 3611 amplitudine,
1517 3530 1605 3592 clam
1638 3540 1827 3592 mussantes
1853 3538 1883 3590 et

559 3643 676 3708 forsan
710 3664 787 3708 cum
822 3644 1016 3707 Pharisaeis
1051 3645 1222 3708 dicentes:
1259 3644 1345 3727 Quis
1378 3650 1429 3709 est
1454 3645 1509 3708 hic
1539 3645 1602 3730 qui
1627 3645 1731 3709 etium
1756 3648 1884 3730 peccata

559 3760 728 3824 dimittit?
752 3760 840 3842 Quis
855 3764 968 3845 potest
988 3758 1158 3824 dimittere
1175 3765 1321 3846 peccata,
1344 3760 1420 3825 nisi
1437 3760 1528 3824 relus
1555 3758 1677 3825 Deus?
1702 3760 1885 3844 Imperator

560 3888 754 3959 asperatum
778 3878 878 3961 gravi
901 3878 1094 3941 severitatis
1117 3879 1266 3959 pondere
1289 3881 1422 3942 vultum
1438 3878 1572 3942 modice
1593 3876 1789 3942 inflectens:
1813 3875 1884 3959 Qui,
1999 3948 2000 3951 ,

560 3994 680 4075 inquit,
704 3993 803 4057 dictis
825 4015 846 4056 a
869 3993 1077 4057 Patriarcha
1100 4013 1168 4056 non
1191 3994 1305 4069 credit,
1329 3994 1502 4081 euangelio
1520 3995 1632 4080 fidem
1655 3994 1817 4082 abrogat-
1834 3993 1889 4078 qui

559 4131 636 4174 vem
658 4110 764 4174 credit
784 4109 888 4174 Petro
913 4108 1087 4173 Christum
1110 4107 1252 4173 dimisse:
1280 4110 1359 4174 Tibi
1376 4109 1458 4174 dabo
1479 4110 1588 4175 claves
1605 4110 1886 4197 regnicuelorum,
1999 4130 2000 4137 ¹

560 4231 594 4290 ct
614 4224 805 4291 soluendum
828 4226 867 4289 in
889 4226 977 4289 coelo
1000 4226 1167 4310 quidquid
1187 4224 1249 4291 ille
1264 4228 1302 4291 in
1318 4233 1410 4292 terra
1429 4227 1589 4297 solvisset,
1613 4227 1887 4291 indentemini
1999 4208 2000 4217 ἵ

555 4349 653 4428 porse
676 4343 870 4407 Romanum
893 4343 1094 4428 Pontificem
1116 4344 1225 4429 i'psiiu
1254 4364 1467 4408 mccessorem
1499 4343 1734 4430 indulgentias
1759 4339 1885 4429 largiri.

247 4468 404 4519 lubriscum
431 4466 534 4518 indict·
651 4480 680 4540 3.
704 4459 849 4523 Iubilaei
881 4462 916 4523 in
946 4460 1175 4542 aethiopicam
1198 4461 1351 4544 linguam
1374 4461 1532 4524 conversi
1555 4462 1718 4541 exempla
1745 4470 1780 4522 et
1803 4458 1887 4522 illius
1998 4474 1999 4545 3

212 4551 266 4591 Μ’
560 4575 797 4640 lucrifaciendi
833 4596 985 4639 normam
1021 4578 1064 4639 ad
1088 4597 1206 4640 omnes
1233 4587 1368 4659 patrum
1399 4575 1613 4649 residentias,
1644 4578 1750 4638 variis
1780 4575 1887 4658 reguis
1998 4550 1999 4575 i

561 4692 742 4775 dispersas,
766 4693 967 4757 Patriarcha
989 4695 1187 4766 transmisit,
1211 4703 1245 4756 et
1268 4693 1394 4775 ubique
1417 4690 1481 4757 fuit
1506 4711 1632 4776 magno
1647 4692 1886 4756 catholicorum

561 4829 726 4872 concursu
750 4819 784 4872 et
807 4811 936 4891 pietate
959 4819 1166 4892 susceptum.
1189 4809 1243 4873 Ne
1265 4821 1380 4874 tamen
1396 4811 1552 4874 eamdem
1576 4810 1715 4891 saepius
1737 4809 1887 4872 incudem

561 4926 752 4997 tundamus,
777 4925 992 4990 membratim
1016 4937 1158 4999 tantum,
1182 4926 1265 5009 quid
1288 4926 1451 4990 Dancazii
1475 4936 1510 4989 et
1533 4927 1566 4988 in
1590 4925 1810 5008 hyemalibus
1839 4944 1888 4986 ca·

559 5042 639 5104 stris
662 5041 739 5104 Ras
761 5038 843 5105 Seis
866 5040 1021 5106 Christos
1046 5045 1080 5106 in
1103 5062 1210 5127 regno
1237 5043 1422 5107 Amarensi
1453 5051 1567 5106 actum
1597 5042 1643 5105 sit
1675 5041 1886 5106 describetur.
1997 5016 1998 5019 Ἴ

559 5156 777 5221 Indicebatur
800 5158 832 5221 in
858 5178 955 5223 sacro
980 5159 1040 5223 illo
1063 5160 1261 5244 diplomate,
1286 5166 1323 5223 ut
1346 5159 1390 5222 ad
1414 5158 1554 5221 iubilaei
1577 5158 1719 5223 divitias
1739 5159 1887 5222 obtinen·

1982 5696 1997 6153 ᾧ
