4058 6178
246 2522 364 2573 Laetitia
382 2521 413 2572 in
437 2521 528 2572 dorni·

209 2595 273 2643 nica
292 2592 504 2645 resurrectione.

244 4144 276 4190 In
295 4142 433 4205 templum
459 4142 526 4192 Col-

208 4213 279 4261 lelae
297 4227 345 4261 ara
358 4212 524 4264 introducta·

561 621 619 697 198
888 627 1160 679 EXPEDITIONIS
1183 626 1444 677 AETHIOPICAE
1467 626 1548 677 ETC.

555 776 609 840 lbi
632 776 802 841 dominica
824 778 881 841 die
904 786 1059 860 spectata
1081 777 1272 859 palmarum
1295 776 1339 839 ad
1365 784 1518 838 nostrum
1533 793 1664 837 morem
1679 775 1876 845 benedictio,

555 902 590 955 et
613 892 784 958 Passionis
814 895 858 957 ad
888 894 1036 976 plurium
1066 912 1189 955 vocum
1220 889 1425 955 inflexiones
1454 892 1655 953 decantatae
1686 891 1875 953 modulatio.

556 1008 657 1072 Feria
678 1018 801 1092 quarta
829 1018 990 1072 consueta
1019 1009 1235 1070 tenebrarum
1263 1005 1391 1080 officia;
1423 1006 1543 1087 quinta
1572 1007 1662 1068 sacri
1691 1005 1876 1068 chrismatis

555 1127 749 1189 benedictio
771 1135 805 1189 et
828 1127 952 1207 pedum
976 1123 1061 1187 lotio
1084 1144 1105 1187 a
1131 1123 1329 1187 Patriarcha
1362 1124 1529 1186 exhibita.
1563 1121 1764 1186 Mandatum
1797 1142 1875 1184 vero

555 1260 576 1302 a
598 1260 630 1320 p.
655 1239 788 1303 Didaco
811 1238 969 1309 Matensi,
994 1248 1181 1302 castrorum
1209 1248 1364 1302 curatore
1393 1250 1429 1301 et
1452 1241 1583 1301 cunctis
1605 1238 1707 1301 valde
1729 1248 1873 1318 accepto,

555 1357 796 1438 praedicatum.
819 1354 1067 1418 Eucharistiam
1085 1355 1222 1437 publice
1236 1363 1318 1417 tunc
1333 1355 1527 1436 expositam
1543 1353 1695 1417 vicissim
1711 1353 1786 1417 Ras
1801 1351 1876 1417 Sela

554 1470 707 1536 Christos
729 1482 764 1536 et
786 1470 881 1535 Cabai
902 1470 1056 1535 Christos
1078 1470 1258 1553 spontanei
1282 1472 1498 1534 excubitores
1521 1490 1598 1533 cum
1632 1468 1795 1534 fidissimo
1821 1473 1874 1532 do-

555 1591 771 1652 mesticorum
794 1587 965 1659 satellitio,
991 1589 1081 1651 diem
1109 1597 1311 1668 noctemque
1340 1588 1524 1650 vallarunt.
1556 1585 1625 1648 Die
1646 1586 1780 1649 veneris
1807 1594 1875 1648 tota

554 1702 681 1767 Christi
704 1706 819 1786 passio
843 1724 864 1765 a
892 1713 990 1786 patre
1015 1702 1192 1767 Ludovico
1222 1701 1385 1765 Cardeira
1415 1722 1492 1765 cum
1524 1701 1686 1783 lacrymis
1716 1722 1874 1784 perpensa

554 1831 588 1883 et
611 1821 732 1883 eodem
756 1820 859 1883 animi
883 1840 983 1883 sensu
1007 1820 1051 1882 ab
1078 1819 1289 1883 auditoribus
1311 1828 1482 1901 percepta.
1506 1816 1626 1881 Crucis
1649 1818 1802 1881 adoratio
1828 1838 1875 1880 se·

554 1944 633 1998 cuta
655 1945 689 1998 et
711 1934 837 1999 Christi
861 1955 985 2017 corpus
1008 1937 1052 1999 ab
1074 1956 1115 1998 ea
1138 1937 1331 2018 depositum
1355 1945 1389 1998 et
1412 1937 1447 1997 in
1470 1932 1578 1998 ferale
1601 1932 1786 1997 ferethrum
1804 1934 1874 1996 illa·

554 2062 636 2122 tum,
660 2052 865 2134 ductumque
887 2052 931 2114 ad
954 2052 1120 2115 tumulum
1143 2050 1385 2133 praeeuntibus
1416 2050 1574 2112 omnibus
1604 2048 1724 2112 inflicti
1753 2048 1874 2111 doloris

555 2167 789 2229 instrumentis
811 2178 845 2230 et
867 2168 1057 2251 tergemino
1080 2166 1266 2230 Mariarum
1290 2166 1394 2229 choro
1416 2163 1590 2228 flebilibus
1612 2164 1816 2227 carminibus
1843 2174 1874 2225 et

554 2283 697 2344 vocibus
719 2292 959 2363 consequente.
983 2280 1137 2346 Sabbato
1152 2283 1324 2365 paschalis
1340 2283 1429 2345 cerei
1444 2292 1477 2345 et
1501 2279 1605 2344 fontis
1628 2281 1873 2343 benedictiones

555 2395 681 2461 festivo
704 2399 823 2478 plausu
847 2409 1128 2481 repraesentatae.

644 2534 673 2592 3.
697 2513 879 2577 laetitiam
902 2524 1016 2578 tamen
1047 2518 1191 2579 exauxit
1221 2518 1422 2579 antelucana
1453 2516 1730 2582 Resurrectionis
1758 2537 1874 2602 pompa

554 2637 587 2691 et
611 2649 789 2709 puerorum
814 2630 857 2692 ad
881 2639 1016 2693 nostros
1040 2632 1196 2694 modulos
1218 2633 1415 2695 saltantium
1438 2633 1624 2714 tripudium
1648 2646 1683 2696 et
1706 2634 1808 2716 lepidi
1827 2634 1872 2695 hi·

553 2743 692 2807 strionis
714 2745 1002 2826 gesticulationes,
1026 2745 1085 2829 qui
1109 2746 1206 2827 parvi
1229 2747 1403 2811 cuiusdam
1425 2749 1600 2810 daemonis
1616 2749 1678 2811 sed
1698 2750 1870 2812 admodum

553 2858 706 2922 volatilis
742 2879 782 2923 ac
813 2861 999 2923 turbulenti
1030 2881 1175 2943 persona
1204 2863 1368 2935 larvatus,
1399 2864 1520 2927 obvios
1550 2865 1665 2927 iocose
1696 2866 1872 2947 impetebat

553 2975 744 3056 uncinoque
765 2975 1053 3051 trahebatflaec
1077 2978 1192 3039 omnia
1214 2978 1271 3039 vel
1294 2977 1397 3040 etiam
1421 2978 1578 3049 levicula,
1602 2998 1679 3043 cum
1699 2999 1870 3061 numquam

553 3091 610 3152 vel
645 3110 706 3172 per
735 3093 888 3154 umbram
911 3090 1096 3155 Abassinis
1125 3103 1243 3166 essent⁴
1268 3103 1431 3175 spectata,
1454 3094 1504 3157 sic
1535 3115 1626 3158 nova
1655 3105 1689 3158 et
1722 3097 1805 3158 mira
1832 3097 1871 3157 ab

553 3208 636 3287 ipsis
659 3208 817 3278 iudicata,
840 3218 878 3283 ut
900 3227 922 3270 a
944 3209 1040 3271 coelo
1064 3210 1161 3290 lapsa
1185 3210 1379 3273 viderentur
1401 3220 1436 3273 et
1455 3212 1634 3274 catholicis
1657 3222 1771 3275 essent
1786 3213 1870 3273 exci-

552 3333 711 3395 tamento,
736 3323 961 3387 schismaticis
984 3323 1235 3397 confusioniet
1257 3326 1383 3408 tepidis
1406 3328 1517 3390 ardori
1538 3327 1773 3409 concipiendo.
1794 3327 1867 3389 Dux

553 3438 695 3501 illustris
717 3458 763 3500 ex
786 3437 919 3502 familia
941 3439 1017 3502 Ras
1039 3438 1122 3505 Sela
1147 3440 1309 3514 Christds
1341 3443 1454 3506 dictus
1483 3442 1616 3506 Emana
1634 3444 1769 3526 iFecur,
1792 3443 1869 3505 idest

554 3555 659 3637 niger,
683 3554 727 3616 ad
750 3555 889 3617 alterius
912 3556 1081 3619 dilutioris
1103 3557 1365 3630 distinctionem,
1388 3561 1448 3639 qui
1463 3577 1560 3623 suum
1577 3569 1697 3641 postea
1713 3559 1868 3621 vexillum

552 3672 690 3752 proprio
712 3673 878 3754 sanguine
901 3673 936 3734 in
965 3670 1044 3737 fidei
1080 3671 1312 3739 defensionem
1344 3672 1452 3747 effuso
1483 3676 1695 3756 purpuravit,
1724 3676 1869 3739 absoluta

553 3786 829 3858 Resurrectionis
852 3807 978 3868 pompa
1001 3789 1162 3870 lacrymis
1186 3810 1206 3851 a
1229 3790 1361 3853 laetitia
1384 3792 1559 3872 expressis
1581 3790 1739 3854 diffluens
1757 3792 1799 3853 ad
1813 3791 1869 3852 Pa·

552 3903 752 3965 triarcham:
791 3901 891 3974 Vere,
923 3904 1049 3984 inquit,
1082 3904 1137 3967 die
1167 3908 1303 3968 veneris
1334 3907 1405 3969 vidi
1434 3908 1643 3977 morientem,
1675 3927 1756 3971 vere
1778 3904 1868 3968 hodie

553 4019 624 4080 vidi
648 4029 890 4101 resurgentem.

642 4156 671 4211 4.
696 4133 735 4197 In
759 4144 892 4215 patrum
922 4137 1061 4218 templis
1083 4135 1278 4218 frequentes
1301 4148 1399 4201 erant
1422 4141 1601 4212 nundinae,
1625 4141 1684 4220 qui
1715 4141 1867 4203 scelerum

553 4248 834 4312 condonationem
859 4260 891 4312 et
915 4252 1098 4313 coelestem
1121 4273 1244 4334 panem
1268 4273 1308 4315 ac
1331 4253 1448 4316 vinum
1468 4256 1542 4317 sine
1565 4274 1647 4318 auro
1671 4265 1707 4319 et
1729 4264 1865 4337 argento,

553 4365 609 4426 vel
632 4364 701 4426 alia
723 4367 999 4438 commutatione,
1020 4368 1189 4441 emebant,
1207 4388 1349 4449 quorum
1374 4370 1556 4432 multitudo
1576 4371 1612 4432 in
1628 4372 1794 4434 calculum
1809 4389 1866 4431 non

552 4481 665 4551 venit,
691 4480 749 4544 Ex
779 4479 1040 4546 Goiamensibus
1069 4483 1191 4566 Agais‚
1217 4483 1384 4547 idolorum
1408 4485 1514 4548 cultui
1530 4486 1769 4569 .man*cipatis,
1792 4487 1867 4548 dena
1891 4495 1907 4545 t.

553 4596 661 4659 millia
683 4597 727 4659 ad
750 4594 878 4659 Christi
902 4600 1112 4680 obsequium,
1136 4610 1294 4681 suscepto
1318 4601 1498 4682 baptismo,
1515 4603 1671 4665 traducta
1687 4604 1743 4666 die
1766 4600 1866 4681 311u·

552 4712 590 4773 lii
614 4714 694 4774 anni
721 4716 813 4783 rozo,
837 4734 905 4796 quo
928 4734 954 4776 s.
979 4714 1106 4796 Ignatii
1129 4717 1237 4796 patris
1264 4718 1371 4779 nostri
1401 4714 1527 4782 festum
1557 4718 1728 4791 recolitur,
1761 4719 1793 4781 in
1817 4736 1866 4779 no·

553 4848 631 4889 vum
656 4826 809 4891 Collelae
831 4831 996 4911 templum
1020 4830 1084 4911 ipsi
1108 4832 1257 4893 dicatum
1286 4851 1345 4895 ara
1371 4833 1543 4914 portatilis
1573 4835 1729 4897 immissa
1755 4854 1774 4896 a
1803 4832 1867 4894 Ras

551 4939 633 5005 Sela
664 4939 816 5006 Christds
849 4946 1067 5008 consociante
1096 4946 1191 5008 Buco
1222 4946 1407 5009 Damotum
1437 4967 1592 5031 prorege.
1616 4948 1678 5011 Ad
1700 4964 1865 5029 vesperum

551 5059 667 5119 datum
692 5069 744 5121 est
768 5060 802 5121 in
825 5061 993 5122 theatrum
1017 5060 1181 5124 Abrahae
1205 5061 1419 5135 sacrificium,
1443 5064 1535 5146 quod
1558 5064 1718 5126 omnibus
1744 5065 1790 5126 ita
1811 5059 1866 5124 fuit

551 5175 740 5253 probatum,
765 5182 800 5236 ut
823 5194 900 5236 cum
924 5178 1056 5238 octobri
1080 5179 1239 5258 proximo
1262 5176 1413 5242 Ganetae
1437 5178 1514 5241 lesu
1534 5180 1773 5243 celebrandum
1790 5184 1867 5241 esset

2001 562 2002 593 l

2001 1040 2002 1077 l

1931 4498 1961 4549 95·
