4166 6182
527 552 568 594 20
859 547 1134 597 EXPEDITIONIS
1157 547 1417 597 AETHIOPICAE
1442 549 1522 597 ETC.

526 692 762 775 Chrysostomi
783 706 816 757 et
832 697 986 766 aliorum,
1004 715 1079 757 cum
1097 696 1141 757 ad
1160 696 1304 759 exilium
1321 697 1542 767 mitterentur,
1560 697 1722 778 exempla
1737 696 1857 758 suade·

524 812 616 881 bant,
631 830 709 873 nam
726 811 894 873 satellites
909 822 943 872 et
959 811 1141 893 stipatores
1158 814 1393 892 sequebantur,
1412 832 1473 874 nec
1490 813 1654 893 patribus,
1671 813 1740 874 iam
1761 821 1860 872 antea

523 945 566 988 ea
589 926 632 988 de
656 947 691 988 re
715 926 889 997 consultis,
907 939 944 988 ut
962 928 1009 990 ita
1024 926 1120 990 fieret
1137 930 1328 1010 probatum,
1345 947 1422 989 cum
1445 926 1530 989 Rex
1547 926 1615 989 iam
1639 926 1859 995 decrevisset,

523 1052 571 1112 ut,
595 1044 624 1105 si
651 1042 849 1105 Patriarcha
880 1044 1007 1105 mulam
1038 1046 1265 1106 conscendere
1282 1044 1497 1114 detrectaret,
1522 1044 1612 1104 lecto
1636 1043 1818 1124 impositus
1840 1060 1859 1101 a

523 1158 793 1220 succollantibus
817 1158 973 1220 Mazuam
997 1170 1199 1242 gestaretur.
1224 1159 1264 1221 Id
1285 1178 1369 1220 vero
1392 1158 1458 1221 sibi
1482 1157 1556 1220 fore
1572 1158 1675 1220 valde
1691 1158 1859 1239 pernicio·

523 1294 599 1336 sum
622 1285 736 1356 patres
760 1275 1008 1338 ominabantur.
1034 1275 1203 1337 Dicebant
1227 1277 1326 1345 enim,
1344 1276 1372 1336 si
1390 1275 1588 1336 Patriarcha
1604 1273 1763 1336 Mazuam
1784 1291 1859 1353 gra·

523 1390 605 1452 bato
629 1390 837 1452 decumbens
861 1392 1110 1470 importaretur,
1135 1391 1264 1453 'l‘urcas
1287 1391 1447 1462 dicturos,
1472 1392 1584 1471 ipsum
1609 1400 1643 1450 et
1663 1399 1778 1470 patres
1794 1388 1860 1449 sibi

522 1506 656 1567 vinctos
687 1515 721 1567 et
756 1505 1002 1586 mancipiorum
1034 1508 1105 1568 iure
1136 1506 1289 1576 traditos
1321 1526 1361 1568 ac
1392 1506 1536 1586 proinde
1564 1506 1766 1567 servitutem
1795 1504 1858 1566 sibi

521 1620 711 1682 servituros
734 1631 769 1682 et
792 1624 923 1701 ingenti
947 1624 1091 1703 pecunia
1113 1641 1288 1684 servorum
1313 1624 1420 1684 instar
1443 1621 1673 1683 redimendos.

610 1735 714 1799 Adeo
737 1756 820 1799 vero
844 1738 1053 1818 Aethiopiae
1078 1748 1111 1800 et
1135 1739 1241 1818 ipsius
1256 1737 1459 1819 Imperatori
1476 1738 1697 1817 exploratum
1715 1734 1780 1797 fuit
1797 1735 1859 1796 Pa·

521 1851 706 1914 triarcham
730 1863 764 1915 et
787 1863 903 1935 patres
926 1874 1007 1916 suae
1034 1854 1226 1935 depulsioni
1257 1854 1411 1916 restitare
1442 1864 1488 1927 ut,
1513 1852 1670 1915 alludens
1694 1853 1738 1912 ad
1764 1852 1858 1912 illam

521 1969 678 2030 ultimam
702 1969 920 2031 Patriarchae
944 1973 1227 2033 contestationem
1250 1970 1462 2032 Fraemonae
1485 1968 1625 2040 factam,
1642 1970 1735 2029 dicat
1759 1968 1793 2028 in
1811 1965 1860 2027 ul·

520 2083 606 2146 tima
629 2085 673 2146 ad
697 2086 808 2167 ipsum
825 2095 859 2148 et
874 2097 989 2167 patres
1006 2089 1152 2167 epistola
1164 2087 1226 2169 (rit
1244 2086 1298 2149 Eu
1315 2085 1405 2148 Arnd
1421 2084 1624 2170 Gueorguis,
1647 2084 1736 2145 Tacit
1753 2080 1859 2164 Chry·

520 2204 587 2261 stos
610 2205 643 2262 et
667 2200 824 2263 Miluus
848 2201 1002 2264 Christos
1024 2203 1135 2264 nrrrlta
1159 2224 1179 2263 a
1203 2202 1292 2265 vobis
1306 2201 1395 2264 dicta
1414 2201 1507 2264 nobis
1523 2202 1649 2285 scripio
1665 2198 1861 2262 retulerunt
1885 2210 1903 2257 s.
1925 2219 1987 2272 rsa.

518 2318 555 2376 at
583 2316 706 2398 plures
731 2334 813 2399 quas
840 2315 1002 2378 obr'ecrstis
1028 2317 1270 2382 exornationes,
1298 2337 1372 2378 curn
1398 2314 1489 2379 uobis
1515 2315 1557 2377 ah
1583 2315 1628 2377 iis
1651 2317 1768 2376 nostro
1803 2330 1858 2372 no·

520 2431 610 2492 naias
625 2436 658 2492 et
672 2430 768 2493 iussu
791 2428 978 2494 clr'cerctur:
1004 2432 1077 2494 «ln
1101 2438 1229 2493 terram
1251 2437 1408 2501 vestram,
1436 2452 1458 2493 a
1481 2452 1547 2514 qua
1570 2428 1701 2515 egressi
1718 2426 1859 2514 fuistis

519 2545 625 2608 redita
640 2570 668 2617 ι,
693 2546 927 2618 nuntiarunt·
950 2557 984 2609 et
1013 2550 1046 2610 in
1075 2546 1159 2610 fine:
1190 2548 1285 2628 Qurit
1307 2547 1373 2609 sibi
1396 2547 1488 2609 illud
1510 2546 1587 2608 ault
1610 2542 1698 2629 quod
1728 2544 1766 2607 V.
1791 2543 1859 2604 Do·

518 2660 661 2724 minatio
684 2659 786 2724 dr'cit:
813 2687 828 2719 ι
851 2662 932 2724 Voto
955 2662 1144 2748 obstringor
1167 2662 1381 2747 Aethiopiam
1404 2684 1472 2725 nou
1502 2658 1752 2724 deseruerit».
1778 2659 1859 2721 Nou

520 2777 619 2839 illam
651 2777 687 2840 V.
714 2777 924 2847 Domiuatro,
947 2777 1006 2839 sed
1027 2779 1092 2841 illa
1124 2778 1161 2842 V.
1186 2778 1457 2841 Dominatronern
1480 2776 1620 2850 diruant,
1645 2795 1704 2839 nec
1726 2775 1766 2839 V.
1791 2774 1860 2836 Do·

518 2892 664 2955 minatio
680 2892 778 2955 illam
787 2891 904 2978 sugat,
918 2893 995 2975 [sic]
1007 2892 1065 2956 sel
1075 2894 1138 2955 illa
1154 2895 1190 2956 V.
1210 2894 1481 2956 Dominationern
1492 2893 1583 2955 siout
1597 2913 1618 2953 a
1625 2888 1861 2975 praeliifaoio

519 3008 743 3071 mctz'culosus.
777 3009 815 3071 V.
839 3008 1083 3095 Donu'uattoui
1103 3030 1163 3071 nos
1185 3029 1295 3072 coram
1319 3009 1393 3071 Deo
1416 3013 1516 3071 testes
1530 3028 1649 3070 snmus
1677 3007 1716 3070 V.
1740 3006 1859 3069 Domi·

519 3124 691 3186 nationem
710 3124 902 3207 plurimum
924 3124 1141 3208 Aethiopiam
1171 3124 1340 3200 dilexisse,
1363 3126 1424 3187 sea'
1450 3125 1549 3187 illam
1574 3144 1642 3186 uon
1667 3124 1719 3187 ita
1750 3119 1861 3200 futur

516 3257 592 3299 cum
624 3238 663 3301 V.
687 3237 931 3301 Dominatzone
955 3240 1115 3302 laetatam
1131 3244 1166 3302 et
1181 3239 1239 3301 illi
1251 3240 1403 3325 ingentes
1414 3238 1665 3301 amaritudines
1681 3236 1841 3301 intulisse
1847 3261 1861 3305 ,-

515 3363 552 3415 et
577 3354 712 3414 iterum:
738 3353 834 3415 Haec
857 3358 992 3416 nostrae
1014 3360 1064 3417 cst
1084 3354 1245 3438 epistolae
1267 3355 1442 3418 resolutr'o:
1466 3354 1680 3417 Omncscum
1700 3354 1862 3416 salatiel

511 3466 610 3551 pacis
625 3468 680 3531 oia
696 3468 733 3530 in
749 3489 830 3531 suas
840 3469 981 3553 patrias
1003 3468 1174 3533 discedant
1181 3498 1195 3541 ,·
1217 3482 1252 3534 et
1269 3491 1375 3553 prope
1399 3469 1520 3532 finem:
1545 3470 1617 3532 Nil
1630 3469 1699 3531 iarn
1712 3469 1861 3553 prodest,

511 3587 591 3666 post
613 3582 701 3645 hanc
723 3605 794 3645 rem
818 3585 1033 3646 constitutam
1057 3589 1091 3647 et
1115 3583 1297 3655 dissectam,
1314 3588 1436 3668 flexus
1458 3589 1492 3647 ot
1513 3584 1667 3670 ambages
1692 3582 1860 3668 paraesti-

514 3718 619 3782 gare:
650 3698 764 3761 scitoto
779 3698 873 3761 nihil
892 3699 1062 3762 nobishoc
1085 3702 1261 3764 concilium
1284 3722 1343 3763 uer
1367 3701 1457 3762 ullas
1473 3700 1635 3763 morandi
1645 3700 1860 3762 causationes

512 3811 733 3898 profuturas.
759 3815 834 3875 Hoc
856 3816 945 3876 ern'rn
970 3820 1144 3878 aeteruum
1159 3816 1267 3879 rastri
1278 3816 1384 3879 exitii
1396 3822 1430 3878 et
1438 3822 1578 3901 prignac
1592 3815 1771 3877 baratrum
1788 3815 1859 3877 exi·

515 3932 630 3990 staret.
649 3926 721 3990 Cirr
736 3928 954 3992 obluctamini
973 3935 1008 3993 at
1029 3931 1203 4014 obfirmato
1217 3930 1327 3994 dz'citir
1342 3952 1398 3994 uos
1414 3932 1605 3994 monituros
1616 3932 1636 3995 ί)
1661 3931 1740 4013 [sic]
1763 3931 1860 3993 Num

515 4042 603 4127 quid
630 4044 780 4127 aliquam
804 4045 1022 4132 offensionem
1037 4048 1125 4110 uobis
1147 4048 1339 4119 intulimus,
1360 4052 1423 4110 out
1447 4051 1576 4111 uestras
1596 4047 1775 4133 fortunas
1797 4046 1862 4108 huc

515 4159 662 4222 rrrvectas
682 4164 746 4222 aut
760 4158 813 4222 hic
823 4166 946 4244 partas
968 4162 1220 4246 expilaoimus?
1244 4164 1315 4225 nu
1338 4184 1391 4227 rer
1406 4163 1485 4226 hau
1499 4183 1558 4226 nec
1572 4163 1673 4226 acrba
1689 4163 1862 4225 commoda

515 4279 621 4343 sunt:
635 4275 696 4337 sol
715 4274 843 4349 abeant,
859 4296 917 4338 nec
932 4276 1005 4338 ullo
1020 4277 1114 4338 ruodo
1129 4275 1310 4360 quidqumn
1326 4283 1507 4363 opponant.
1529 4279 1627 4340 Haec
1641 4277 1739 4340 verbi
1751 4277 1865 4339 nostri

516 4387 672 4450 clausula
695 4393 728 4450 ot
748 4389 858 4462 vactis,
882 4389 940 4452 hoc
962 4395 1013 4453 est
1035 4396 1171 4453 nostras
1192 4392 1352 4475 epistolae
1377 4393 1589 4478 repagulum.
1614 4392 1744 4455 Lector
1771 4412 1860 4454 nunc

516 4502 645 4565 iudicet
676 4523 719 4565 an
750 4504 947 4566 Patriarcha
973 4515 1007 4567 et
1033 4516 1147 4585 patres
1174 4507 1396 4588 Aethiopiam
1425 4507 1512 4570 ultio
1529 4507 1605 4589 [sic]
1634 4508 1859 4589 reliquerant,

516 4618 591 4699 [sic]
617 4638 695 4680 num
727 4619 920 4699 gladiorum
944 4622 1085 4700 cuspide
1108 4629 1142 4681 et
1164 4621 1338 4684 hastilium
1363 4623 1584 4685 mucronibus
1607 4626 1792 4704 exagitati.

605 4733 711 4794 Nunc
733 4754 810 4817 ergo
834 4733 1040 4796 habitatores
1065 4736 1280 4799 Hierusalem
1305 4743 1338 4799 ot
1360 4738 1431 4800 uiri
1445 4736 1545 4819 Juda
1563 4737 1714 4821 (dicebat
1739 4739 1860 4810 Isaias‚

515 4868 581 4929 ego
605 4868 687 4909 vero
711 4849 801 4929 dico)
829 4868 917 4909 nunc
941 4868 1033 4931 ergo,
1060 4854 1130 4912 veri
1156 4852 1307 4914 Romani
1334 4864 1368 4915 et
1399 4853 1564 4923 Lusitani,
1591 4852 1743 4917 iudicata
1768 4855 1861 4919 inter

515 4984 567 5026 me
582 4967 616 5025 et
629 4962 763 5024 an'rream
779 4983 884 5025 meam
897 4962 959 5047 (2);
977 4976 1126 5027 vestrum
1143 4969 1233 5028 enim
1251 4968 1424 5041 iudicium,
1442 4978 1521 5050 post
1537 4988 1663 5031 causae
1683 4980 1860 5033 momenta

604 5099 639 5159 (1)
660 5097 718 5146 Lib.
740 5109 762 5159 3,
781 5112 838 5161 cap.
860 5110 901 5154 21,
921 5114 946 5147 n.
971 5110 991 5150 1.
1012 5127 1044 5134 -
1065 5106 1100 5159 (2)
1121 5101 1183 5150 lsai.
1204 5112 1228 5164 5,
1248 5117 1271 5149 n.
1294 5111 1319 5162 3.
