4124 6182
763 2190 951 2267 CAPUT
979 2192 1045 2267 111.

364 2458 495 2554 Origo
523 2467 565 2532 et
592 2458 761 2555 antiqua
788 2459 926 2554 gentis
954 2459 1216 2554 aethiopicae
1243 2459 1403 2554 religio.

304 2825 329 2867 1.
357 2804 604 2886 Aethiopicam
627 2814 764 2888 gentem
788 2826 834 2867 ex
857 2804 998 2868 Indicae
1022 2807 1093 2869 suis
1109 2807 1142 2868 in
1160 2807 1289 2869 laribus
1312 2807 1546 2876 redundantia,
1612 2813 1705 2896 Gens
1740 2813 1898 2889 aethiopica

73 2923 93 2971 ‘-
112 2936 176 2985 2υ·-
206 2933 241 2985 et
268 2924 304 2984 in
328 2920 512 2984 *externos
542 2919 680 2984 effluvio
711 2921 904 2984 dimanasse
927 2933 960 2984 et
984 2922 1064 2984 inde
1086 2921 1322 3003 Aethiopiam,
1346 2920 1548 2985 Inferiorem
1575 2883 1722 3005 {tuffam
1749 2899 1808 2935 Μ
1832 2899 1898 2948 9³⁰⁰

206 3037 348 3101 Indiam
372 3047 539 3109 vocatam,
563 3035 652 3100 falso
676 3039 784 3119 aliqui
807 3038 1005 3119 opinantur;
1031 3057 1108 3099 cum
1124 3038 1273 3119 pedestri
1289 3039 1411 3101 itinere
1427 3040 1462 3100 in
1478 3037 1548 3102 Ae-

207 3155 382 3235 thiopiam
406 3162 519 3216 rectus
533 3173 602 3216 non
618 3154 719 3216 detur
734 3174 779 3216 ex
795 3152 895 3216 India
910 3154 1096 3237 digressus,
1117 3172 1180 3216 nec
1203 3153 1367 3218 credibile
1382 3155 1427 3217 sit
1442 3175 1548 3217 exun-

208 3272 352 3333 dantem
378 3268 630 3333 multitudinem
650 3279 782 3332 tantum
799 3271 946 3340 navium,
964 3270 1083 3351 quanti
1099 3270 1234 3352 egebat,
1250 3288 1428 3333 numerum
1443 3290 1549 3352 expe·

209 3396 325 3449 ctasse
350 3396 408 3448 aut
432 3384 614 3448 invenisse.
638 3383 816 3449 Inferioris
840 3385 958 3448 Indiae
982 3405 1106 3448 nomen
1125 3387 1210 3448 situs
1238 3387 1371 3459 indidit,
1386 3389 1479 3467 quod
1506 3387 1550 3448 ab
1597 3394 1736 3476 ‘mrerlor
1753 3394 1834 3478 lnqia
1855 3396 1898 3445 di·

208 3501 405 3582 Europaeis
421 3500 519 3563 India
545 3510 719 3582 reputetur
743 3502 958 3565 vastissimus
980 3510 1145 3564 terrarum
1169 3511 1305 3574 tractus
1330 3503 1389 3582 qui
1412 3503 1457 3564 ab
1479 3502 1550 3565 Ae·
1578 3468 1899 3601 ffimffissffffissiff

209 3627 325 3701 gypto
349 3617 393 3678 ad
417 3626 596 3697 utramque
618 3615 801 3698 Erythraei
826 3618 930 3679 maris
952 3637 1048 3679 oram
1071 3627 1105 3680 et
1128 3618 1217 3681 ultra
1241 3617 1363 3680 Indum
1379 3619 1422 3680 ad
1439 3629 1551 3681 extre·

211 3752 308 3796 mum
326 3731 504 3796 Orientem
520 3733 737 3814 protrahitur,
754 3734 815 3796 sed
831 3731 917 3797 haec
933 3733 1033 3796 India
1051 3731 1215 3815 Superior
1227 3744 1288 3801 est,
1309 3735 1370 3796 illa
1385 3733 1552 3817 Aegypto

211 3847 371 3921 finitima,
395 3846 585 3921 Inferior,a
609 3847 715 3913 Cham
741 3850 844 3932 (quod
860 3851 1000 3912 minime
1018 3847 1209 3913 inficiantur
1226 3850 1418 3933 indigenae)
1435 3859 1493 3912 aut
1508 3851 1552 3913 ab

212 3964 310 4026 illius
333 3964 519 4046 nepotibus
540 3965 781 4046 proseminata.
807 3963 899 4029 Gens
923 3966 1049 4028 coloris
1068 3974 1121 4029 est
1136 3966 1275 4037 oleacei,
1292 3985 1368 4028 cum
1385 3975 1553 4029 tumentes
1615 3972 1725 4022 color
1752 3980 1780 4019 et
1807 3969 1899 4020 linea·

213 4080 344 4143 baccae
368 4081 519 4142 nondum
544 4081 679 4161 plenam
704 4079 894 4143 olivitatem
919 4082 1118 4164 attigerunt.
1141 4079 1268 4163 Capilli
1292 4083 1419 4144 enodes
1441 4092 1475 4144 et
1495 4101 1552 4143 na·
1581 4054 1684 4094 ΝΜ

212 4206 293 4260 tura
315 4195 458 4258 minime
481 4196 618 4268 vibrati,
643 4198 704 4259 sed
728 4197 763 4258 in
786 4197 959 4277 plerisque
982 4198 1087 4278 paulo
1110 4197 1302 4280 rigidiores,
1325 4216 1411 4279 quos
1438 4207 1554 4261 amant

214 4331 284 4374 non
309 4308 424 4373 ferreo
446 4309 653 4383 calamistro,
684 4313 744 4374 sed
775 4312 892 4394 ligneo
915 4313 969 4374 vel
1003 4314 1152 4376 eburneo
1183 4314 1284 4376 obelo
1316 4313 1348 4374 in
1382 4332 1552 4386 coronam,

213 4429 251 4490 in
274 4427 400 4490 tiaram
424 4436 458 4489 et
484 4428 599 4508 plures
629 4428 717 4490 alias
748 4425 887 4499 formas,
918 4447 982 4490 nec
1013 4445 1090 4490 raro
1113 4447 1250 4499 cornua,
1274 4437 1497 4509 contorquere
1520 4439 1554 4490 et

216 4544 346 4625 butyro
369 4541 514 4613 illinere,
539 4543 582 4603 ad
605 4543 850 4605 subnascentes
873 4542 1036 4605 bestiolas
1059 4542 1260 4605 enecandas.
1284 4538 1393 4623 Caput
1409 4561 1490 4604 vero
1507 4542 1554 4604 ita

218 4668 395 4740 comptum
420 4655 562 4738 pulvino
586 4677 653 4719 nou
678 4660 904 4731 committunt,
929 4679 971 4721 ne
996 4659 1093 4720 labor
1115 4659 1280 4729 eludatur,
1311 4659 1372 4720 sed
1403 4658 1554 4720 dolatam

215 4795 262 4837 ex
279 4775 377 4857 ligno
393 4773 608 4844 semilunam,
624 4782 658 4835 et
674 4773 809 4836 modico
825 4772 936 4836 fulcro
950 4776 1067 4835 nixam
1084 4773 1209 4836 cervici
1225 4784 1428 4856 supponunt.
1441 4772 1555 4836 Recto

215 4900 295 4953 sunt
319 4907 466 4970 corpore
490 4907 552 4950 nec
576 4888 743 4951 obesitate
774 4908 935 4971 umquam
967 4887 1149 4960 deformes,
1181 4887 1359 4952 vivacibus
1390 4900 1423 4950 et
1454 4908 1556 4971 gran·

217 5007 373 5068 dioribus
397 5003 520 5075 oculis,
543 5012 746 5084 nostrosque
773 5006 818 5067 ob
845 5005 1070 5087 exiguitatem
1087 5015 1259 5086 tamquam
1277 5003 1474 5067 formicinos
1498 5007 1556 5067 de·

216 5123 339 5185 rident.
365 5119 519 5182 Eximiis
541 5121 610 5181 oris
633 5129 667 5182 et
697 5120 802 5184 totius
824 5122 977 5202 corporis
1008 5121 1233 5184 lineamentis.
1266 5120 1447 5183 Faeminas
1478 5141 1556 5185 can·
