4066 6184
648 2159 836 2238 CAPUT
864 2160 1011 2234 XXIII.
1119 2222 1122 2227 Α

227 2457 355 2533 Sarsa
383 2455 572 2533 christos
600 2478 626 2531 a
653 2455 841 2552 principe
860 2455 1047 2531 Basilide
1066 2454 1438 2551 comprehenditur,

165 2591 270 2667 etin
293 2590 411 2687 regia
437 2599 577 2666 castra
603 2591 831 2686 perductus,
861 2611 954 2664 cum
981 2589 1107 2665 sociis
1135 2588 1271 2685 capite
1298 2587 1500 2684 plectitur.

258 2961 286 3002 1.
310 2939 479 3021 Percepto
501 2938 700 3002 rebellionis
710 2938 817 3029 'istius
832 2937 961 3009 nuntio,
978 2934 1117 3001 fratrem
1133 2936 1210 3000 Ras
1229 2934 1311 3000 Sela
1325 2933 1501 3000 Chri*stds
1556 2941 1849 3006 rmpentoreurnun

164 3054 320 3120 Ganetae
343 3057 387 3118 ad
401 3056 590 3137 podagram
606 3055 844 3118 medicandam
860 3056 950 3117 lecto
966 3054 1182 3117 incubantem
1199 3052 1389 3135 Imperator
1407 3051 1500 3116 Dan·
1524 3012 1595 3135 3⁶21:
1610 3011 1849 3146 ffissaeffiffl'

164 3173 296 3235 cazium
320 3173 489 3243 Invitavit,
513 3181 549 3235 et
571 3171 752 3254 appulsum
775 3179 893 3235 tenero
924 3172 1049 3233 amoris
1079 3167 1204 3233 affectu
1227 3168 1399 3241 demulsit,
1422 3187 1500 3231 cum

164 3308 212 3367 eo,
231 3288 266 3352 in
289 3289 437 3372 gratiam
452 3288 590 3351 rediens
605 3297 640 3350 et
654 3288 716 3350 illa
731 3287 922 3350 rebellione
938 3306 1086 3369 poenam
1102 3304 1140 3348 se
1156 3284 1296 3348 admissi
1313 3285 1415 3347 errati
1431 3282 1500 3347 sol·

164 3424 246 3472 vere
267 3405 483 3487 dignoscens.
504 3401 642 3467 Sinistri
665 3404 756 3466 enim
780 3412 922 3465 eventus
955 3401 1115 3483 praevisi,
1139 3419 1199 3463 eos
1222 3400 1501 3487 praecaventium

165 3522 384 3604 prudentiam
406 3529 587 3592 testantur,
619 3521 654 3582 in
677 3520 789 3583 lucem
813 3519 954 3601 egressi,
979 3517 1068 3578 male
1094 3516 1345 3580 consulentium
1372 3514 1502 3598 incogi-
1593 3571 1596 3579 .

165 3637 310 3700 tantiam
334 3646 505 3699 accusant.
529 3633 635 3700 Suam
658 3655 740 3699 vero
764 3636 824 3698 ille
847 3635 1026 3705 Incusavit,
1059 3633 1162 3715 plane
1185 3642 1219 3695 et
1249 3632 1399 3695 dilucide
1422 3651 1502 3695 con·

166 3751 277 3817 fessus
299 3752 438 3816 fratrem
462 3773 483 3816 a
506 3773 542 3816 se.
565 3754 737 3816 immerito
753 3760 788 3814 et
813 3750 967 3834 graviter
981 3748 1149 3813 offensum
1166 3761 1211 3821 et,
1227 3758 1265 3812 ut
1283 3750 1501 3831 praeteritam

166 3872 331 3933 iacturam
355 3871 472 3951 aliqua
493 3869 722 3951 pensitatione
749 3866 938 3938 resarciret,
962 3866 1014 3928 illi
1037 3875 1072 3929 et
1094 3866 1196 3928 uxori
1212 3876 1326 3929 vestes
1345 3865 1503 3928 attalicas

164 3996 198 4049 et
214 4006 360 4069 operosa
375 4006 421 4049 ex
437 4004 521 4048 auro
535 3986 678 4048 monilia
693 3984 867 4066 impertiit,
884 3992 921 4046 et
935 3985 985 4045 ita
999 4003 1045 4046 ex
1061 4002 1171 4063 aequo
1187 4000 1265 4044 cum
1280 3981 1342 4044 illo
1365 3980 1501 4064 agebat,

165 4113 202 4166 ut
225 4103 420 4166 crederetur
443 4102 551 4164 cliens
574 4102 609 4163 in
631 4102 821 4182 principem
845 4109 878 4162 et
894 4101 1054 4181 princeps
1070 4101 1104 4161 in
1120 4098 1281 4161 clientem
1298 4099 1436 4160 mutatis
1450 4098 1501 4159 vi·

164 4220 262 4282 cibus
285 4219 504 4300 demigrasse.
529 4215 575 4280 Se
598 4216 674 4279 Ras
696 4216 823 4279 obtulit
845 4225 882 4279 ut
905 4216 939 4278 in
963 4214 1126 4277 rebellem
1150 4222 1372 4296 properanter
1394 4222 1503 4275 trans·

165 4343 324 4405 curreret,
348 4335 410 4398 sed
435 4353 497 4397 nec
519 4344 717 4397 transcurso
740 4352 802 4395 nec
825 4342 1007 4414 properato
1030 4350 1116 4412 opus
1138 4351 1213 4393 esse
1235 4329 1432 4393 iudicatum.

256 4471 284 4515 2.
310 4450 529 4513 Patriarchae
552 4451 655 4512 etiam
680 4446 754 4533 (sed
778 4450 851 4511 eius
881 4445 985 4510 officii
1015 4448 1156 4510 minime
1187 4444 1370 4529 incurioso)
1396 4445 1501 4529 signi·
1564 4450 1851 4517 Patriarctmetepl·

163 4565 292 4640 ficavit,
316 4575 452 4649 gratum
475 4566 541 4628 sibi
566 4563 650 4637 fore,
666 4566 694 4627 si
719 4566 819 4628 abeo
844 4565 878 4626 in
901 4564 966 4626 hoc
983 4563 1127 4625 articulo
1150 4564 1193 4625 ad
1209 4562 1349 4643 aliquod
1373 4562 1502 4623 doloris
1527 4526 1851 4662 ffffissffifm

164 4683 388 4746 lenimentum
408 4684 623 4754 inviseretur,
640 4691 674 4744 et
691 4681 968 4743 antemeridianis
990 4677 1092 4749 horis,
1109 4679 1233 4760 quibus
1253 4679 1364 4760 ipsum
1380 4687 1415 4739 et
1430 4678 1502 4758 epi·

164 4819 307 4882 scopum
338 4801 547 4862 adventuros
577 4797 718 4869 sciebat,
749 4796 854 4860 animi
878 4815 1079 4859 causacum
1111 4794 1230 4877 paucis
1261 4794 1441 4875 equitibus,
1465 4802 1502 4856 ut

164 4916 352 4999 aliquando
375 4916 520 4987 solebat,
543 4916 578 4977 in
595 4933 752 4996 campum
769 4931 937 4994 egressus
962 4911 1033 4975 illis
1059 4920 1233 4994 tamquam
1251 4929 1331 4972 casu
1354 4919 1389 4972 et
1413 4906 1503 4971 forte

164 5031 304 5096 fortuna
327 5032 519 5102 accidisset,
543 5050 580 5093 se
605 5030 649 5094 ad
672 5031 777 5111 pedes
801 5029 964 5091 desiliens
987 5039 1022 5090 et
1050 5046 1138 5108 equo
1170 5026 1347 5108 paululum
1377 5034 1502 5097 amoto,

164 5151 199 5218 in
222 5149 325 5212 collis
347 5149 475 5210 vertice
497 5147 670 5228 tapetibus
694 5154 812 5227 operto
835 5147 991 5229 pervium
1020 5144 1156 5214 obiecit,
1173 5141 1330 5223 quamvis
1346 5142 1504 5204 omnibus
