4058 6178
616 554 732 604 LIBER
755 555 795 615 11,
819 554 944 605 CAPUT
969 555 1019 604 VI.
1415 561 1472 605 201

234 723 264 783 9.
290 701 440 766 Diversa
462 703 559 785 paria
582 701 617 764 in
639 702 794 764 diversas
823 700 993 785 regiones,
1022 704 1068 765 ad
1097 711 1243 784 quatuor
1268 711 1390 765 ventos
1420 722 1479 783 pa·
1543 713 1591 762 Ab
1617 710 1664 794 ¹¹⁸.
1687 724 1828 794 eonvsrn

144 818 342 882 triarchalis
363 817 539 899 domicilii,
563 817 719 881 dimissa:
739 837 785 881 ex
801 836 944 898 quorum
958 819 1153 881 rationariis
1169 827 1312 890 constat,
1329 818 1393 881 hos
1409 838 1480 880 ma·
1507 781 1830 917 gffifflffiffi

145 933 283 1015 nipulos
319 935 364 997 ab
393 935 436 997 iis
469 934 648 998 collectos:
683 933 874 997 Monachus
907 934 943 996 in
973 933 1152 997 Dambaea
1181 935 1226 998 ad
1267 934 1479 997 occidentem
1507 924 1608 975 decim

144 1058 292 1132 quatuor
315 1050 476 1114 millenos
498 1049 676 1115 Ecclesiae
699 1050 784 1113 ovili
807 1051 1030 1133 aggregavit;
1055 1059 1200 1130 quatuor
1226 1049 1420 1132 presbyteri
1444 1051 1479 1112 in

145 1183 251 1249 regno
274 1165 532 1249 Bagamedrino
560 1168 603 1228 ad
637 1174 798 1236 austrum,
823 1166 910 1229 duee
944 1166 1165 1248 Imperatoris
1188 1167 1389 1238 vernaculo,
1421 1165 1479 1229 tri·

145 1282 241 1364 ginta
265 1280 364 1344 mille
386 1290 421 1344 et
442 1290 611 1344 tercentas
634 1280 767 1344 animas
790 1282 834 1344 ab
853 1282 1031 1344 haeresum
1049 1281 1244 1363 labyrintho
1259 1280 1479 1354 extricarunt,

145 1406 178 1460 et
200 1396 332 1480 viginti
365 1407 400 1460 et
422 1405 500 1460 octo
524 1396 634 1459 millia
667 1406 701 1459 et
730 1406 912 1461 sexcentas
942 1396 1180 1459 commuuione
1209 1396 1419 1459 roborarunt.
1444 1395 1480 1458 A

144 1513 281 1576 duobus
305 1513 384 1576 aliis
407 1513 442 1575 in
465 1513 584 1576 eodem
608 1531 726 1595 regno,
751 1514 795 1575 ab
814 1511 966 1575 eiusdem
981 1510 1202 1592 Imperatoris
1217 1510 1406 1573 domestico
1423 1512 1480 1574 de·

145 1629 267 1699 ductis,
292 1628 467 1710 baptismo
500 1629 644 1691 lustrata
674 1629 797 1710 viginti
820 1646 935 1691 earum
967 1627 1085 1698 millia,
1117 1638 1151 1690 et
1181 1628 1322 1689 coelesti
1353 1628 1480 1708 pabulo

145 1754 299 1809 recreata
314 1743 457 1808 totidem
473 1743 592 1817 millia,
609 1753 643 1807 et
658 1752 943 1826 quatercentenae
954 1745 1223 1826 quinquagenae.
1237 1742 1340 1805 Alius
1353 1742 1479 1805 ibidem

145 1861 322 1942 baptismo
344 1868 466 1942 quater
489 1859 648 1923 millenos
670 1861 916 1942 septingentos,
939 1868 976 1921 et
1000 1878 1098 1922 sacra
1124 1859 1236 1921 sinaxi
1252 1858 1306 1920 bis
1321 1858 1480 1920 millenos

144 1984 432 2055 quatercentenos
455 1975 530 2038 Deo
552 1974 720 2038 adiunxit.
745 1974 842 2038 Idem
872 1974 907 2037 in
939 1973 1117 2055 provincia
1144 1972 1411 2056 Oinadegueusi,
1436 1972 1480 2034 ad

145 2090 325 2163 orientem,
360 2090 457 2154 mille
487 2100 771 2173 quatercentenos
794 2086 942 2152 infantes
976 2090 1157 2171 baptismo,
1192 2109 1289 2152 sacra
1315 2087 1479 2150 Euchari-

145 2208 210 2270 stia
234 2207 398 2270 millenos
420 2207 626 2290 quingentos
656 2225 851 2289 sexagenos
874 2202 1075 2268 candefacit.
1098 2204 1230 2268 ibidem
1254 2205 1342 2267 alter
1368 2205 1479 2285 bapti·

145 2341 258 2386 smum
293 2324 426 2385 vicenis
456 2322 607 2385 millenis
636 2322 831 2403 sexagenis,
863 2322 1136 2384 communionem
1166 2341 1231 2383 sex
1261 2319 1415 2383 millibus
1444 2330 1479 2382 et

146 2439 311 2501 tercentis
334 2437 531 2519 impertivit.
559 2434 722 2511 Clericus,
749 2438 808 2520 qui
838 2436 919 2500 fidei
951 2438 1138 2501 doctrinam
1165 2457 1187 2500 a
1208 2436 1362 2519 patribus
1393 2433 1478 2499 Gor·

145 2572 268 2635 gorrae
291 2553 461 2625 hauserat,
485 2562 519 2616 et
542 2552 590 2616 ibi
613 2564 735 2635 postea
754 2553 957 2617 constitutus
980 2551 1089 2616 fuerat
1112 2553 1359 2633 ludimagister,
1376 2551 1480 2614 altius

145 2669 188 2731 ad
223 2669 393 2731 orientem
429 2671 462 2731 in
486 2668 665 2751 Agaorum
692 2668 914 2752 Tigraeorum
936 2670 1087 2751 regione,
1111 2667 1235 2731 Lastae
1259 2665 1479 2738 contermina,

145 2785 291 2866 triginta
315 2793 461 2865 quatuor
483 2782 592 2846 millia
615 2793 651 2847 et
672 2784 797 2868 viginti
819 2795 965 2867 quatuor
987 2784 1147 2866 originali
1171 2785 1331 2867 contagio
1354 2783 1479 2845 saluta·

145 2899 239 2962 ribus
263 2900 364 2981 aquis
385 2899 556 2971 abstersit,
580 2910 613 2962 et
638 2899 885 2963 Eucharistiam
911 2900 1061 2962 millenis
1083 2899 1191 2962 ternis
1213 2901 1380 2981 erogavit.
1404 2897 1480 2960 Mo-

146 3016 279 3079 nachus
301 3024 335 3077 et
353 3016 533 3097 presbyter
548 3013 717 3098 Ogarensi
732 3016 930 3095 provinciae
945 3016 989 3077 ad
1004 3017 1283 3096 septemtrionem
1307 3014 1479 3095 adscripti,

145 3130 300 3194 sedecim
323 3130 468 3194 millium
486 3140 518 3193 et
534 3131 838 3213 septingentorum,
862 3131 949 3193 alius
964 3150 1028 3193 sex
1042 3129 1189 3193 millium
1206 3130 1337 3194 lucrum
1350 3128 1479 3202 fecere;

147 3249 234 3310 alius
258 3247 432 3329 baptismo
454 3245 739 3327 quatercentenis,
762 3247 849 3309 alius
873 3247 1055 3329 nongentis
1088 3247 1282 3326 sexagenis,
1306 3243 1393 3308 alius
1420 3246 1480 3306 du-

147 3365 258 3426 centis
280 3361 413 3425 vicenis
436 3362 522 3424 coeli
546 3358 639 3424 fores
660 3358 824 3443 patefecit
848 3372 881 3423 et
904 3361 1046 3425 ulterius
1065 3363 1121 3424 hic
1138 3362 1307 3443 posterior
1322 3360 1480 3423 millenos

146 3491 312 3542 centenos
335 3477 495 3540 coelestis
517 3478 615 3560 panis
637 3478 815 3540 saturitate
836 3478 1017 3560 saginavit.
1042 3474 1233 3541 Monachus
1252 3476 1286 3539 in
1302 3476 1480 3558 provincia

146 3592 274 3665 Olcait,
294 3594 337 3656 ad
362 3593 547 3674 zephirum,
566 3594 810 3674 septemdecim
827 3594 937 3657 millia
951 3603 986 3656 et
1002 3593 1217 3675 octingentos
1233 3590 1479 3655 catholicorum

146 3712 246 3792 gregi
271 3709 428 3772 sociavit.
452 3706 518 3789 Qui
537 3710 567 3771 si
582 3708 814 3790 particulatim
830 3718 1065 3790 supputentur,
1082 3709 1188 3771 adulti
1205 3708 1270 3769 sub
1285 3708 1481 3771 conditione

38 3865 43 3875 ·
91 3866 119 3888 ..
146 3826 321 3907 baptismo
344 3823 497 3886 *lustrati
521 3822 665 3885 reddunt
687 3832 823 3886 centum
847 3834 881 3886 et
896 3834 1028 3905 septem
1044 3825 1153 3886 millia
1169 3825 1334 3886 ducentos
1349 3832 1383 3885 et
1398 3842 1480 3903 qua·

145 3949 240 4013 tuor;
267 3937 416 4002 infantes
440 3940 826 4022 millequatercentenos,
851 3959 949 4002 sacra
975 3941 1212 4002 communione
1231 3941 1321 4022 pasti
1344 3949 1479 4021 septua-

144 4057 244 4136 ginta
268 4066 302 4118 et
325 4073 429 4118 unum
453 4055 560 4117 millia
583 4064 866 4137 quatercentenos
888 4067 922 4117 et
946 4056 1126 4118 tredecim:
1150 4055 1194 4118 ad
1224 4052 1327 4118 fidem
1358 4055 1402 4116 ab
1428 4073 1479 4116 er·

144 4173 281 4234 roribus
303 4169 450 4233 traducti
473 4169 721 4252 quinquaginta
754 4170 903 4251 quinque
926 4169 1044 4232 millia.
1076 4167 1143 4250 Qui
1175 4187 1293 4231 omnes
1320 4168 1354 4231 in
1378 4188 1480 4231 unam

143 4305 315 4350 summam
339 4286 498 4366 copulate
521 4286 648 4347 redacti
672 4285 818 4348 ducenta
840 4285 962 4367 viginti
985 4286 1135 4366 quinque
1160 4285 1268 4347 millia
1283 4296 1317 4347 et
1333 4294 1479 4365 septem-

144 4402 258 4464 decim
282 4401 541 4481 baptizatorum,
564 4418 804 4462 conversorum
831 4410 866 4462 et
896 4402 1219 4463 communicantium
1250 4401 1477 4482 integrabunt.

144 4515 248 4598 Quod
271 4525 309 4578 ut
334 4516 435 4578 nobis
457 4515 560 4578 iidem
592 4514 750 4578 monachi
773 4517 1020 4596 etpresbyteri
1044 4535 1090 4577 ex
1114 4517 1184 4577 suis
1207 4515 1325 4578 diariis
1356 4514 1478 4577 retule-

145 4642 224 4697 runt
249 4633 300 4696 sic
324 4633 483 4695 volumus
508 4630 611 4695 fidem
643 4652 718 4695 esse
748 4652 852 4713 penes
883 4633 1022 4695 eosdem
1054 4632 1289 4696 calculatores.
1321 4632 1360 4694 In
1390 4631 1479 4693 hauc

145 4749 438 4829 computationem
462 4767 529 4809 uon
552 4749 702 4817 veniunt,
726 4767 813 4829 quos
836 4744 1020 4810 Societatis
1050 4746 1126 4811 Iesu
1150 4758 1264 4829 patres
1294 4747 1359 4809 hoc
1389 4766 1479 4809 anno

144 4865 215 4928 suis
238 4863 418 4926 laboribus
441 4862 515 4926 Deo
537 4873 736 4946 genuerunt,
761 4882 823 4925 nec
846 4864 979 4925 incolae
1001 4863 1184 4945 sexaginta
1199 4864 1402 4943 oppidorum
1418 4859 1479 4924 Se·

145 4980 248 5044 minis
271 4979 446 5041 montibus
469 4979 707 5051 adiacentium,
730 4998 816 5060 quos
838 4978 998 5061 egregius
1021 4977 1159 5058 quidem
1183 4979 1370 5041 monachus
1400 4976 1478 5040 fidei

145 5096 322 5180 mysteriis
344 5096 517 5157 instruxit.

224 5234 252 5278 C.
267 5234 378 5276 nucem
393 5233 450 5277 lter.
464 5234 529 5277 Aetk.
545 5234 637 5284 Scrr'pt.
652 5246 697 5273 occ.
713 5234 779 5276 tired.
793 5254 818 5264 -
833 5232 899 5276 VIII.
1374 5236 1399 5273 26
