4124 6182
228 619 405 671 Patriarchae
428 627 456 666 et
482 633 512 667 e·

191 692 372 755 piscoporum
399 689 509 740 electio.

227 3868 403 3919 Patriarchae
421 3869 452 3918 in
464 3870 512 3919 ln·

191 3939 266 3990 diam
284 3939 438 4002 navigatio.

543 469 604 513 120
872 462 1146 513 EXPEDITIONIS
1169 462 1430 512 AETHIOPICAE
1454 464 1534 513 ETC.

629 630 658 675 2.
682 608 920 674 Conimbricae
942 610 1155 693 Alphonsus‚
1179 611 1329 673 emensis
1361 611 1617 693 grammaticae,
1648 612 1869 676 humanitatIs

538 737 572 790 et
595 727 787 790 rhetoricae
810 728 939 799 stadiis,
964 746 1042 790 cum
1065 728 1128 789 vix
1151 727 1320 789 decimum
1344 727 1483 789 tertium
1507 729 1630 790 aetatis
1657 747 1784 790 annum
1811 748 1868 791 ex·

538 845 713 925 plevisset,
735 840 919 907 Societatis
942 842 1019 907 Iesu
1042 844 1250 924 tyrocinium
1277 842 1395 914 adivit,
1418 852 1520 906 sexto
1543 863 1651 907 nonas
1681 842 1869 908 februarias

537 961 617 1023 anni
652 977 745 1038 1593.
779 958 900 1042 quue
933 958 1092 1041 deposito
1118 968 1153 1022 et
1183 958 1420 1040 philosophiae
1451 970 1553 1042 atque
1575 960 1773 1043 theologiae
1796 980 1869 1024 cur·

538 1075 654 1138 riculis
688 1076 865 1146 absolutis,
899 1076 1077 1137 biennium
1110 1075 1368 1146 humanitatem,
1400 1076 1633 1157 quinquennio
1664 1076 1869 1138 rhetoricam

538 1202 571 1254 et
594 1192 668 1273 pari
695 1191 861 1272 temporis
890 1210 990 1253 cursu
1020 1209 1135 1254 sacras
1166 1191 1297 1254 litteras
1327 1188 1565 1253 Conimbricae
1596 1202 1648 1255 est
1679 1191 1869 1273 professus3

536 1308 642 1369 sacris
665 1306 842 1369 ordinibus
863 1306 1052 1388 septembri
1075 1306 1156 1368 anni
1183 1308 1264 1383 1605
1290 1304 1455 1377 initiatus,
1479 1315 1513 1369 et
1536 1317 1658 1389 quarto
1681 1308 1760 1369 idus
1783 1327 1871 1370 mar·

536 1424 602 1486 tias
619 1423 698 1485 anni
716 1426 794 1485 1612
813 1432 960 1503 quatuor
974 1432 1131 1484 votorum
1147 1422 1347 1485 retinaculis
1363 1432 1567 1485 auctoratus.
1584 1421 1735 1486 Eboram
1752 1435 1871 1505 postea

536 1539 580 1600 ad
596 1538 870 1621 prosequendam
886 1538 1023 1600 divinae
1039 1540 1186 1620 paginae
1202 1538 1531 1618 interpretationem,
1548 1541 1672 1603 martio
1688 1541 1767 1603 anni
1788 1543 1866 1617 1617

536 1664 735 1737 pertractus,
759 1664 840 1746 post
860 1654 953 1717 aliud
976 1654 1258 1735 quimquennium
1282 1653 1492 1736 Aethiopiae
1516 1655 1716 1737 adscriptus,
1748 1654 1870 1718 Ulissi·

535 1790 625 1853 pone
648 1770 844 1852 patriarcha
866 1771 1088 1852 inauguratus
1110 1780 1173 1841 est,
1197 1781 1320 1852 quarto
1344 1771 1421 1832 idus
1445 1772 1586 1833 martias
1609 1773 1688 1833 anni
1709 1776 1804 1850 1623,
1827 1773 1870 1834 ab

537 1887 767 1949 illustrissimo
790 1885 1008 1948 Ferdinando
1031 1884 1195 1949 Martinio
1218 1885 1446 1969 Mascaregna
1468 1905 1580 1949 rerum
1605 1889 1649 1950 ad
1671 1885 1774 1949 fidem
1794 1908 1869 1970 spe·

537 2001 700 2064 etantium
725 2001 919 2082 quaesitore
941 2001 1106 2084 generali,
1126 2002 1191 2083 ipsi
1220 2002 1457 2065 assistentibus
1473 2001 1690 2084 Hieronymo
1705 2001 1870 2067 Goveano

537 2114 695 2200 Septensi
719 2127 752 2180 et
774 2117 878 2180 Petro
901 2138 922 2180 a
944 2115 1046 2179 Costa
1071 2117 1234 2199 episcopo
1260 2116 1442 2201 Angrensi.
1466 2117 1630 2202 Augusto
1660 2120 1763 2182 simul
1793 2119 1870 2182 oleo

537 2233 803 2297 consecrationis
834 2233 1008 2297 delibutus
1038 2243 1089 2297 est
1120 2256 1152 2315 p.
1184 2232 1331 2296 Iacobus
1360 2230 1481 2297 Siccus
1512 2255 1533 2297 a
1563 2233 1769 2309 Covillanio,
1800 2237 1870 2318 epi·

537 2369 661 2431 scopus
683 2348 855 2412 Nicaenus
877 2346 978 2412 *olim
1002 2350 1037 2410 in
1060 2347 1341 2420 Conimbricensi‚
1365 2359 1445 2412 tunc
1469 2351 1503 2411 in
1528 2349 1691 2413 Romano
1722 2350 1869 2433 collegio
1902 2358 1913 2405 ·.
1966 2398 1973 2407 ,

537 2465 732 2548 theologiae
755 2462 939 2545 professor,
964 2464 1165 2528 Patriarcha
1193 2466 1298 2547 paulo
1332 2466 1455 2538 senior,
1489 2468 1551 2529 sed
1581 2467 1710 2529 eisdem
1742 2467 1869 2530 studio·

536 2599 612 2643 rum
635 2581 792 2662 passibus
815 2591 849 2643 et
873 2580 1046 2643 amicitiae
1069 2600 1163 2643 nexu
1187 2582 1351 2663 aequalis,
1387 2581 1453 2663 ipsi
1484 2583 1583 2645 datus
1614 2583 1751 2645 adiutor
1781 2579 1869 2645 futu·

537 2715 660 2777 rusque
683 2714 871 2761 successor.
894 2695 933 2760 P.
957 2695 1076 2760 Ioanni
1093 2716 1115 2758 a
1130 2695 1234 2778 Rupe
1254 2698 1526 2779 ulyssiponensis
1541 2697 1625 2781 [sr'c],
1650 2698 1869 2760 Patriarchae

538 2814 694 2885 adiutori,
714 2813 893 2893 eidemque
909 2831 987 2874 cum
1003 2813 1155 2895 episcopi
1180 2812 1433 2895 Hierapolitani
1449 2813 1551 2876 titulo
1567 2813 1602 2876 in
1618 2814 1740 2876 eadem
1756 2816 1870 2875 munia

538 2929 725 2990 successori
748 2927 783 2990 in
806 2927 950 2990 Nicaeni
965 2925 1137 2991 defectum
1152 2929 1357 3001 renuntiato,
1375 2929 1565 3011 diplomata
1580 2931 1615 2993 in
1631 2940 1788 3011 tempore
1804 2950 1870 2991 non

537 3052 771 3125 pervenerunt,
795 3043 856 3105 sed
879 3044 913 3104 in
936 3042 1070 3106 Indiam
1094 3056 1215 3126 postea
1237 3054 1316 3107 sunt
1340 3044 1490 3116 dimissa,
1516 3064 1591 3107 cum
1617 3047 1685 3107 iam
1710 3047 1799 3108 inter
1814 3064 1870 3108 na-

537 3159 724 3243 vigandum
747 3159 868 3221 eodem
893 3178 982 3221 anno
1005 3160 1179 3222 extinctus
1201 3169 1291 3223 esset
1313 3162 1494 3242 episcopus
1509 3161 1699 3234 Nicaenus;
1731 3163 1785 3224 cui
1802 3161 1870 3225 suf·

538 3274 649 3338 fectus
665 3284 717 3337 est
732 3276 767 3337 in
783 3274 960 3337 Lusitania
975 3295 1007 3357 p.
1025 3275 1242 3357 Apollinaris
1258 3276 1424 3340 Almeida
1448 3277 1567 3341 itidem
1587 3278 1869 3360 ulyssiponensis,

536 3390 735 3473 theologiae
758 3392 878 3453 doctor
912 3400 946 3452 et
980 3409 1153 3454 sacrorum
1184 3392 1340 3454 codicum
1365 3392 1399 3454 in
1423 3394 1543 3456 eadem
1571 3393 1793 3457 Patriarchae
1817 3414 1869 3457 ca-

537 3507 659 3569 thedra
681 3504 817 3568 Eborac
840 3508 1024 3589 interpres3
1048 3508 1117 3588 qui,
1141 3506 1269 3571 Ioanne
1293 3509 1400 3571 iustas
1423 3510 1468 3571 ob
1491 3529 1613 3572 causas
1637 3507 1732 3573 Goae
1759 3530 1870 3573 moras

538 3621 703 3693 trahente,
727 3623 762 3684 in
786 3619 1010 3704 Aethiopiam
1035 3642 1123 3685 anno
1151 3625 1235 3702 1630
1258 3623 1302 3686 ad
1321 3626 1555 3706 occupandam
1570 3636 1649 3707 post
1669 3646 1779 3689 annos
1795 3637 1870 3689 octo

538 3738 770 3818 augustiorem
795 3737 963 3800 doctorali
986 3737 1135 3801 lauream
1158 3741 1383 3820 praevolavit.

628 3873 658 3932 3.
681 3852 767 3915 Tres
789 3854 851 3915 illo
874 3873 963 3916 anno
987 3856 1021 3916 in
1044 3854 1178 3917 Indiam
1203 3859 1378 3919 onerariae
1401 3857 1613 3939 totidemque
1640 3878 1748 3921 naves
1764 3860 1869 3922 bella·

537 3971 655 4042 toriae,
679 3968 835 4031 Antonio
858 3969 969 4032 Tellio
992 3970 1149 4033 Meuesio
1172 3971 1292 4034 classis
1314 3970 1499 4054 praefecto,
1519 3972 1733 4056 Ulyssipone
1749 3983 1871 4037 octavo

537 4086 704 4149 kalendas
726 4087 852 4167 apriles
874 4086 1062 4149 solverunt.
1087 4084 1238 4167 Quarum
1259 4089 1461 4169 praetoriae,
1486 4088 1541 4150 cui
1565 4108 1689 4151 nomen
1713 4109 1733 4150 a
1753 4100 1870 4153 sancto

538 4202 567 4264 F
569 4204 722 4265 rancisco
746 4200 909 4273 Xaverio,
934 4203 1083 4266 creditus
1107 4213 1159 4266 est
1181 4202 1398 4276 Patriarcha3
1434 4204 1603 4267 secundae
1634 4204 1789 4288 episcopi
1812 4205 1870 4267 Ni·

538 4337 663 4382 caenus
686 4328 721 4380 et
744 4318 872 4380 electus
896 4317 1187 4400 Hierapolitanus,
1211 4320 1272 4381 sed
1295 4339 1414 4383 omnes
1433 4321 1512 4403 (una
1528 4330 1685 4402 excepta,
1701 4340 1806 4403 quam
1821 4341 1870 4383 re-

538 4452 675 4516 gressus
697 4434 732 4495 ia
755 4446 901 4515 portum,
926 4431 1036 4497 fracto
1060 4435 1095 4495 vi
1123 4437 1337 4516 tempestatis
1360 4437 1460 4508 malo,
1493 4433 1683 4499 feliciorem
1711 4436 1869 4507 reddidit,

539 4557 572 4610 et
595 4548 703 4611 solam
727 4559 806 4630 post
829 4547 1048 4611 refectionem
1072 4568 1114 4611 eo
1137 4570 1226 4611 anno
1251 4552 1285 4613 in
1316 4550 1449 4613 Indiam
1480 4551 1669 4632 praemisit)
1700 4554 1817 4636 segnis
1839 4562 1870 4615 et

539 4666 705 4727 malaciae
729 4674 870 4728 veterno
895 4667 1061 4747 languens
1085 4667 1261 4749 navigatio
1288 4676 1367 4748 post
1397 4687 1460 4729 sex
1491 4687 1626 4730 menses
1657 4666 1869 4731 Mozambico

540 4783 584 4843 ad
607 4781 838 4861 hyemandum
862 4783 1037 4864 applicuit,
1062 4781 1119 4843 ubi
1142 4779 1245 4844 foeda
1261 4802 1323 4865 per
1338 4794 1483 4855 noctem,
1500 4792 1700 4847 senescente
1720 4785 1868 4847 ianuario

539 4907 725 4979 tempestas
748 4917 768 4959 a
790 4908 935 4978 quatuor
958 4899 1069 4960 ventis
1092 4908 1213 4961 exorta
1236 4900 1380 4962 classem
1409 4900 1545 4972 invasit,
1570 4911 1604 4962 et
1636 4902 1754 4963 navim
1776 4920 1868 4983 prae·

539 5014 662 5075 toriam
686 5013 721 5074 in
745 5011 952 5094 uliginosum
976 5013 1105 5094 absque
1128 5014 1280 5093 periculo
1302 5016 1438 5087 vadum,
1459 5036 1478 5077 a
1506 5034 1574 5096 quo
1600 5035 1685 5077 mox
1708 5016 1867 5087 enatavit,
