4166 6182
743 549 797 598 Ao
820 548 1026 598 sucronem
1514 555 1551 616 15

220 699 357 771 merati:
384 697 642 761 Dambaeenses
664 698 842 779 pauciores
873 715 940 758 non
964 693 1060 759 fuere
1082 696 1142 759 sed
1166 696 1211 760 ob
1242 693 1496 761 festinationem
1520 699 1555 761 in

218 814 392 877 calculum
416 833 483 876 non
507 822 674 877 venerunt
697 811 708 897 (
730 812 751 893 ).

309 927 460 1010 Quidam
484 949 529 991 ex
548 927 702 1010 patribus
718 925 901 991 Societatis
916 927 952 991 in
968 930 1129 992 missione
1146 931 1190 992 ad
1206 928 1296 1002 Dek,
1309 928 1381 992 Nili
1397 932 1555 1003 insulam,

222 1044 371 1108 infantes
394 1046 491 1108 mille
513 1054 633 1127 quater
654 1055 817 1108 centenos
839 1045 976 1128 proluit,
1001 1045 1137 1109 adultos
1161 1046 1321 1109 millenos
1343 1056 1556 1110 tercentenos

223 1162 462 1244 quadragenos
485 1158 702 1224 confessione
724 1161 880 1243 expiavit
896 1169 930 1223 et
945 1180 1043 1224 sacra
1058 1164 1184 1244 synaxi
1200 1160 1320 1225 refecit
1332 1160 1389 1246 (2).
1400 1160 1504 1225 Alius
1522 1164 1557 1225 in

223 1277 290 1340 alia
306 1278 470 1340 missione
486 1274 633 1340 infantes
648 1286 833 1339 sexcentos
849 1279 1034 1359 octoginta,
1051 1277 1188 1340 adultos
1203 1279 1298 1340 mille
1311 1279 1559 1361 septimgentos

222 1402 257 1456 et
278 1404 369 1465 oct0,
382 1393 468 1455 alibi
490 1390 640 1455 infantes
664 1392 823 1455 millenos
843 1393 1050 1475 quingentos
1066 1402 1262 1476 octogenos,
1280 1394 1415 1456 adultos
1430 1393 1560 1457 termil-

223 1512 321 1574 lenos
336 1520 455 1591 quater
471 1519 633 1572 centenos
648 1526 842 1591 sexagenos
858 1505 993 1572 Christo
1010 1509 1169 1571 adiunxit
1183 1508 1236 1593 (3).
1253 1508 1358 1572 Alius
1374 1509 1409 1572 in
1425 1509 1494 1571 alia
1509 1512 1559 1572 in·

225 1624 336 1689 santes
351 1626 485 1708 plusbis
502 1625 651 1688 millenis
663 1622 717 1708 (4).
734 1621 907 1704 Quiddam
923 1623 998 1706 [sic]
1015 1644 1077 1687 sua
1092 1625 1282 1688 residencia
1298 1643 1457 1707 egressus
1472 1624 1561 1688 ultra

225 1740 367 1824 triginta
390 1740 556 1803 ecclesias
571 1760 592 1803 a
607 1738 788 1802 catholicis
803 1738 963 1822 parochis
983 1761 1004 1802 a
1019 1741 1119 1803 nobis
1138 1741 1322 1803 auctoratis
1341 1739 1509 1811 excultas,
1526 1749 1563 1803 et

227 1856 294 1918 duo
318 1854 565 1918 monachorum
589 1855 764 1927 caenobia,
778 1874 938 1917 romanae
961 1856 1029 1917 iam
1053 1855 1254 1936 disciplinae
1273 1863 1307 1917 et
1323 1855 1563 1917 observantiae

228 1981 374 2044 assueta,
406 1970 626 2052 perlustravit
653 1969 706 2054 (5).
737 1968 841 2033 Alius
865 1972 900 2033 in
934 1990 996 2033 suo
1026 1969 1198 2033 territorio
1228 1979 1367 2033 centum
1398 1972 1564 2034 ecclesias

229 2087 399 2150 similibus
429 2086 589 2170 parochis
612 2085 769 2158 creditas,
793 2095 829 2149 et
854 2088 955 2168 plura
985 2086 1191 2149 monasteria
1221 2085 1382 2169 religiose
1411 2087 1565 2149 viventia

229 2200 383 2284 pervisit,
407 2203 442 2264 in
465 2202 590 2284 quibus
613 2220 793 2264 numerosa
808 2219 992 2282 puerorum
1008 2200 1191 2264 multitudo
1207 2198 1241 2263 in
1258 2201 1401 2264 eandem
1418 2198 1563 2264 formam

229 2319 447 2381 educabatur.

126 2443 148 2493 t.
164 2454 202 2505 13-
318 2432 433 2515 *Quis
449 2434 513 2497 hos
536 2435 689 2498 calculos
710 2443 907 2516 supputans,
925 2453 993 2496 non
1017 2434 1126 2497 dicat:
1147 2432 1230 2496 Vidi
1254 2435 1387 2497 turbam
1404 2450 1565 2516 magnam

231 2570 334 2630 quam
358 2551 574 2613 dinumerare
597 2569 697 2613 nemo
713 2550 870 2632 poterat?
893 2548 1084 2631 Imperator
1099 2549 1172 2631 ipse
1187 2549 1217 2612 F
1218 2549 1379 2622 aciladas‚
1393 2547 1566 2612 immanis-

233 2667 339 2729 simus
362 2675 498 2748 patrum
521 2675 727 2747 persecutor,
743 2666 926 2729 haereticis
949 2664 1136 2737 monachis,
1154 2666 1267 2747 ipsum
1291 2667 1411 2728 crebro
1435 2666 1567 2728 obtum-

234 2784 393 2845 dentibus
408 2791 446 2845 ut
460 2779 626 2844 firmiores
642 2782 776 2861 aliquos
798 2781 988 2845 catholicos
1012 2783 1056 2845 ad
1079 2780 1337 2844 alexandrinam
1358 2780 1567 2843 communio·

234 2918 312 2961 nem
335 2897 389 2960 sui
412 2895 545 2959 brachii
567 2899 721 2979 potentia
743 2897 908 2981 adigeret,
932 2897 1124 2978 respondit:
1149 2897 1227 2960 Non
1253 2915 1393 2979 possum
1416 2915 1495 2959 cum
1517 2902 1569 2958 tot

235 3014 471 3077 obnitentibus
493 3013 632 3076 luctari:
657 3032 720 3076 vos
742 3032 820 3076 cum
843 3013 914 3075 illis
938 3013 1092 3075 laborate
1114 3023 1151 3076 ut
1173 3022 1289 3096 patres
1319 3014 1376 3076 diu
1399 3022 1568 3093 noctuque

235 3132 394 3213 agebant,
418 3140 453 3192 et
477 3129 554 3192 ideo
576 3139 628 3192 tot
651 3128 841 3192 animarum
865 3127 1039 3211 myriades
1062 3130 1129 3192 sibi
1151 3130 1381 3193 adiunxerunt
1403 3127 1457 3213 (6).

324 3245 456 3307 Dicunt
470 3254 585 3307 tamen
600 3244 865 3307 obtrectatores:
889 3242 982 3325 Quid
1004 3244 1088 3326 quid
1104 3246 1146 3307 de
1161 3263 1203 3308 eo
1219 3241 1332 3316 fuerit,
1349 3244 1464 3307 lumen
1484 3242 1570 3304 illud

236 3358 302 3423 fuit
324 3361 473 3442 stipulae
496 3369 530 3422 et
552 3358 724 3441 ocyssime
746 3368 819 3422 tota
842 3360 903 3424 illa
918 3361 1114 3442 expectatio
1130 3361 1279 3423 evanuit.
1296 3359 1407 3422 Nemo
1422 3378 1570 3440 unquam

236 3477 358 3559 culpae
381 3476 486 3539 vertit
508 3474 717 3558 agricultori,
741 3477 780 3548 si,
801 3486 881 3559 post
903 3487 1056 3559 segetem
1079 3476 1212 3539 curiose
1230 3486 1342 3540 terrae
1361 3475 1521 3538 traditam
1537 3483 1572 3537 et

237 3595 343 3676 spicis
365 3600 568 3675 turgentem,
592 3600 667 3654 tota
689 3610 789 3675 seges
812 3592 960 3655 nubulae
982 3604 1016 3655 et
1040 3591 1214 3674 aeruginis
1244 3592 1396 3655 incubitu
1423 3590 1571 3653 vitietur.

240 3705 312 3770 Nec
329 3708 508 3770 calamitas
524 3706 586 3770 illa
601 3704 666 3770 fuit
681 3708 789 3771 solius
803 3707 1023 3789 Aethiopiae,
1039 3709 1101 3772 sed
1116 3708 1264 3789 plurium
1280 3706 1513 3771 Ecclesiarum
1529 3706 1573 3769 ab

237 3821 425 3905 Apostolis
448 3831 483 3885 et
506 3824 550 3886 ab
573 3824 648 3905 ipso
672 3822 809 3888 Christo
833 3824 984 3887 Domino
1007 3825 1206 3887 erectarum.
1241 3823 1572 3906 lerosolymitanam,

238 3948 273 4001 et
295 3939 400 4021 plena
434 3940 594 4022 evangeli
628 3940 786 4003 doctrina
811 3949 846 4003 et
876 3939 1051 4003 miraculis
1073 3941 1117 4003 ab
1140 3939 1216 4021 ipso
1247 3950 1282 4003 et
1311 3940 1438 4003 Iacobo
1468 3940 1575 4021 ipsius

239 4052 348 4117 fratre
372 4053 575 4127 institutam,
599 4056 710 4117 maior
731 4074 835 4138 quam
858 4065 1011 4119 caeteras
1034 4056 1179 4119 vastitas
1201 4056 1350 4127 incessit,
1367 4064 1402 4118 et
1416 4074 1524 4137 usque
1540 4055 1576 4117 in

237 4170 535 4233 consumationem
558 4180 593 4233 et
615 4168 718 4233 finem
741 4173 840 4234 iuxta
862 4170 1018 4234 Danielis
1040 4171 1250 4244 vaticinium,
1270 4171 1504 4253 perseverabit
1519 4170 1576 4232 de·

241 4286 368 4348 solatio
384 4284 438 4364 (7).
455 4282 545 4365 Quid
562 4295 675 4349 actum
692 4286 735 4348 de
750 4286 917 4359 ecclesiis,
934 4306 1020 4368 quas
1043 4285 1078 4348 in
1093 4285 1184 4349 Asia
1198 4286 1344 4349 dilectus
1367 4285 1507 4348 Domini
1522 4284 1577 4348 Io-

240 4421 349 4464 annes
374 4399 534 4465 fundavit
561 4410 596 4464 et
626 4404 888 4474 administravit,
920 4422 1006 4485 quas
1036 4404 1111 4485 ipse
1141 4401 1176 4465 in
1198 4392 1418 4484 Apocalypsi
1440 4409 1579 4484 propter

242 4518 413 4580 eximium
437 4515 517 4580 fidei
540 4517 758 4599 splendorem
782 4527 914 4599 septem
938 4519 1145 4581 candelabra
1167 4528 1203 4581 et
1225 4518 1343 4581 stellas
1370 4516 1578 4601 appellavit?

242 4632 410 4696 Turcicae
433 4633 626 4716 tyrannidis
642 4644 676 4697 et
698 4631 862 4716 perfidiae
877 4633 1029 4698 tenebris
1051 4643 1085 4697 et
1104 4633 1253 4717 caligine
1275 4633 1471 4696 obruuntur.
1489 4631 1578 4714 Quid

241 4751 287 4812 de
297 4749 620 4833 Thtacia‚Phrygia
635 4759 669 4813 et
681 4750 828 4824 Achaia,
840 4769 926 4831 quas
936 4749 1108 4823 Andreas,
1119 4749 1368 4831 Apostolorum
1383 4759 1454 4812 tam
1470 4757 1581 4811 aetate

334 4933 377 4993 (Ι)
395 4935 456 4988 Lib,
476 4947 500 4994 2,
519 4950 576 5000 cap.
596 4948 639 4995 21,
657 4952 683 4988 n.
704 4932 729 4988 6.
748 4964 783 4973 -
801 4934 843 5005 (a)
861 4938 960 4996 Liba,
978 4952 1036 5001 cap,
1056 4947 1097 5000 25,
1117 4952 1160 4988 nn.
1175 4946 1200 4997 3,
1219 4947 1244 5001 5.
1263 4965 1298 4973 -
1315 4935 1357 5003 (3)
1376 4936 1446 4986 Ibid.
1465 4951 1490 4987 n.
1512 4944 1534 4994 7.
1547 4963 1581 4972 -

238 5022 288 5092 (4)
307 5027 368 5075 Lib.
389 5037 415 5083 2,
433 5040 490 5089 cup.
513 5036 554 5081 11,
573 5041 598 5075 n,
618 5023 642 5077 6.
662 5053 692 5063 -
714 5027 756 5092 (5)
774 5027 834 5078 Lib.
854 5039 878 5087 2,
897 5042 954 5091 cap.
975 5037 1000 5090 5,
1018 5041 1044 5077 n.
1064 5022 1090 5077 8.
1109 5054 1143 5063 -
1161 5024 1201 5093 (6)
1220 5026 1279 5078 Lib.
1300 5038 1324 5084 2,
1343 5041 1400 5090 cap.
1423 5038 1445 5082 1,
1466 5041 1491 5075 n.
1511 5039 1534 5087 4.
1548 5053 1581 5060 -

245 5116 288 5184 (7)
307 5116 382 5166 Dan.
401 5128 427 5182 9,
446 5131 471 5167 u.
492 5123 535 5174 27.
