4066 6184
227 1176 403 1225 Patriarchae
422 1187 450 1225 et
463 1191 512 1240 pa·

191 1254 265 1295 trum
286 1246 509 1299 exercitationes.

226 2334 367 2384 Barbari
400 2335 510 2386 Zeitum

190 2418 292 2456 merce.

542 547 605 624 328
878 556 1151 608 exeunmours
1173 557 1435 609 aermoercae
1458 558 1540 608 erc,

540 704 695 789 Virginis
718 707 842 789 image,
867 707 1089 769 castrensium
1113 714 1289 769 cantorum
1313 706 1419 768 choro
1434 707 1561 788 stipata
1575 708 1771 769 ducebatur.
1787 707 1865 770 Illos

539 822 637 894 inter,
654 830 691 884 ut
710 823 886 904 sanguinis
901 822 951 885 sic
968 823 1111 904 peritiae
1123 833 1158 884 et
1174 822 1271 885 vocis
1287 821 1490 885 claritudine
1506 821 1764 895 illustrissimus,
1780 823 1863 904 prin-

540 955 621 1018 ceps
643 934 738 999 *Res
761 934 842 1000 Sela
866 936 1019 1000 Christds
1042 957 1109 1000 non
1134 938 1245 1000 minus
1261 939 1446 1019 primarum
1462 938 1609 1019 partium
1626 938 1753 1010 mista,
1770 957 1864 1018 quarn
1888 952 1965 1013 ruste

539 1053 574 1115 in
598 1053 739 1135 reliquis
762 1053 891 1117 artibus
914 1053 1112 1116 liberalibus
1135 1054 1315 1116 eminebat.

630 1188 658 1247 3.
682 1167 814 1231 Eodem
838 1178 991 1251 tempore
1016 1169 1215 1232 Patriarcha
1238 1170 1331 1232 domi
1354 1189 1436 1232 suae
1452 1169 1732 1251 Branhaymanot
1749 1169 1865 1232 librum

538 1284 760 1347 elucubrabat
782 1294 817 1347 et
840 1285 875 1347 in
900 1284 1028 1347 idioma
1051 1284 1283 1367 aethiopicum
1307 1304 1383 1347 curn
1412 1285 1516 1348 sociis
1545 1287 1701 1348 vertebat
1731 1294 1766 1348 et
1794 1296 1867 1366 post

538 1399 699 1481 hyemem
723 1419 786 1482 per
808 1399 949 1480 aliquod
972 1403 1131 1482 spatium,
1155 1400 1250 1464 socio
1273 1420 1306 1483 p.
1331 1400 1501 1464 Damiano
1524 1398 1660 1479 Calaca,
1686 1401 1730 1462 ad
1753 1398 1868 1463 confir-

538 1515 698 1579 mationis
721 1525 970 1579 sacramentum
993 1514 1236 1579 conferendum
1259 1516 1357 1589 exiit,
1381 1519 1490 1580 donec
1510 1517 1609 1579 illum
1624 1536 1665 1579 eo
1681 1535 1787 1579 onere
1801 1517 1867 1598 epi·

538 1650 673 1713 scopus,
696 1652 730 1714 p.
755 1632 910 1695 Antonio
935 1632 969 1696 in
992 1634 1123 1695 socium
1147 1633 1281 1706 allecte,
1306 1633 1482 1696 relevavit
1507 1631 1642 1695 Coeteri
1663 1641 1781 1713 patres
1796 1650 1868 1695 suas

538 1747 740 1811 residentias
762 1749 883 1811 horrea
918 1748 1107 1840 ingentium
1135 1749 1296 1812 messium
1327 1749 1527 1830 plenissima
1557 1746 1719 1811 fecerunt.
1749 1747 1868 1810 Postea

537 1883 570 1945 p.
595 1862 783 1927 Damianus
806 1861 932 1943 Calaea
955 1865 1000 1926 ab
1022 1863 1232 1946 Irnperatore
1256 1866 1292 1928 in
1319 1864 1469 1928 vicinum
1499 1866 1707 1928 territorium
1739 1865 1866 1934 missus,

538 1998 616 2040 curn
640 1979 827 2042 domestico
851 1979 1046 2052 deductore,
1071 1989 1253 2044 sexcentos
1276 1989 1310 2044 et
1333 1981 1511 2064 octoginta
1538 1979 1687 2044 infantes
1702 1978 1868 2061 baptismo

539 2094 691 2167 detersit,
720 2095 816 2156 mille
839 2096 1075 2178 septingentos
1099 2105 1134 2158 et
1157 2105 1236 2158 octo
1259 2096 1396 2158 adultos
1418 2095 1646 2160 confessionis
1667 2107 1703 2159 et
1723 2115 1868 2158 commu·

538 2210 650 2274 nionis
672 2212 783 2294 gratia
808 2213 1000 2274 exornavit.

629 2348 657 2404 4.
678 2325 781 2389 Pater
796 2326 942 2390 Ioannes
957 2326 1095 2390 Pereira
1110 2327 1305 2412 Ligenegus
1320 2330 1524 2392 residentiae
1540 2326 1735 2409 praefectus
1751 2330 1867 2391 uberes

538 2439 667 2505 fructus
690 2443 842 2526 collegit,
867 2464 935 2506 non
966 2445 1076 2507 solum
1100 2466 1121 2507 a
1151 2444 1356 2507 Damotibus
1387 2443 1457 2529 (qui
1480 2446 1538 2507 ubi
1569 2444 1763 2508 catholicae
1792 2443 1866 2507 fidei

539 2558 718 2621 veritatem
741 2570 818 2622 sunt
851 2561 1006 2632 assecuti,
1038 2560 1131 2622 illius
1154 2560 1236 2642 iugo
1263 2560 1432 2623 submisse
1455 2569 1489 2622 et
1520 2569 1715 2622 constanter
1745 2560 1866 2622 collum

536 2673 783 2752 subdiderunt),
806 2677 866 2737 sed
890 2677 993 2738 etiarn
1015 2697 1035 2738 a
1051 2676 1209 2747 Zeitibus,
1231 2677 1370 2739 exotica
1385 2677 1602 2739 multitudine
1618 2684 1651 2738 et
1669 2676 1764 2738 nulla
1780 2676 1867 2738 illius

536 2788 731 2873 cognitione
754 2790 919 2853 hactenus
942 2792 1082 2854 imbuta.
1106 2790 1209 2854 Ultra
1232 2791 1351 2854 Nilum
1374 2793 1410 2854 iu
1441 2791 1597 2854 Naraeae
1624 2789 1783 2854 confiniis
1805 2791 1865 2853 hoc

535 2905 710 2969 hominurn
734 2925 843 2988 genus
865 2905 1052 2980 habitabat,
1077 2909 1137 2969 sed
1162 2928 1182 2969 a
1206 2904 1318 2970 Gallis
1341 2927 1398 2970 eas
1430 2907 1590 2990 regiones
1613 2908 1865 2970 devastantibus

535 3021 715 3104 exagitati,
738 3019 863 3084 flumen
886 3022 1105 3087 transmisere
1136 3034 1181 3095 et,
1206 3024 1297 3086 bona
1327 3023 1549 3105 Imperatoris
1571 3025 1683 3096 venia,
1714 3023 1750 3085 in
1779 3025 1864 3106 agris

533 3137 631 3199 iuxta
646 3135 821 3220 Lamogue
838 3147 870 3201 et
890 3137 1146 3211 Gombuliuum,
1164 3140 1208 3201 ad
1230 3139 1353 3220 Agaos
1373 3141 1609 3203 consederunt.
1636 3137 1723 3201 Cum
1739 3159 1785 3201 ex
1800 3140 1864 3201 suis

533 3253 661 3315 laribus
684 3262 762 3316 ante
784 3255 1013 3337 quadraginta
1036 3257 1092 3318 vei
1124 3257 1373 3338 quinquaginta
1396 3274 1504 3318 annos
1537 3256 1736 3328 discessere,
1769 3255 1864 3317 idolis

532 3368 790 3450 supplicabant3
808 3389 884 3432 cunr
899 3371 966 3433 huc
982 3368 1075 3433 fuere
1099 3372 1256 3444 traducti,
1281 3372 1389 3434 solius
1412 3391 1520 3454 aquae
1535 3371 1695 3435 salutaris
1710 3390 1864 3453 consper-

532 3486 629 3547 sione
651 3492 686 3547 et
710 3485 847 3548 nomine
871 3489 905 3548 in
929 3487 1055 3550 Christi
1090 3486 1256 3551 familiam
1281 3489 1455 3560 transiere,
1479 3489 1599 3550 iisdem
1623 3488 1748 3569 quibus
1770 3498 1864 3550 antea

532 3600 713 3673 erroribus
738 3603 876 3685 illisque
899 3605 988 3665 ultra
1003 3604 1141 3667 modum
1157 3605 1322 3675 barbaris,
1345 3605 1500 3667 involuti.
1518 3602 1762 3686 Unusquisque
1778 3603 1861 3666 enim

532 3719 576 3780 ad
599 3719 649 3782 rei
673 3716 853 3782 familiaris
876 3739 1067 3782 mensuram
1092 3739 1218 3783 uxores
1234 3721 1343 3803 eligit,
1368 3731 1403 3784 et
1425 3721 1515 3802 quia,
1540 3729 1576 3782 ut
1591 3720 1676 3782 olim
1692 3720 1861 3802 pecuniosi

532 3856 552 3896 a
575 3835 762 3916 pecudibus
785 3835 995 3908 dicebantur,
1018 3837 1068 3898 sic
1091 3836 1179 3898 inter
1202 3856 1261 3899 eos
1284 3837 1308 3898 ii
1328 3845 1460 3899 tantum
1483 3846 1562 3899 sunt
1585 3834 1789 3917 locupletes,
1808 3835 1859 3917 qui

531 3950 642 4011 bobus
665 3950 838 4012 abundant
862 3962 895 4012 et
920 3970 1045 4013 uxores
1068 3952 1111 4013 ad
1134 3951 1362 4022 hecatombes,
1387 3951 1460 4013 sive
1491 3948 1677 4013 centenarii
1702 3949 1860 4030 multipli-

532 4065 701 4128 cationem
722 4067 903 4148 adaugent,
928 4075 964 4128 ut
987 4066 1044 4146 qui
1068 4077 1204 4128 centurn
1220 4069 1327 4128 boves
1342 4066 1456 4136 habet,
1473 4085 1575 4127 unam
1592 4083 1737 4127 uxorem
1752 4066 1859 4135 ducat,

531 4184 589 4264 qui
614 4185 779 4244 ducentos
802 4183 887 4244 duas
911 4192 945 4243 et
960 4182 1063 4243 simili
1088 4183 1248 4264 deinceps
1265 4182 1481 4244 incremento.
1506 4181 1551 4244 Et
1566 4201 1628 4264 pro
1644 4200 1791 4244 uxorum
1806 4201 1860 4244 nu·

532 4316 625 4360 mero
648 4317 745 4360 suam
762 4299 883 4379 cuique
899 4299 1084 4379 separatim
1102 4299 1238 4361 domum
1255 4308 1428 4371 extruunt,
1444 4308 1480 4359 ut
1507 4297 1632 4360 marito
1656 4317 1719 4360 sua
1740 4299 1860 4378 ubique

531 4413 599 4475 sint
622 4415 846 4494 receptacula.
865 4413 943 4476 Hoc
959 4411 1101 4477 Gafates
1117 4425 1149 4476 et
1165 4413 1258 4497 Agai
1283 4433 1377 4476 more
1396 4412 1526 4476 vivunt.
1550 4410 1690 4475 Uxores
1706 4414 1861 4475 omnibus

531 4547 568 4589 se
591 4530 655 4590 viri
680 4525 841 4591 fratribus
857 4530 1071 4612 pervulgant,
1097 4549 1158 4591 nec
1182 4531 1331 4602 interest,
1356 4531 1400 4592 sit
1423 4531 1576 4601 maritus
1599 4526 1943 4610 anillius*ger-f.1ss-

532 4664 660 4707 manus.
685 4644 901 4707 Adulterium
929 4645 1016 4707 inter
1039 4648 1202 4729 coniuges
1225 4646 1351 4709 nullius
1374 4657 1426 4708 est
1450 4666 1579 4709 noxae:
1604 4647 1754 4709 incestus
1778 4645 1861 4707 inter

531 4760 680 4822 solutum
704 4771 739 4821 et
762 4762 909 4823 solutam
934 4762 1127 4842 piacularis.
1153 4761 1287 4824 Viduae
1314 4762 1401 4824 nihil
1431 4761 1592 4825 differunt
1615 4782 1635 4825 a
1657 4763 1857 4844 prostitutis.

533 4876 629 4938 Haec
652 4887 767 4939 tamen
791 4876 965 4939 barbaries
990 4876 1088 4939 bonis
1111 4878 1281 4958 aliquibus
1298 4877 1450 4940 moribus
1470 4880 1682 4961 aspergitur:
1708 4878 1858 4940 veritatis

530 5002 608 5054 sunt
639 4995 800 5065 cultores,
832 4991 987 5055 fraudum
1020 4992 1158 5064 inimici,
1191 4991 1282 5054 furta
1313 5004 1346 5055 et
1378 4991 1544 5056 veneficia
1575 4995 1789 5056 detestantur
1828 5001 1858 5053 et

532 5110 667 5194 puellae
690 5122 843 5175 naturam
867 5110 992 5175 habent
1015 5129 1121 5192 usque
1145 5111 1189 5173 ad
1212 5111 1347 5194 nuptias
1371 5110 1503 5173 illibate
1526 5110 1752 5192 obsignatam.
