4124 6182
674 624 791 672 LIBER
814 626 838 682 1,
863 625 988 673 CAPUT
1012 626 1066 675 ΙΙΙ.
1491 631 1531 691 43

188 788 277 849 quos
302 769 426 832 dicunt
451 769 628 843 Debteras,
652 791 689 833 se
716 791 762 833 ex
789 771 977 834 scribarum
1001 783 1034 835 et
1057 772 1268 835 tabernaculi
1296 774 1532 836 excubitorum

190 902 330 964 genero,
356 893 392 945 et
416 883 585 948 Umbares
608 907 652 948 ex
677 887 825 948 iudicum
857 887 1114 950 israeliticorum
1142 889 1305 970 progenie
1329 889 1531 970 gloriantur.
1595 894 1718 978 Iudices·
1748 895 1880 946 dicuntur

190 999 272 1081 Ipsa
304 1000 395 1063 adeo
419 1002 556 1063 nomina
579 1012 613 1064 et
637 1003 773 1064 illorum
798 1001 1009 1085 significatus
1031 1004 1260 1066 hebraismum
1288 1005 1446 1085 produnt.
1469 1003 1532 1069 Est
1561 967 1878 1031 Umbarespdeetseues.

191 1114 283 1177 enim
307 1114 446 1178 Umbar
460 1117 560 1179 sedes
580 1136 682 1197 quam
699 1118 764 1180 soli
781 1119 919 1188 iudices,
936 1137 994 1180 reo
1010 1127 1044 1180 et
1066 1129 1263 1181 accusatore
1279 1121 1457 1192 stantibus,
1475 1141 1531 1184 oc·

190 1243 340 1312 cupant;
374 1251 436 1294 nec
459 1241 592 1295 tantum
615 1233 822 1306 cathedram,
847 1235 906 1297 sed
931 1245 965 1296 et
989 1234 1168 1297 cathedrae
1191 1255 1358 1298 sessorem
1383 1238 1532 1299 ostendit

189 1349 281 1411 sicut
304 1348 341 1410 in
366 1349 514 1411 Psalmo
541 1348 631 1429 Quia
656 1349 727 1412 illic
741 1350 1005 1413 sedaruntsedcr
1029 1349 1066 1412 in
1089 1349 1222 1420 iiidicih,
1246 1352 1338 1414 sedes
1360 1358 1462 1436 super
1477 1350 1531 1415 do·

191 1485 284 1526 mum
309 1463 451 1545 David(
458 1464 494 1548 1).
520 1464 790 1528 Tabernaculum
814 1486 897 1528 vero
913 1466 1064 1528 chtera
1088 1478 1308 1548 nuncupatur,
1326 1479 1360 1530 et
1375 1479 1531 1532 cantores

191 1580 225 1640 in
250 1579 404 1662 templis,
428 1600 516 1662 quae
539 1582 721 1643 tenebrosa
737 1590 813 1643 sunt
830 1581 935 1643 instar
954 1583 1083 1662 antiqui
1100 1583 1321 1653 tabernaculi,
1337 1603 1406 1644 non
1421 1585 1531 1646 solum

193 1697 338 1759 vocibus
370 1717 438 1760 non
469 1698 583 1778 inepte
614 1698 798 1760 modulatis
829 1700 1020 1767 concinunt,
1045 1699 1106 1759 sed
1129 1708 1163 1760 et
1191 1698 1347 1760 manibus
1378 1699 1532 1763 valenter

190 1811 362 1892 plaudunt
382 1832 422 1875 ac
438 1814 512 1875 solo
529 1813 682 1875 calcibus
698 1814 874 1884 insultant,
891 1812 1065 1894 tympanis
1080 1815 1253 1895 superiore
1276 1824 1406 1877 tantum
1435 1824 1531 1896 parte

189 1928 286 1989 corio
311 1926 448 1991 intectis
472 1938 505 1991 et
529 1928 639 1991 sistris
655 1930 690 1989 in
710 1929 882 2011 strigilum
907 1931 1056 2010 speciem
1080 1927 1302 1992 conformatis
1325 1950 1365 1992 ac
1389 1932 1532 1993 dextera

189 2052 325 2105 tantum
357 2045 537 2106 concitatis
567 2054 670 2125 atque
701 2045 835 2107 baculis
865 2047 1029 2107 instructi.
1063 2044 1194 2125 Quibus
1218 2043 1335 2108 forsan
1358 2045 1532 2128 principes

189 2159 367 2241 quondam
385 2159 496 2221 innixi
513 2170 547 2222 et
563 2161 698 2222 divinas
715 2161 834 2222 laudes
850 2162 894 2222 ad
914 2181 1029 2223 eorum
1054 2172 1182 2223 motum
1206 2161 1433 2243 geminantes,
1450 2164 1531 2225 ube·

189 2294 262 2337 rem
279 2274 378 2357 putei
395 2277 637 2356 scaturiginem
665 2296 686 2337 a
710 2275 860 2339 Domino
884 2279 1116 2359 impetrarunt,
1142 2278 1184 2339 de
1202 2297 1270 2359 quo
1295 2278 1329 2338 in
1352 2276 1530 2340 Numeris:

189 2390 438 2453 Concinebant:
460 2391 601 2464 Puram,
626 2412 720 2475 quem
737 2392 911 2479 foderunt
933 2393 1105 2477 principes
1134 2398 1169 2456 et
1193 2397 1407 2477 paraverunt
1435 2394 1533 2456 duces

188 2506 432 2570 multitudinis
455 2505 493 2569 in
516 2506 633 2570 datore
655 2507 740 2593 legis
762 2513 796 2571 ei
818 2508 855 2571 in
880 2510 1007 2572 barralis
1029 2509 1102 2572 sicii
1124 2509 1177 2594 (a).

281 2627 314 2685 6.
340 2622 445 2684 Plura
467 2633 546 2685 sunt
569 2623 638 2685 alia
661 2626 695 2686 in
719 2624 904 2688 Abassinis
927 2627 1081 2688 iudaicae
1104 2627 1248 2707 originis
1271 2634 1306 2687 et
1321 2628 1531 2706 superstitio·
1581 2631 1659 2714 ‚Alia
1677 2633 1803 2684 iudaicae
1821 2635 1879 2685 ori·

187 2741 242 2802 nis
258 2748 492 2801 monumenta.
517 2736 804 2821 Superstitionem
821 2743 974 2822 pandunt
990 2741 1215 2813 circumcisio,
1233 2742 1377 2814 sabbati,
1397 2743 1529 2804 dierum
1559 2703 1636 2765 μὴ
1653 2715 1827 2767 argumenta.

186 2853 420 2936 purgationis,
444 2864 705 2927 menstruorum,
730 2866 914 2918 nocturnae
938 2856 1148 2936 pollutionis,
1168 2858 1323 2920 velorum
1340 2857 1373 2919 in
1391 2858 1530 2939 templis

185 2984 220 3033 et
246 2971 406 3031 delectus
440 2970 594 3032 ciborum
630 2973 846 3043 observatio;
878 2974 1044 3053 originem
1076 2983 1126 3035 tot
1157 2973 1217 3036 alii
1241 2993 1354 3037 mores
1385 2975 1430 3036 ab
1457 2972 1529 3036 He·

184 3087 304 3149 braeis
320 3086 368 3147 ad
382 3087 522 3148 eosdem
538 3086 744 3167 transcripti,
765 3096 801 3149 ut
817 3089 932 3151 omnia
947 3108 1044 3169 pene,
1061 3108 1148 3170 quae
1164 3091 1335 3152 cernimus
1352 3089 1386 3151 in
1403 3089 1530 3152 divinis

183 3201 318 3266 litteris
343 3213 495 3274 exarata,
513 3203 546 3263 in
569 3201 754 3265 Abassinis
778 3205 821 3265 ad
845 3205 961 3266 vivum
985 3223 1148 3285 expressa
1171 3204 1373 3267 intueamur.
1394 3205 1440 3268 Et
1456 3215 1492 3268 ut
1510 3227 1530 3268 a
1557 3214 1696 3335 hguuitla
1720 3215 1878 3299 aethiopica

1576 3300 1592 3335 e
1613 3301 1691 3337 [8080
1715 3297 1759 3338 6θῖ
1785 3297 1879 3337 imm·

185 3317 330 3381 bellicis
354 3317 585 3391 exordiamur,
608 3328 646 3380 ut
661 3319 832 3381 haebraeo
847 3317 942 3400 Regi
966 3320 1096 3401 primus
1119 3320 1239 3382 aderat
1263 3322 1407 3383 militiae
1431 3342 1529 3404 prae·
1557 3368 1693 3408 mentum.

185 3432 403 3512 sectusque
427 3449 568 3496 munere
590 3431 698 3497 functi
723 3444 801 3496 sunt
824 3436 860 3496 in
883 3434 985 3497 domo
1009 3433 1092 3498 Saul
1117 3435 1246 3508 Abner,
1270 3447 1304 3499 et
1329 3437 1362 3499 in
1383 3437 1529 3500 Davidis

183 3550 285 3613 curia
310 3547 407 3620 Ioab,
432 3547 480 3611 ita
503 3559 538 3610 et
561 3549 755 3631 aethiopico
779 3552 808 3613 is
831 3570 932 3632 quem
960 3552 1135 3632 appellant
1166 3551 1390 3615 Belatinocho
1414 3550 1527 3626 Goita,

183 3666 278 3729 idest
295 3683 480 3746 puerorum
498 3665 690 3738 dominum;
712 3665 853 3746 *pueros
869 3676 982 3729 autem
1000 3676 1125 3729 vocant
1142 3668 1415 3731 adolescentulos
1431 3689 1527 3750 prae-

182 3783 292 3844 liares
317 3789 355 3842 ut
379 3780 413 3841 in
439 3779 580 3861 Regum
604 3780 719 3842 libris:
746 3782 906 3866 Surgunt
921 3781 1029 3865 pueri
1040 3787 1074 3844 et
1088 3780 1211 3845 ludant
1232 3803 1343 3845 coram
1366 3783 1458 3846 nobis
1470 3782 1528 3867 (3).

182 3897 232 3961 Ut
261 3897 337 3958 illic
362 3896 411 3958 ita
434 3896 546 3958 ethic
571 3898 730 3959 dextrum
753 3908 787 3959 et
818 3898 991 3960 sinistrum
1016 3919 1130 3969 cornu,
1155 3910 1188 3961 et
1212 3910 1280 3961 tres
1305 3899 1338 3960 in
1363 3903 1527 3981 cuiusque

181 4013 369 4075 bellatoris
387 4030 488 4074 manu
504 4013 654 4083 lanceae,
667 4012 791 4093 quibus
803 4011 887 4073 Ioab
898 4012 1087 4074 Absalonis
1100 4031 1160 4074 cor
1170 4010 1395 4094 transfixum)
1403 4037 1410 4087 ;
1428 4026 1466 4077 ut
1480 4015 1529 4078 ibi

180 4126 362 4197 fortiores,
388 4125 423 4187 in
447 4128 612 4190 victoriae
634 4128 878 4198 testimonium,
902 4127 1161 4192 Philistinorum
1185 4132 1363 4211 praeputia
1394 4133 1528 4194 abscin-

179 4244 326 4313 debant,
352 4243 401 4304 ita
415 4241 471 4303 hic
488 4251 594 4304 totam
612 4242 757 4314 illorum,
774 4263 860 4324 quos
875 4256 1045 4325 superant,
1062 4246 1260 4307 virilitatem
1276 4245 1339 4329 (5);
1360 4256 1396 4309 ut
1412 4248 1459 4310 ibi
1476 4268 1528 4310 ar·

179 4360 305 4421 millae
330 4355 485 4440 Regum,
510 4358 558 4420 ita
581 4357 637 4420 hic
660 4370 859 4421 ornamenta
883 4368 960 4423 sunt
975 4372 1009 4422 et
1024 4359 1165 4442 Regum
1181 4370 1215 4424 et
1231 4364 1398 4446 regalium
1423 4384 1528 4445 equo·

179 4494 258 4537 rum
274 4473 341 4555 (6);
367 4481 405 4534 ut
422 4473 493 4535 illic
511 4472 545 4535 in
561 4475 701 4554 praelio,
719 4476 766 4536 ita
782 4486 816 4537 et
832 4475 887 4538 hic
903 4477 1071 4538 mulorum
1088 4496 1169 4539 usus
1182 4477 1224 4559 (7)
1238 4498 1244 4549 ;
1273 4488 1311 4541 ut
1327 4481 1375 4541 ibi
1390 4488 1527 4561 tempus

179 4601 257 4654 erat
274 4609 347 4671 quo
365 4588 514 4651 solerent
531 4588 652 4673 Reges
675 4593 717 4652 ad
738 4592 830 4655 bella
845 4594 1031 4673 procedere
1044 4593 1099 4677 (8),
1117 4592 1164 4656 ita
1180 4593 1296 4665 ethic,
1318 4615 1394 4658 curn
1410 4596 1474 4658 sub
1488 4592 1526 4656 fi·
1550 4596 1552 4599 ’

179 4726 262 4770 nem
281 4704 491 4786 septembris
506 4706 654 4786 primum
670 4727 730 4769 ver
746 4710 887 4789 appetit,
904 4709 1093 4790 imperator
1109 4711 1143 4771 in
1164 4711 1273 4772 aciem
1294 4712 1464 4793 procedit;
1489 4721 1527 4774 ut

178 4822 257 4885 illic
284 4829 367 4883 ante
392 4821 508 4903 regias
531 4819 633 4893 fores,
649 4823 705 4885 vel
722 4824 765 4885 ad
782 4823 918 4905 Regem
942 4825 1056 4905 aliqua
1076 4834 1367 4905 pertranseuntem
1384 4848 1404 4888 a
1420 4827 1526 4890 laesis

275 5008 317 5072 (1)
339 5007 440 5058 Psalm.
463 5018 521 5064 121,
542 5016 565 5067 5.
586 5035 617 5044 —
638 5009 677 5071 (a)
697 5010 786 5067 Num„
808 5022 848 5067 21,
872 5012 910 5061 18.
925 5039 953 5048 -
968 5008 1117 5077 (pzxeg,
1132 5024 1155 5067 2,
1168 5028 1193 5062 n.
1210 5024 1249 5074 14,
1267 5039 1297 5049 -
1311 5014 1350 5075 (4)
1367 5026 1380 5060 2
1397 5015 1469 5079 leeg,
1487 5015 1526 5071 18,

178 5114 203 5149 ῃ,
226 5111 272 5160 24-
297 5124 322 5135 -
350 5096 391 5156 (sl
415 5107 425 5142 1
448 5096 524 5159 Reg,
547 5095 586 5153 18,
606 5113 630 5148 n.
652 5108 692 5158 25,
713 5107 754 5155 27,
779 5128 811 5136 -
831 5098 871 5164 (6)
892 5112 905 5146 a
926 5101 1000 5165 Reg,
1024 5112 1044 5157 1,
1065 5118 1088 5152 n.
1112 5112 1150 5151 10.
1171 5129 1204 5137 ψ
1224 5107 1260 5162 (5)
1281 5115 1294 5149 2
1316 5102 1525 5167 Reg.,18,n.9.

178 5216 212 5224 ..
233 5187 279 5249 (8)
301 5200 314 5234 2
339 5186 416 5249 ch.,
441 5195 479 5241 Η,
500 5200 524 5234 n.
547 5196 573 5239 1;
596 5198 605 5232 1
629 5188 759 5251 Paralip„
780 5200 821 5245 20,
841 5206 865 5240 n.
888 5200 908 5239 Ι.
1325 5199 1327 5202 ’
