4058 6178
267 1228 348 1279 Illius
366 1242 456 1291 genus
482 1228 547 1277 edu·

229 1299 303 1350 catto
321 1310 349 1350 et
366 1300 491 1349 virtutes.

577 620 639 662 220
907 611 1178 661 EXPEDITIONIS
1202 609 1460 659 AETHIOPICAE
1484 610 1564 659 ETC.

574 761 762 823 constantis
786 769 905 842 guttur
926 761 1103 842 transegit.
1135 758 1180 820 Et
1207 756 1397 830 confestim,
1424 758 1482 839 qui
1505 758 1642 839 protegi
1666 758 1871 830 adulabantur,

575 877 663 938 ictus
687 876 777 938 ultra
799 877 975 958 octoginta
1005 876 1258 956 impresserunt,
1288 893 1365 935 cum
1396 893 1441 936 ex
1472 871 1647 936 fortunato
1672 871 1795 936 Christi
1814 894 1873 937 con·

576 989 716 1053 sessoris
739 1010 796 1053 ore
821 993 863 1052 ad
879 991 1037 1053 ultimum
1053 990 1240 1053 anhelitum
1265 989 1350 1052 nihil
1366 990 1469 1060 aliud,
1493 997 1629 1070 praeter
1651 991 1872 1052 sanctissimum

575 1105 651 1168 Iesu
675 1125 797 1167 nomen
821 1105 1002 1168 audiretur.

668 1241 715 1282 ιο.
741 1220 850 1284 Natus
873 1232 946 1283 erat
969 1220 1112 1283 Iacobus
1135 1221 1266 1302 optimo
1288 1240 1368 1282 senc
1391 1219 1519 1283 loanne
1537 1219 1751 1291 Alexandro,
1767 1221 1817 1301 qui
1829 1240 1872 1301 pa·

575 1346 661 1398 trem
684 1337 849 1400 habuerat
873 1336 1112 1399 Alexandrum
1136 1336 1267 1408 italum,
1290 1356 1310 1398 a
1333 1335 1452 1398 Turcis
1474 1337 1510 1397 in
1533 1334 1711 1417 Tyrrheno
1735 1337 1813 1398 mari
1833 1356 1872 1397 ca·

575 1460 688 1531 ptum;
711 1453 772 1514 sed
795 1452 840 1514 ab
862 1451 905 1513 iis
927 1451 1119 1515 Debaroam
1136 1451 1347 1532 perductum,
1362 1469 1439 1513 cum
1456 1451 1499 1513 de
1514 1452 1596 1512 sede
1611 1452 1739 1513 ibidem
1755 1449 1873 1533 figenda

575 1568 638 1629 sub
661 1564 774 1630 Malae
798 1565 966 1649 Segued0,
990 1568 1177 1649 agitarent;
1201 1568 1269 1649 qui,
1293 1567 1410 1629 audito
1426 1566 1664 1629 Lusitanorum
1688 1569 1822 1635 nomine,
1841 1568 1874 1628 ad

574 1684 711 1746 eosdem
736 1681 888 1766 profugit
910 1694 945 1746 et
972 1685 1015 1746 ab
1047 1685 1088 1746 iis
1119 1680 1183 1745 fuit
1211 1684 1245 1745 in
1276 1701 1412 1745 suorum
1445 1702 1583 1745 censum
1615 1693 1796 1764 cooptatus.
1825 1682 1874 1743 Ba-

576 1799 701 1878 ptismo
724 1799 885 1862 lustratus
908 1796 1017 1862 fuerat
1039 1820 1060 1861 a
1083 1820 1116 1880 p.
1148 1798 1330 1861 Francisco
1361 1797 1520 1880 Lopezio‚
1551 1817 1710 1880 supremo
1739 1796 1874 1859 Andreae

575 1914 787 1994 patriarchae
809 1916 903 1976 socio
926 1914 1071 1977 Iacobus
1093 1923 1128 1976 et
1151 1914 1186 1976 in
1210 1913 1431 1976 Fremonensi
1454 1916 1637 1976 seminario
1652 1914 1805 1985 eductus;
1818 1931 1875 1994 pre

576 2031 704 2092 clarum
728 2033 877 2093 omnium
901 2034 1074 2102 virtutum,
1099 2042 1132 2094 et
1148 2031 1348 2114 singillatim
1365 2031 1586 2093 castimoniae
1603 2031 1781 2110 specimen,
1795 2046 1876 2108 quam

576 2147 724 2208 creditur
746 2145 852 2229 Agno
875 2149 1015 2210 coelesti
1040 2148 1207 2211 illibatam
1242 2148 1452 2228 obsignasse,
1479 2166 1555 2208 cum
1588 2165 1624 2208 se
1656 2146 1747 2209 lento
1775 2145 1876 2206 illone

576 2262 733 2324 diuturno
757 2265 920 2343 martyrio
943 2262 1139 2344 proluderet
1162 2264 1204 2324 ad
1218 2281 1333 2324 veram
1356 2263 1532 2345 sanguinis
1546 2279 1608 2344 pro
1624 2262 1686 2323 illo
1702 2258 1876 2323 effusionem

577 2377 619 2438 de
642 2396 710 2456 qua
732 2379 858 2440 multus
880 2388 953 2440 erat
976 2380 1010 2440 in
1034 2380 1215 2460 loquendo.
1239 2374 1311 2440 Sub
1326 2388 1423 2459 patre
1438 2376 1641 2440 Lau*rentio
1659 2375 1811 2438 Romano
1830 2374 1876 2435 do
1896 2385 1953 2439 tm

577 2510 652 2554 mus
675 2491 914 2556 Fremonensis
937 2506 1144 2574 procurator,
1169 2494 1248 2556 inde
1271 2514 1291 2555 a
1314 2513 1347 2575 p.
1371 2492 1555 2556 Francisco
1584 2492 1739 2554 Antonio
1761 2492 1799 2553 ab
1819 2489 1878 2550 An·

576 2608 674 2689 gelis‚
707 2607 885 2690 Agaorum
920 2613 1088 2690 apostolo,
1115 2610 1159 2672 ad
1190 2610 1284 2671 illam
1316 2610 1527 2690 provinciam
1558 2617 1609 2670 est
1639 2616 1827 2689 pertractus,
1852 2613 1879 2664 et

576 2724 684 2785 tribus
714 2725 771 2785 vel
794 2734 939 2804 quatuor
961 2726 1069 2795 annis,
1093 2726 1217 2805 quibus
1240 2725 1274 2786 in
1298 2726 1417 2787 eadem
1442 2735 1591 2786 moratus
1612 2719 1686 2795 fuit,
1714 2720 1877 2784 octodecim

578 2839 687 2901 millia
710 2841 893 2921 baptismo,
918 2842 1065 2921 propriis
1089 2842 1244 2903 manibus
1270 2840 1451 2921 applicato,
1469 2840 1674 2902 candidavit.
1691 2838 1771 2900 Post
1784 2853 1880 2898 sacros

577 2928 716 3016 ordines
735 2974 757 3016 a
779 2955 979 3018 Patriarcha
1002 2965 1186 3037 susceptos,
1210 2956 1358 3038 Tigraeo
1380 2974 1486 3038 regno
1503 2955 1665 3027 redditus
1681 2956 1818 3036 quinque
1830 2951 1879 3011 ho

578 3070 706 3132 minum
738 3070 891 3133 millibus
913 3090 975 3133 suo
998 3072 1116 3134 labore
1141 3070 1323 3134 Romanae
1346 3070 1523 3134 Ecclesiae
1546 3072 1746 3140 conciliatis,
1767 3085 1880 3131 sacram

578 3182 831 3248 Eucharistiam
855 3186 1035 3268 impertiit;
1058 3197 1157 3249 sexta
1181 3188 1236 3249 die
1259 3188 1455 3250 novembris
1486 3188 1566 3249 anni
1596 3189 1689 3258 1628,
1714 3186 1880 3267 quadrage·

579 3299 674 3362 nario
691 3300 764 3383 [sic]
788 3302 909 3363 aetatis
932 3321 1012 3365 suae
1036 3321 1136 3373 anne,
1159 3312 1350 3365 coronatus.
