4166 6182
734 581 996 631 INTRODUCTIO
1427 584 1532 631 XXIII

196 730 354 802 busdam
384 730 561 803 fratribus
592 730 801 803 Minoribus
829 729 907 804 suis
935 730 1066 804 amicis
1108 730 1269 829 adiutuS,
1304 756 1453 804 omnem
1483 733 1532 804 la·

198 863 323 958 pidem
353 863 512 936 moverit
540 865 588 937 ad
615 863 700 936 falsi
729 862 1008 937 accusationem
1042 865 1090 936 ab
1123 888 1163 937 se
1197 864 1479 959 repellendam(
1506 868 1529 961 ).

198 996 353 1069 Videtur
394 997 531 1069 nebulo
573 998 620 1069 de
667 996 862 1082 sententia,
911 1022 1023 1092 quam
1071 1011 1182 1070 antea
1227 1011 1452 1092 conceperat
1493 996 1530 1070 in

198 1129 377 1226 Angliam
406 1154 447 1203 se
482 1130 742 1215 transferendi,
777 1129 1007 1214 decessisse;
1047 1155 1145 1214 nam,
1180 1130 1425 1204 contubernio
1462 1131 1532 1203 fra·

275 1338 321 1415 (tt
344 1339 433 1398 Duae
454 1349 560 1397 extant
580 1339 661 1398 illius
682 1340 833 1416 epistolae
853 1341 894 1398 ad
915 1338 945 1398 S.
966 1339 1258 1415 Congregationem,
1285 1359 1364 1416 quae
1396 1342 1531 1416 integrae

198 1454 252 1495 suo
275 1438 344 1496 1000
377 1437 546 1507 dabuntur;
577 1438 628 1495 hic
661 1446 780 1496 tanturn
811 1456 848 1495 ex
879 1437 927 1495 his
959 1457 1121 1514 excerpam
1153 1456 1231 1513 quae
1256 1440 1296 1496 ad
1318 1456 1382 1496 rem
1403 1438 1530 1496 faciunt.

201 1558 215 1587 «
237 1578 243 1592 .
266 1580 273 1593 .
297 1580 303 1593 .
327 1534 431 1607 Quelli
454 1535 511 1594 che
532 1535 594 1593 han
615 1537 692 1595 fatto
713 1554 792 1611 poca
814 1536 905 1594 stima
920 1532 981 1612 'per
1009 1537 1030 1593 il
1059 1546 1182 1613 passato
1210 1537 1259 1594 del
1289 1537 1400 1594 timore
1420 1537 1471 1594 del
1492 1537 1531 1594 si·

196 1652 273 1710 gnor
293 1633 387 1692 Iddio
408 1653 425 1691 e
447 1635 529 1693 delia
551 1633 665 1693 sedelta
685 1635 742 1693 che
763 1630 780 1692 ὲ
803 1637 1012 1694 convenevole
1032 1636 1062 1693 al
1084 1654 1140 1694 suo
1169 1634 1325 1710 prencipe,
1353 1635 1401 1693 col
1431 1635 1532 1710 privar

196 1732 226 1789 di
247 1732 311 1790 vita
333 1732 397 1789 mio
418 1733 522 1807 padre,
545 1750 626 1808 poco
646 1732 727 1790 forse
748 1733 917 1790 stimarano
940 1750 992 1807 per
1021 1733 1184 1791 l’avvenire
1213 1731 1259 1789 sar
1287 1733 1423 1807 capitnre
1445 1729 1532 1790 costa

196 1849 215 1888 0
236 1830 354 1888 altrove
375 1830 454 1887 altra
474 1828 577 1888 saisita
598 1848 652 1905 per
672 1830 797 1888 levarmi
819 1830 839 1887 il
862 1840 1023 1901 coneett03
1045 1831 1066 1888 il
1089 1831 1146 1889 che
1160 1848 1193 1888 se
1207 1826 1388 1889 snceedesse
1403 1838 1530 1906 pregaro

197 1928 225 1984 la
247 1928 313 1986 loro
335 1925 433 1985 bonta
452 1945 471 1985 a
492 1928 679 2002 sospendere
701 1928 720 1985 il
742 1927 874 2002 giuditio
896 1927 959 1987 fino
980 1929 1008 1985 al
1032 1929 1094 1986 mio
1115 1928 1214 1986 arrivo
1236 1928 1296 1986 alla
1317 1928 1416 2003 patria
1430 1950 1458 1986 ι.
1484 1927 1530 1986 Ita

197 2024 280 2099 Zaga
301 2024 440 2084 Christos
461 2025 500 2083 ad
522 2024 634 2083 Cardd.
657 2025 685 2082 S>
709 2023 857 2101 Cong.¹²¹⁸,
872 2024 1019 2096 Venetiis,
1044 2027 1079 2083 18
1102 2027 1177 2085 iunii
1192 2024 1268 2099 1634
1288 2025 1387 2096 (APF,
1418 2025 1449 2096 V,
1468 2026 1531 2083 Let-

195 2134 251 2181 tere
271 2123 307 2181 di
325 2123 458 2199 Spagna,
481 2125 660 2200 Portogallo,
682 2135 750 2194 etc„
773 2125 832 2182 voi.
858 2138 922 2195 104,
945 2124 965 2183 s.
987 2130 1047 2198 93).
1070 2124 1108 2181 Et
1129 2125 1239 2183 iterum
1260 2126 1299 2183 ad
1325 2123 1416 2183 Card.
1442 2123 1531 2182 Prae·

196 2222 310 2280 sectum
333 2222 389 2279 sub
410 2222 462 2280 die
485 2221 522 2279 28
543 2241 612 2298 aug.
634 2222 773 2280 eiusdem
795 2222 869 2279 anni
891 2221 968 2280 haec
989 2222 1096 2280 habet:
1123 2245 1137 2274 ‹
1160 2267 1166 2280 .
1189 2267 1196 2280 .
1220 2267 1226 2280 .
1249 2221 1401 2293 Quelehe
1416 2222 1457 2279 mi
1471 2232 1531 2281 tra-

195 2321 296 2394 vaglia
316 2314 334 2377 ὲ
356 2319 413 2377 che
435 2320 533 2395 parmi
554 2321 611 2378 che
633 2321 662 2377 la
683 2320 746 2378 mia
766 2319 953 2396 riputatione
974 2320 1019 2378 sia
1039 2320 1230 2379 conculcata.
1251 2319 1348 2396 Spero
1369 2320 1531 2377 rimediare

195 2436 254 2477 con
276 2419 425 2477 mandare
447 2436 501 2493 per
521 2420 625 2477 strada
645 2418 744 2477 sicura
765 2427 795 2476 et
817 2418 849 2475 in
870 2419 961 2476 breve
983 2427 1088 2493 tempo
1110 2427 1194 2476 certa
1215 2418 1364 2477 relatione
1389 2418 1439 2476 del
1468 2417 1531 2476 mio

194 2517 307 2575 natale.
329 2514 421 2574 Onde
442 2533 536 2592 prego
556 2515 594 2575 V.
616 2516 651 2575 Ε.
672 2516 739 2587 che,
761 2534 794 2574 se
816 2516 973 2574 venissero
994 2516 1062 2573 altri
1077 2516 1152 2573 avisi
1169 2515 1275 2573 inviati
1290 2516 1331 2574 da
1351 2515 1423 2573 miei
1437 2515 1530 2573 emoli

195 2624 225 2672 et
245 2614 419 2672 interessati
439 2613 653 2690 dell'imperio,
675 2616 831 2689 sospenda
864 2614 884 2672 11
916 2614 1047 2689 giuditio
1079 2609 1181 2672 finche
1202 2611 1270 2672 sara
1291 2614 1312 2671 il
1333 2622 1413 2672 tutto
1434 2613 1531 2671 veriti·

194 2722 294 2772 cat0...
316 2711 355 2771 V.
379 2711 415 2769 E.
436 2731 500 2771 non
521 2713 634 2771 s'amiri
656 2713 689 2770 di
710 2723 819 2788 questo
841 2712 904 2771 mio
925 2713 1092 2788 procedere
1125 2713 1176 2787 poi
1209 2712 1266 2769 che
1297 2729 1377 2770 anco
1408 2710 1531 2770 Christo

195 2811 277 2868 nella
298 2829 354 2868 sua
375 2820 520 2886 partenza
540 2810 591 2868 dal
613 2811 731 2869 mondo
753 2807 838 2868 avisd
860 2810 880 2867 11
903 2810 971 2869 suoi
994 2810 1085 2867 amici
1107 2810 1164 2869 che
1191 2828 1255 2870 non
1284 2819 1488 2868 accettassero
1509 2810 1530 2867 11

195 2908 262 2966 falsi
285 2908 397 2984 profeti
414 2931 440 2963 ».
462 2907 562 2986 (APF,
586 2907 620 2975 V,
637 2909 747 2966 Lettere
766 2909 802 2966 di
818 2907 951 2983 Spagna,
974 2908 1153 2983 Portogallo,
1176 2919 1244 2978 etc,
1267 2909 1325 2967 vol.
1352 2923 1415 2979 104,
1434 2907 1454 2964 f.
1469 2905 1521 2984 94)

273 3005 395 3064 Eodem
416 3006 480 3064 fere
501 3016 640 3082 tempore
658 3015 744 3082 pater
765 3006 800 3063 fr.
823 3004 935 3064 Paulus
961 3005 1116 3065 Romanus
1141 3007 1259 3064 duabus
1279 3006 1319 3063 ad
1341 3005 1369 3062 S.
1392 3003 1531 3081 Cong.⁰¹¹¹

194 3103 331 3179 epistolis
353 3103 486 3167 tdierum
506 3118 524 3176 3
547 3114 578 3163 et
603 3101 638 3161 16
659 3104 735 3161 iunii
760 3101 844 3176 1634,
867 3103 1019 3181 Venetiis)
1040 3122 1185 3163 excusare
1210 3113 1340 3163 conatur
1362 3104 1447 3162 istius
1472 3104 1531 3161 Ae-

194 3198 308 3274 thiopis
329 3220 400 3259 cum
423 3201 529 3277 Anglis
549 3201 779 3277 Hollandisque
799 3212 961 3261 tractatus:
993 3225 1007 3254 ‹
1022 3202 1134 3278 Sappia
1158 3201 1196 3261 V.
1214 3202 1248 3259 E.
1274 3202 1340 3272 che,
1363 3194 1531 3260 vedendosi

193 3308 301 3374 questo
323 3299 456 3373 giovane
477 3301 565 3375 privo
586 3301 618 3357 di
640 3302 713 3375 ogni
734 3311 817 3360 sorte
838 3301 870 3358 di
891 3318 1045 3370 soccorso,
1068 3301 1139 3375 qual
1164 3317 1293 3376 sperava
1314 3299 1440 3356 d’haver
1453 3295 1530 3358 costi

195 3398 225 3454 in
246 3392 389 3466 Venetia,
411 3415 451 3455 ne
472 3399 561 3457 vuole
583 3400 693 3458 adesso
725 3401 840 3458 andare
872 3417 924 3476 per
958 3399 1162 3474 l’Inghilterra
1183 3417 1200 3456 e
1221 3398 1303 3455 darsi
1334 3398 1416 3456 nelle
1446 3398 1531 3455 mani

194 3494 275 3568 degli
296 3494 435 3565 heretici,
456 3512 521 3553 non
542 3493 593 3571 gia
613 3514 667 3572 per
687 3497 805 3556 aderire
826 3499 888 3556 atle
909 3498 976 3557 1010
997 3496 1074 3555 salse
1096 3496 1247 3573 opinioni,
1269 3514 1319 3554 ma
1341 3497 1366 3553 si
1387 3497 1467 3554 bene
1480 3514 1531 3554 ac·

194 3584 302 3651 0100111
325 3612 379 3669 ρετ
400 3612 505 3653 mezzo
525 3594 558 3651 di
580 3595 704 3652 vascelli
726 3596 834 3669 inglesi
856 3606 887 3654 et
908 3596 1048 3656 olandesi
1070 3596 1152 3671 possi
1175 3594 1275 3652 sicuro
1300 3593 1450 3652 ritornare
1470 3593 1532 3652 alla

193 3709 248 3749 sua
268 3691 367 3766 patria
384 3710 417 3757 »;
440 3691 604 3766 additque:
631 3691 806 3753 «Giudichi
828 3694 940 3752 adess'o
962 3692 999 3751 V.
1022 3692 1056 3750 E.
1079 3712 1168 3751 come
1197 3692 1293 3769 padre
1316 3702 1422 3750 nostro
1436 3709 1469 3750 se
1489 3692 1531 3767 gli

193 3805 266 3863 pare
287 3788 467 3863 espediente
489 3788 546 3846 che
567 3790 621 3849 noi
642 3792 709 3849 suoi
731 3791 859 3867 figliuoli
882 3792 1170 3867 l’accompagnamo
1192 3809 1246 3867 per
1261 3799 1377 3849 coteste
1392 3791 1480 3865 parti.
1496 3789 1531 3847 Io

193 3886 224 3942 in
239 3895 358 3961 quanto
372 3886 434 3943 alla
454 3887 516 3944 mia
537 3906 669 3963 persona
690 3906 754 3946 non
776 3885 955 3965 proseguird
977 3889 996 3946 il
1020 3889 1142 3964 viaggio
1164 3888 1243 3946 fuori
1263 3887 1419 3946 d’Itatia...
1440 3905 1532 3945 senza

192 4002 296 4042 nuova
321 3983 440 4041 licenza
464 3984 495 4041 di
518 3983 553 4041 V.
576 3984 612 4044 E.
635 4004 653 4042 e
674 3987 705 4044 di
733 3985 762 4044 S.
784 3986 840 4044 St*
855 4009 882 4045 ».
905 3986 1004 4064 (APF,
1036 3985 1069 4053 V,
1093 3987 1202 4044 Lettere
1221 3987 1255 4045 di
1274 3986 1407 4061 Spagna,
1432 3986 1531 4043 Porto·

189 4082 281 4157 gallo,
297 4090 366 4151 etc„
382 4082 441 4139 vol.
461 4096 524 4154 104,
540 4083 563 4142 f.
580 4082 641 4158 9¹)-
657 4082 695 4142 Et
710 4085 741 4141 in
757 4085 818 4141 alia
832 4084 977 4159 epistota:
1006 4107 1019 4135 α
1035 4082 1154 4155 Questo
1169 4085 1290 4159 signore
1307 4085 1391 4160 dopo
1406 4084 1532 4141 d’haver

192 4198 245 4256 per
266 4179 351 4238 varie
374 4194 391 4237 e
412 4180 530 4238 diverse
553 4181 600 4238 vie
621 4199 638 4238 e
658 4181 819 4257 suppliche
841 4189 959 4240 tentato
981 4182 1064 4239 dalla
1087 4180 1258 4257 Republica
1268 4182 1443 4240 Venetiana
1464 4200 1531 4240 soc·

191 4298 281 4338 corso
307 4296 362 4354 per
384 4277 514 4336 ritornar
534 4278 741 4354 neil'Etiopia,
762 4279 841 4337 altro
864 4278 906 4335 fin
927 4279 1037 4337 adesso
1059 4297 1123 4337 non
1144 4278 1185 4336 ha
1206 4280 1321 4338 havuto
1349 4280 1407 4338 che
1428 4280 1530 4337 buone

191 4378 363 4453 parole...
393 4376 571 4435 finalmente
591 4373 634 4434 s’e
655 4377 783 4436 risoluto
804 4377 835 4434 di
859 4377 1003 4435 ricorrere
1025 4395 1079 4453 per
1101 4377 1185 4435 aiuto
1201 4377 1375 4453 agl’Inglesi
1390 4385 1421 4434 et
1436 4375 1531 4435 Olan-

191 4475 276 4534 desi.
310 4520 317 4533 .
340 4476 425 4549 dopo
446 4476 534 4533 molti
549 4475 665 4534 trattati
687 4485 794 4550 questo
816 4472 858 4533 s'e
879 4477 1027 4534 concluso
1048 4485 1271 4534 secretamente
1293 4475 1351 4533 che
1373 4475 1394 4531 il
1409 4476 1530 4551 signore

190 4575 324 4632 essendo
346 4573 409 4630 tale
430 4574 501 4648 qual
523 4574 583 4649 egli
604 4573 629 4630 si
651 4573 691 4642 fa,
713 4571 781 4632 sara
802 4592 856 4649 per
877 4592 981 4632 mezzo
1003 4575 1034 4631 di
1056 4575 1228 4632 un'armata
1249 4572 1280 4629 di
1305 4572 1428 4630 vascelli
1444 4572 1531 4630 olan·

190 4673 256 4731 desi
279 4670 433 4730 condotto
453 4671 486 4728 in
506 4672 607 4746 quelle
628 4673 707 4747 parti
729 4681 759 4729 et
780 4690 799 4729 a
820 4673 887 4730 viva
909 4673 993 4731 10110
1016 4672 1142 4731 rimesso
1158 4672 1207 4729 nel
1223 4688 1318 4745 regno
1335 4668 1529 4746 d'Ethiopia;

190 4787 255 4828 non
276 4768 411 4828 essendo
433 4768 540 4843 pescia
559 4769 631 4837 tale,
653 4769 695 4825 lui
717 4769 798 4828 colla
818 4788 873 4827 sua
894 4770 1047 4839 comitiva,
1070 4770 1127 4828 che
1148 4771 1247 4827 siamo
1271 4769 1325 4826 noi
1341 4767 1409 4826 altri
1424 4769 1529 4843 poveri

191 4867 271 4938 frati,
296 4867 326 4925 ci
352 4867 379 4923 si
404 4867 557 4924 minaceia
579 4884 667 4924 come
688 4867 884 4942 ingannatori
905 4868 1019 4925 d’esser
1040 4867 1158 4942 tagliati
1180 4885 1199 4924 a
1220 4865 1313 4942 pezzi.
1339 4864 1365 4921 ΙΙ
1398 4866 1530 4940 giovane

190 4965 326 5042 Ethiope
347 4983 409 5023 con
430 4961 480 5023 cio
501 4965 525 5022 si
547 4964 696 5023 dimostra
710 4966 807 5023 molto
822 4966 986 5040 intrepide,
1003 4965 1028 5023 si
1043 4965 1100 5023 che
1115 4963 1156 5023 da
1170 4982 1267 5040 segno
1282 4964 1314 5020 di
1330 4981 1412 5021 esser
1426 4966 1530 5038 quello

190 5063 247 5121 che
262 5065 305 5121 1111
320 5063 401 5120 dice.
418 5060 475 5119 Del
491 5070 570 5120 tutto
592 5080 631 5119 ne
652 5059 694 5119 dd
715 5063 892 5137 ragguaglio
914 5081 932 5120 a
953 5061 989 5119 V.
1012 5062 1046 5121 E.
1068 5058 1214 5120 accioche
1236 5062 1264 5120 ci
1292 5060 1417 5118 assicuri
1432 5063 1463 5117 in
1479 5080 1530 5119 00-

189 5163 313 5219 scienza
335 5181 353 5218 0
375 5159 433 5217 che
458 5160 620 5217 determini
642 5162 711 5235 quel
741 5171 828 5218 tanto
856 5161 1024 5218 dobbiarno
1055 5161 1212 5218 sare...›.
1236 5157 1336 5227 (APF,
1366 5154 1399 5223 V,
1423 5159 1532 5215 Lelrere

188 5260 224 5317 di
241 5261 379 5338 Spagna,
396 5259 576 5333 Portogallo,
599 5267 667 5326 etc„
693 5256 777 5331 1634,
800 5261 858 5318 vol.
883 5273 947 5330 104,
970 5259 989 5315 f.
1012 5257 1070 5333 95).
