4058 6178
718 2208 904 2287 CAPUT
932 2210 984 2287 V.

331 2505 535 2581 Diversae
562 2513 723 2599 patrum
750 2503 971 2580 Societatis
997 2503 1088 2578 lesu
1114 2501 1362 2576 residentiae

591 2646 634 2713 et
657 2636 860 2713 ecclesiae
885 2636 1107 2732 eriguntur.
1180 2672 1185 2683 ·

274 3008 302 3049 1.
327 2984 418 3051 Octo
439 2983 641 3049 residentiae
656 2982 812 3048 Societas
834 2984 912 3047 Iesu
935 2993 1014 3047 ante
1037 2983 1254 3048 Patriarchae
1277 2983 1462 3046 adventum
1478 2984 1513 3045 in
1576 2995 1716 3042 Petrum
1735 2990 1859 3042 nuden-

172 3103 375 3186 Aethiopia
386 3102 596 3165 numerabat:
609 3099 875 3164 Fremonensem
886 3101 1038 3163 omnium
1054 3099 1326 3180 antiquissimam
1350 3100 1384 3161 in
1407 3116 1514 3182 regno
1541 3063 1596 3113 ¹¹⁸⁹
1613 3072 1804 3113 numerantur.

172 3220 352 3303 Tigrae03
376 3216 547 3288 Dancatii,
572 3213 723 3280 Ganetae
739 3215 816 3280 Iesu
832 3225 867 3279 et
882 3213 1056 3300 Gorgorra
1074 3217 1107 3278 in
1132 3214 1377 3288 Dambaeensi3
1401 3211 1514 3277 Colle·

174 3338 325 3407 lensem,
338 3331 577 3416 Serquensem,
601 3343 635 3396 et
658 3330 926 3397 Gabramensem
942 3334 976 3396 in
993 3331 1207 3398 Goiamensi:
1231 3330 1513 3412 Athquanensem

172 3453 212 3515 in
239 3450 508 3534 Bagamedrino.
531 3446 709 3513 Sollicitus
730 3458 845 3512 tamen
868 3450 904 3510 in
927 3448 1133 3511 catholicam
1156 3446 1369 3510 molitionem
1388 3447 1514 3527 ubique

173 3566 452 3650 promovendam
468 3576 503 3629 et
518 3562 720 3628 firmandam
737 3564 812 3627 Ras
827 3560 908 3627 Sela
923 3562 1077 3627 Christos
1093 3563 1218 3647 insigni
1231 3563 1411 3646 diligentia
1425 3572 1514 3626 sata·

172 3684 300 3767 gebat,
315 3691 353 3745 ut
368 3691 503 3763 patrum
518 3680 722 3744 residentiae
737 3690 840 3763 atque
855 3680 1031 3751 ecclesiae,
1046 3699 1131 3761 quas
1145 3677 1226 3741 fidei
1238 3697 1334 3741 arces
1345 3688 1380 3741 et
1390 3697 1514 3760 propu-

174 3797 333 3882 gnacula
363 3798 511 3869 dicebat,
540 3797 665 3877 ubique
696 3796 782 3859 locis
811 3795 991 3858 tutissimis
1020 3796 1240 3878 erigerentur,
1271 3803 1306 3856 et
1335 3813 1413 3856 cum
1448 3792 1514 3855 hoc

173 3926 342 3994 tempore
364 3913 487 3976 molles
509 3913 553 3975 ad
576 3911 822 3994 Imperatorem
853 3912 966 3975 aditus
995 3909 1136 3973 haberet
1159 3920 1192 3973 et
1216 3910 1260 3971 ab
1283 3927 1326 3971 eo
1349 3909 1514 3971 benevole

175 4029 368 4100 audiretur,
392 4008 458 4110 ipsi
481 4028 662 4091 instinctor
683 4024 748 4090 fuit
771 4036 808 4090 ut
831 4028 874 4089 ad
898 4028 1031 4109 aliquas
1056 4026 1263 4088 extruendas
1292 4035 1447 4106 sumptus
1480 4035 1514 4088 et

175 4143 311 4209 fundos
332 4138 576 4225 suppeditaret.

277 4281 306 4323 2.
331 4257 457 4321 Earum
493 4260 605 4342 prima
636 4256 702 4321 fuit
731 4260 852 4340 templi
883 4268 918 4320 et
949 4257 1153 4320 residentiae
1176 4256 1210 4318 in
1237 4253 1431 4339 Gorgorrae
1457 4275 1515 4338 pe·-
1578 4263 1674 4313 Novae
1704 4263 1863 4323 Gorgonae

178 4374 323 4439 ninsula
345 4372 593 4445 architectatio,
617 4392 706 4454 quae
721 4374 813 4436 dicta
828 4383 880 4435 est
899 4371 1000 4436 Nova
1015 4371 1188 4456 Gorgorra
1203 4373 1247 4434 ad
1263 4372 1516 4434 distinctionem
1544 4332 1736 4470 {lugdonen
1754 4342 1782 4381 ἰ
1793 4342 1863 4382 ‘⁸¹¹¹'

177 4491 323 4561 veteris,
347 4491 392 4552 ab
415 4509 456 4552 ea
479 4490 524 4553 ad
547 4490 614 4553 duo
648 4490 704 4552 vel
732 4488 797 4551 tria
828 4488 989 4551 milliaria
1019 4489 1216 4551 disiunctae.
1248 4484 1389 4550 Summa
1419 4488 1516 4550 volu-

178 4615 280 4689 ptate
304 4615 338 4668 et
361 4606 578 4669 contentione
600 4605 688 4668 hanc
711 4605 997 4669 substructionem
1025 4623 1209 4688 aggressus
1235 4612 1288 4666 est
1317 4602 1516 4685 Imperator,
1569 4612 1572 4619 '

178 4731 221 4785 ut
245 4740 288 4783 eo
311 4721 390 4782 loco
416 4740 485 4802 quo
512 4740 545 4802 p.
570 4719 692 4784 Petrus
722 4718 864 4783 Paezius
894 4722 1039 4801 primam
1072 4719 1221 4791 domum,
1252 4738 1354 4801 quam
1385 4718 1518 4782 viderat

179 4836 376 4918 Aethiopia
387 4837 706 4918 contignationibus
720 4835 913 4907 sublimem,
930 4835 996 4917 ipsi
1012 4836 1193 4907 extulerat,
1210 4834 1337 4898 nobilis
1351 4835 1396 4897 ad
1412 4835 1519 4915 ipsius

180 4951 356 5016 tumulum
386 4949 531 5016 fratrum
568 4949 721 5014 eiusdem
760 4952 881 5014 domus
910 4953 1086 5022 viseretur,
1121 4970 1208 5032 quae
1242 4951 1412 5012 tutissima
1445 4968 1519 5013 esse

48 5080 67 5131 r.
89 5090 135 5139 9¹·
181 5077 317 5150 posset,
333 5068 363 5129 si
378 5077 489 5131 terrae
504 5066 646 5149 lingula,
662 5063 767 5147 *quae
783 5066 944 5129 isthmum
960 5065 1072 5139 efficit,
1089 5064 1218 5149 exiguo
1230 5083 1327 5128 muro
1337 5073 1518 5136 secaretur,

184 5194 221 5246 et
243 5183 303 5246 ubi
329 5180 426 5246 Deus
449 5182 561 5265 ipsum
585 5201 606 5244 a
635 5181 714 5243 Iulii
737 5192 771 5244 et
802 5182 947 5244 eunuchi
976 5179 1071 5244 Caflo
1102 5179 1235 5243 insidiis
1264 5181 1443 5261 eripuerat,
1471 5181 1519 5242 ibi
