4058 6178
513 572 570 631 ¹94
843 565 1116 618 EXPEDITIONIS
1139 567 1399 618 AETHIOPICAE
1422 568 1504 619 ETC.

508 710 604 775 fundi
629 714 664 775 in
687 713 854 777 ecclesiae
874 715 989 777 dotem
1016 724 1130 778 essent
1145 712 1334 780 auferendi.
1350 712 1420 779 Sed
1436 716 1662 798 aequabiliter
1675 735 1730 779 res
1745 735 1839 779 oom-

506 828 621 909 posuit
643 827 843 911 Imperator,
868 827 993 893 fundos
1016 831 1103 893 alios
1126 831 1250 894 uberes
1272 830 1398 913 ereptis
1421 841 1644 904 commutans,
1666 832 1724 914 qui
1747 833 1839 914 prio·

506 944 600 1008 ribus
623 945 772 1008 dominis
795 965 862 1008 non
886 946 1117 1028 displicerent.
1142 945 1210 1009 Per
1224 947 1521 1030 quadragesimam
1538 948 1619 1009 anni
1638 950 1719 1009 1626
1735 950 1839 1010 tertia

506 1058 591 1122 haec
621 1057 812 1124 Gabramae
840 1061 1026 1125 residentia
1064 1060 1261 1146 Ligenegus
1290 1072 1342 1125 est
1372 1063 1548 1134 translata,
1578 1072 1614 1125 et
1651 1072 1763 1125 actum
1793 1063 1838 1124 de

505 1176 671 1238 ecclesiae
691 1178 886 1250 caementis,
909 1178 1033 1260 quibus
1056 1177 1259 1241 inchoandis
1277 1196 1403 1260 prorex
1419 1179 1504 1242 duas
1519 1197 1586 1242 non
1603 1177 1720 1261 exigui
1735 1178 1838 1259 pretii

505 1292 658 1354 armillas
682 1313 727 1355 ex
751 1311 833 1356 auro
856 1293 1045 1357 lectissimo
1068 1293 1138 1357 suis
1161 1295 1311 1357 brachiis
1333 1295 1492 1358 detraxit

193 1423 329 1474 Adam
352 1420 424 1472 ultus
451 1432 478 1472 et
598 1428 647 1471 ιο.
671 1408 800 1472 Adana
823 1429 920 1473 mons
943 1420 1005 1483 est,
1028 1430 1130 1492 quem
1155 1432 1175 1474 a
1197 1409 1383 1474 Collelensi
1407 1411 1489 1473 sede
1507 1411 1633 1494 viginti
1648 1420 1800 1493 quatuor,
1816 1430 1838 1472 a

158 1497 364 1562 ‘mmmm'
506 1522 701 1587 Nebessaea
723 1526 865 1607 triginta
887 1526 1049 1589 milliaria
1072 1527 1250 1599 divellunt,
1274 1526 1368 1589 ovali
1391 1527 1426 1588 in
1445 1545 1578 1589 summo
1601 1526 1748 1588 culmine
1774 1544 1836 1587 un·

505 1642 607 1721 dique
630 1640 766 1722 penitus
789 1644 933 1724 abrupto
955 1643 1109 1725 planitie,
1135 1654 1270 1725 praeter
1284 1643 1369 1705 duas
1385 1643 1553 1724 cuspides,
1567 1642 1691 1724 quibus
1706 1650 1836 1704 tantum

504 1766 557 1820 est
572 1758 701 1839 pervia,
726 1759 785 1821 sed
809 1758 955 1822 callibus
979 1760 1066 1822 adeo
1088 1759 1245 1843 angustis
1267 1769 1304 1822 ut
1326 1760 1454 1842 exiguo
1478 1757 1565 1820 muri
1588 1756 1701 1820 cinctu
1723 1758 1836 1821 claudi

505 1873 655 1954 possint;
673 1874 896 1957 longitudinis
911 1877 1021 1938 iactus
1037 1876 1071 1937 in
1085 1877 1250 1939 incertum
1263 1874 1336 1957 [sic]
1350 1876 1493 1938 duorum
1506 1874 1710 1956 scloporurn,
1723 1874 1836 1936 latitu-

505 1990 595 2052 dinis
618 1989 728 2054 unius.
744 1990 784 2052 In
801 1993 896 2073 rupis
911 1992 1018 2054 latere
1034 1989 1111 2055 fons
1125 1993 1257 2064 ebullit,
1273 1992 1332 2073 qui
1347 1992 1523 2055 satiendae
1539 1989 1612 2073 [sic]
1629 1989 1837 2053 multitudini
1918 2006 1921 2010 ⁴

504 2102 661 2170 sufficiat.
692 2105 941 2188 Aquilonarem
974 2126 1170 2170 mucronem
1201 2107 1361 2169 latissimi
1388 2107 1500 2189 campi
1523 2106 1709 2189 excipiunt,
1733 2104 1835 2174 fossa,

506 2230 646 2284 naturae
681 2223 793 2305 magis
826 2223 1042 2304 providentia
1076 2242 1178 2304 quam
1210 2233 1281 2285 arte
1313 2232 1444 2295 cavata,
1475 2243 1495 2285 a
1525 2223 1640 2286 monte
1674 2224 1836 2293 seiuncti;

505 2337 699 2409 australem,
729 2338 843 2400 scalae
876 2339 1047 2421 gradatim
1081 2338 1171 2401 ultra
1204 2337 1467 2418 sesquimilliare
1490 2337 1524 2400 in
1549 2337 1666 2401 Nilum
1698 2339 1835 2401 descen·

505 2454 634 2524 dentes,
658 2455 718 2517 ubi
740 2466 880 2536 propter
908 2456 1195 2537 opportunitatem
1219 2452 1384 2518 Goiamae
1408 2473 1568 2537 proreges
1592 2454 1705 2516 solent
1725 2453 1834 2515 hiber-

505 2568 627 2631 nacula
650 2569 820 2633 collocare
827 2590 835 2643 ;
858 2568 1027 2633 Collelam
1051 2580 1085 2632 et
1108 2570 1271 2632 Adaxam
1293 2567 1390 2632 fluvii
1417 2572 1552 2652 scrupei
1575 2580 1610 2632 et
1633 2569 1836 2651 praecipites

506 2682 711 2757 interfluunt,
728 2687 913 2768 exquibus
936 2687 1042 2767 aliqui
1058 2688 1093 2747 in
1109 2705 1185 2748 eam
1201 2682 1468 2768 profunditatem
1484 2696 1659 2769 urgentur,
1676 2693 1713 2747 ut
1728 2702 1835 2765 aquae

505 2802 539 2863 in
564 2803 677 2865 medio
700 2821 777 2864 aere
801 2804 835 2864 in
859 2822 997 2884 spumas
1020 2812 1053 2865 et
1076 2804 1292 2885 asperginem
1315 2811 1530 2865 evanescant.
1555 2798 1626 2864 Sed
1649 2818 1764 2863 eorum
1781 2817 1834 2860 ra·

504 2919 701 2999 pidissimus
723 2928 775 2982 est
797 2919 909 2990 Abea,
932 2920 1024 3002 quod
1047 2937 1168 2982 nomen
1199 2929 1334 2982 taurum
1365 2919 1437 3000 iugi
1468 2918 1702 3000 impatientem
1731 2915 1834 2995 signi·

504 3031 593 3107 ficat,
617 3054 638 3097 a
660 3055 728 3117 quo
757 3056 845 3117 pene
874 3035 1016 3098 haustus
1039 3033 1151 3098 fuerat
1174 3056 1205 3117 p,
1231 3034 1433 3097 Franciscus
1455 3033 1630 3096 Antonius
1653 3034 1697 3095 ab
1719 3029 1834 3113 Ange·

505 3150 558 3223 lis,
583 3151 678 3223 loris,
693 3149 798 3232 *quae
814 3152 984 3215 cratitiam
1001 3160 1108 3214 ratem
1126 3152 1170 3214 ab
1185 3151 1293 3213 altera
1308 3151 1343 3211 in
1359 3151 1501 3212 alteram
1517 3150 1629 3230 ripam
1648 3147 1835 3215 trahebant,
1865 3161 1886 3209 r,
1906 3168 1961 3220 93³

506 3264 682 3330 diffractis.
718 3266 798 3329 Hoc
831 3266 909 3330 loco
939 3269 1107 3349 insignem
1138 3266 1358 3328 residentiam
1390 3264 1466 3328 Ras
1496 3263 1578 3328 Seld
1610 3261 1761 3326 Christds
1791 3263 1835 3323 ad

507 3390 642 3462 patrum
666 3394 700 3444 et
724 3382 970 3446 catholicorum
994 3384 1209 3445 securitatem
1232 3381 1347 3444 animo
1372 3381 1509 3444 molitus
1526 3378 1646 3451 fuerat,
1663 3380 1835 3442 obnitente

505 3517 640 3579 semper
674 3499 867 3561 clanculum
898 3497 1117 3580 Imperatore,
1140 3500 1186 3561 ob
1210 3500 1270 3561 illa
1301 3496 1511 3561 diffidentiae
1546 3496 1761 3564 nutrimenta,
1793 3494 1834 3555 de

505 3613 627 3693 quibus
658 3612 757 3676 infra.
789 3614 888 3677 Nunc
920 3615 1015 3677 visus
1045 3625 1097 3677 est
1127 3616 1309 3678 connivere
1340 3622 1374 3676 et
1405 3612 1456 3675 illi
1484 3612 1557 3675 sedi
1581 3613 1760 3692 deputatus
1783 3620 1833 3670 est

504 3748 537 3810 p.
562 3729 737 3791 Antonius
768 3730 901 3793 Brunus
931 3727 1079 3802 Siculus
1106 3730 1163 3811 qui
1186 3743 1258 3793 tam
1290 3730 1404 3791 valide
1428 3729 1462 3791 in
1493 3726 1726 3789 conversionis
1750 3743 1835 3804 opus

505 3845 666 3916 incubuit,
683 3855 723 3908 ut
735 3855 889 3927 tempore
904 3865 1005 3927 quam
1029 3847 1230 3927 parcissimo
1252 3845 1369 3928 plures
1392 3846 1435 3907 ad
1458 3842 1585 3906 Christi
1608 3842 1700 3904 ovile
1714 3841 1834 3923 perdu-

505 3962 605 4033 xerit,
629 3971 663 4023 et
684 3963 809 4042 pueris,
833 3982 919 4044 quos
934 3972 1112 4044 parentum
1128 3962 1287 4024 socordia
1308 3970 1436 4023 tartaro
1453 3960 1651 4029 devoverat,
1666 3957 1835 4038 baptismo

504 4077 592 4139 coeli
623 4076 716 4140 fores
742 4077 953 4159 patefecerit.
977 4077 1155 4140 Ecclesiae
1179 4076 1309 4140 fabrica
1332 4096 1399 4139 non
1423 4078 1568 4138 multum
1591 4075 1738 4137 surrexit
1759 4090 1834 4153 pro·

506 4206 584 4274 pter
615 4195 727 4256 levem
758 4195 854 4256 illam
886 4197 919 4257 in
951 4194 1159 4276 Imperatore
1197 4195 1433 4274 displicentiae
1464 4192 1685 4261 nubeculam,
1717 4189 1834 4275 donec.

506 4311 631 4373 adultis
655 4311 743 4373 inter
766 4320 946 4392 utrumque
962 4308 1099 4373 fratrem
1125 4308 1381 4381 offensionibus,
1405 4328 1495 4371 anno
1515 4310 1608 4387 1629,
1633 4314 1752 4386 quarta
1773 4304 1835 4364 illa

505 4427 690 4489 residentia
713 4428 888 4489 contabuit
911 4436 946 4488 et
969 4446 1002 4508 p.
1026 4427 1159 4489 Brunus
1182 4426 1252 4487 alio
1275 4425 1525 4508 commigravit.

194 4557 373 4609 Residentiae
403 4558 478 4608 Aue-
598 4562 646 4604 11.
672 4540 834 4623 Quintam
858 4542 1094 4604 communibus
1116 4542 1286 4605 sociorum
1310 4537 1484 4623 suffragiis
1509 4539 1544 4600 in
1568 4556 1675 4621 regno
1690 4536 1836 4616 Tigraeo

160 4630 421 4752 &¹⁸5¹me
433 4628 478 4679 ω’
505 4659 648 4739 parabat
671 4678 704 4740 p.
729 4657 931 4720 Emmanuel
948 4657 1143 4729 Barradius,
1158 4652 1218 4719 sed
1239 4657 1462 4738 inauspicato.
1478 4653 1596 4717 Medio
1612 4654 1733 4716 itinere
1747 4652 1838 4713 inter

505 4772 663 4837 Mazuam
679 4785 712 4836 et
729 4773 933 4837 Fremonam
958 4773 1118 4835 Debaroa
1134 4772 1312 4834 interiacet
1327 4768 1500 4835 ordinaria
1515 4771 1620 4833 statio
1638 4767 1837 4849 Barnagazii

505 4911 564 4953 seu
586 4888 752 4973 praefecti
775 4892 888 4963 maris,
912 4892 971 4972 qui
994 4891 1088 4952 illius
1111 4908 1190 4951 orae
1213 4898 1248 4951 et
1270 4889 1364 4951 bello
1394 4897 1429 4950 et
1452 4887 1657 4949 commercio
1687 4893 1836 4967 praeest:

505 5003 631 5070 Sedem
654 5017 805 5070 nostram
829 5006 886 5069 hic
908 5005 1010 5089 defigi
1034 5007 1192 5067 omnibus
1214 5015 1288 5067 erat
1312 5005 1346 5066 in
1369 5004 1460 5066 votis
1482 5002 1527 5066 ad
1550 5002 1683 5065 litteras
1697 5010 1730 5063 et
1744 5018 1836 5061 com·

505 5135 639 5186 meatus
654 5124 753 5186 nobis
769 5144 814 5185 ex
838 5122 936 5185 India
960 5123 1083 5185 missos
1106 5118 1208 5183 facile
1232 5120 1455 5200 excipiendos
1478 5129 1512 5181 et
1528 5119 1666 5181 nuntios
1681 5117 1759 5179 hinc
1774 5134 1837 5177 ex-
