<?xml version="1.0" encoding="UTF-8"?>
<!DOCTYPE html PUBLIC "-//W3C//DTD XHTML 1.0 Transitional//EN"
    "http://www.w3.org/TR/xhtml1/DTD/xhtml1-transitional.dtd">
<html xmlns="http://www.w3.org/1999/xhtml" xml:lang="en" lang="en">
 <head>
  <title>
</title>
<meta http-equiv="Content-Type" content="text/html;charset=utf-8" />
  <meta name='ocr-system' content='tesseract 3.04.00' />
  <meta name='ocr-capabilities' content='ocr_page ocr_carea ocr_par ocr_line ocrx_word'/>
</head>
<body>
  <div class='ocr_page' id='page_1' title='image "./rerumaethiopica00beccgoog_0170.png"; bbox 0 0 4124 6182; ppageno 0'>
   <div class='ocr_carea' id='block_1_1' title="bbox 721 2384 1004 2464">
    <p class='ocr_par' dir='ltr' id='par_1_1' title="bbox 721 2384 1004 2464">
     <span class='ocr_line' id='line_1_1' title="bbox 721 2384 1004 2464; baseline 0 -2"><span class='ocrx_word' id='word_1_1' title='bbox 721 2384 908 2464; x_wconf 82' lang='lat' dir='ltr'>CAPUT</span> <span class='ocrx_word' id='word_1_2' title='bbox 937 2389 1004 2463; x_wconf 90' lang='lat' dir='ltr'><strong>XI.</strong></span> 
     </span>
    </p>
   </div>
   <div class='ocr_carea' id='block_1_2' title="bbox 278 2705 1435 2802">
    <p class='ocr_par' dir='ltr' id='par_1_2' title="bbox 278 2705 1435 2802">
     <span class='ocr_line' id='line_1_2' title="bbox 278 2705 1435 2802; baseline 0.006 -21"><span class='ocrx_word' id='word_1_3' title='bbox 278 2705 400 2781; x_wconf 87' lang='lat' dir='ltr'><strong>Fidei</strong></span> <span class='ocrx_word' id='word_1_4' title='bbox 426 2727 668 2802; x_wconf 81' lang='lat' dir='ltr'><strong>progressus</strong></span> <span class='ocrx_word' id='word_1_5' title='bbox 695 2717 737 2782; x_wconf 86' lang='lat' dir='ltr'><strong>et</strong></span> <span class='ocrx_word' id='word_1_6' title='bbox 764 2707 960 2784; x_wconf 87' lang='lat' dir='ltr'><strong>adversus</strong></span> <span class='ocrx_word' id='word_1_7' title='bbox 988 2709 1106 2783; x_wconf 84' lang='lat' dir='ltr'><strong>illam</strong></span> <span class='ocrx_word' id='word_1_8' title='bbox 1133 2709 1435 2788; x_wconf 80' lang='lat' dir='ltr'><strong>contentiones.</strong></span> 
     </span>
    </p>
   </div>
   <div class='ocr_carea' id='block_1_3' title="bbox 67 3080 1876 5133">
    <p class='ocr_par' dir='ltr' id='par_1_3' title="bbox 188 3080 1876 3514">
     <span class='ocr_line' id='line_1_3' title="bbox 283 3080 1876 3167; baseline 0.001 -19"><span class='ocrx_word' id='word_1_9' title='bbox 283 3106 311 3151; x_wconf 86' lang='lat'><strong>1.</strong></span> <span class='ocrx_word' id='word_1_10' title='bbox 336 3084 377 3148; x_wconf 94' lang='lat' dir='ltr'><strong>In</strong></span> <span class='ocrx_word' id='word_1_11' title='bbox 401 3083 521 3148; x_wconf 88' lang='lat' dir='ltr'><strong>castris</strong></span> <span class='ocrx_word' id='word_1_12' title='bbox 543 3103 605 3167; x_wconf 89' lang='lat' dir='ltr'><strong>per</strong></span> <span class='ocrx_word' id='word_1_13' title='bbox 627 3103 669 3148; x_wconf 87' lang='lat' dir='ltr'><strong>ea</strong></span> <span class='ocrx_word' id='word_1_14' title='bbox 691 3093 845 3166; x_wconf 91' lang='lat' dir='ltr'><strong>tempora</strong></span> <span class='ocrx_word' id='word_1_15' title='bbox 870 3103 936 3147; x_wconf 93' lang='lat' dir='ltr'><strong>non</strong></span> <span class='ocrx_word' id='word_1_16' title='bbox 954 3084 1137 3147; x_wconf 88' lang='lat' dir='ltr'><strong>mediocris</strong></span> <span class='ocrx_word' id='word_1_17' title='bbox 1152 3082 1200 3146; x_wconf 90' lang='lat' dir='ltr'><strong>rei</strong></span> <span class='ocrx_word' id='word_1_18' title='bbox 1224 3082 1415 3145; x_wconf 87' lang='lat' dir='ltr'><strong>catholicae</strong></span> <span class='ocrx_word' id='word_1_19' title='bbox 1435 3080 1527 3144; x_wconf 88' lang='lat' dir='ltr'><strong>facta</strong></span> <span class='ocrx_word' id='word_1_20' title='bbox 1590 3087 1719 3138; x_wconf 73' lang='lat' dir='ltr'><strong>Plotium</strong></span> <span class='ocrx_word' id='word_1_21' title='bbox 1741 3101 1876 3150; x_wconf 69' lang='lat' dir='ltr'><strong>mam·</strong></span> 
     </span>
     <span class='ocr_line' id='line_1_4' title="bbox 188 3157 1793 3283; baseline -0.004 -17"><span class='ocrx_word' id='word_1_22' title='bbox 188 3213 242 3266; x_wconf 88' lang='lat' dir='ltr'><strong>est</strong></span> <span class='ocrx_word' id='word_1_23' title='bbox 266 3201 429 3270; x_wconf 77' lang='lat' dir='ltr'>accessio,</span> <span class='ocrx_word' id='word_1_24' title='bbox 453 3201 592 3283; x_wconf 89' lang='lat' dir='ltr'><strong>publica</strong></span> <span class='ocrx_word' id='word_1_25' title='bbox 615 3201 709 3264; x_wconf 89' lang='lat' dir='ltr'><strong>illius</strong></span> <span class='ocrx_word' id='word_1_26' title='bbox 731 3197 946 3282; x_wconf 80' lang='lat' dir='ltr'><strong>professione</strong></span> <span class='ocrx_word' id='word_1_27' title='bbox 969 3199 1070 3263; x_wconf 89' lang='lat' dir='ltr'><strong>Belia</strong></span> <span class='ocrx_word' id='word_1_28' title='bbox 1088 3197 1242 3262; x_wconf 81' lang='lat' dir='ltr'><strong>Christbs</strong></span> <span class='ocrx_word' id='word_1_29' title='bbox 1258 3208 1292 3262; x_wconf 90' lang='lat' dir='ltr'><strong>et</strong></span> <span class='ocrx_word' id='word_1_30' title='bbox 1308 3197 1528 3281; x_wconf 89' lang='lat' dir='ltr'><strong>Zadenguiiis</strong></span> <span class='ocrx_word' id='word_1_31' title='bbox 1555 3169 1614 3209; x_wconf 53' lang='grc' dir='ltr'><strong>Μ</strong></span> <span class='ocrx_word' id='word_1_32' title='bbox 1633 3157 1793 3210; x_wconf 74' lang='lat' dir='ltr'><strong>convenio.</strong></span> 
     </span>
     <span class='ocr_line' id='line_1_5' title="bbox 189 3314 1528 3400; baseline -0.003 -20"><span class='ocrx_word' id='word_1_33' title='bbox 189 3318 409 3400; x_wconf 88' lang='lat' dir='ltr'><strong>imperatoris</strong></span> <span class='ocrx_word' id='word_1_34' title='bbox 432 3317 648 3398; x_wconf 83' lang='lat' dir='ltr'>patruelium,</span> <span class='ocrx_word' id='word_1_35' title='bbox 672 3314 824 3380; x_wconf 92' lang='lat' dir='ltr'><strong>Abbatis</strong></span> <span class='ocrx_word' id='word_1_36' title='bbox 847 3315 965 3379; x_wconf 68' lang='lat' dir='ltr'><strong>Merca</strong></span> <span class='ocrx_word' id='word_1_37' title='bbox 987 3315 1140 3379; x_wconf 90' lang='lat' dir='ltr'><strong>eiusdem</strong></span> <span class='ocrx_word' id='word_1_38' title='bbox 1167 3316 1333 3398; x_wconf 86' lang='lat' dir='ltr'><strong>magistri,</strong></span> <span class='ocrx_word' id='word_1_39' title='bbox 1360 3315 1528 3378; x_wconf 87' lang='lat' dir='ltr'><strong>senatoris</strong></span> 
     </span>
     <span class='ocr_line' id='line_1_6' title="bbox 188 3429 1527 3514; baseline -0.003 -18"><span class='ocrx_word' id='word_1_40' title='bbox 188 3434 296 3497; x_wconf 89' lang='lat' dir='ltr'><strong>Tecla</strong></span> <span class='ocrx_word' id='word_1_41' title='bbox 327 3429 476 3504; x_wconf 89' lang='lat' dir='ltr'><strong>Selasse,</strong></span> <span class='ocrx_word' id='word_1_42' title='bbox 510 3433 600 3495; x_wconf 91' lang='lat' dir='ltr'><strong>idest</strong></span> <span class='ocrx_word' id='word_1_43' title='bbox 623 3432 761 3514; x_wconf 87' lang='lat' dir='ltr'><strong>plantae</strong></span> <span class='ocrx_word' id='word_1_44' title='bbox 791 3430 884 3506; x_wconf 87' lang='lat' dir='ltr'><strong>fidei,</strong></span> <span class='ocrx_word' id='word_1_45' title='bbox 914 3433 959 3495; x_wconf 90' lang='lat' dir='ltr'><strong>ab</strong></span> <span class='ocrx_word' id='word_1_46' title='bbox 989 3432 1098 3513; x_wconf 91' lang='lat' dir='ltr'><strong>ipsius</strong></span> <span class='ocrx_word' id='word_1_47' title='bbox 1127 3430 1269 3495; x_wconf 87' lang='lat' dir='ltr'><strong>secretis</strong></span> <span class='ocrx_word' id='word_1_48' title='bbox 1299 3438 1334 3492; x_wconf 91' lang='lat' dir='ltr'><strong>et</strong></span> <span class='ocrx_word' id='word_1_49' title='bbox 1363 3430 1527 3502; x_wconf 89' lang='lat' dir='ltr'><strong>historiis,</strong></span> 
     </span>
    </p>

    <p class='ocr_par' dir='ltr' id='par_1_4' title="bbox 67 3545 1528 5133">
     <span class='ocr_line' id='line_1_7' title="bbox 188 3545 1528 3631; baseline -0.004 -18"><span class='ocrx_word' id='word_1_50' title='bbox 188 3550 278 3613; x_wconf 81' lang='lat' dir='ltr'><strong>&#39;sino</strong></span> <span class='ocrx_word' id='word_1_51' title='bbox 302 3558 442 3631; x_wconf 89' lang='lat' dir='ltr'><strong>propter</strong></span> <span class='ocrx_word' id='word_1_52' title='bbox 463 3547 617 3631; x_wconf 91' lang='lat' dir='ltr'><strong>corporis</strong></span> <span class='ocrx_word' id='word_1_53' title='bbox 640 3548 867 3631; x_wconf 79' lang='lat' dir='ltr'><strong>exiguitatem</strong></span> <span class='ocrx_word' id='word_1_54' title='bbox 890 3548 996 3631; x_wconf 88' lang='lat' dir='ltr'><strong>vulgo</strong></span> <span class='ocrx_word' id='word_1_55' title='bbox 1020 3545 1194 3628; x_wconf 88' lang='lat' dir='ltr'><strong>appellati,</strong></span> <span class='ocrx_word' id='word_1_56' title='bbox 1218 3547 1279 3609; x_wconf 91' lang='lat' dir='ltr'><strong>sed</strong></span> <span class='ocrx_word' id='word_1_57' title='bbox 1303 3563 1384 3609; x_wconf 89' lang='lat' dir='ltr'><strong>vere</strong></span> <span class='ocrx_word' id='word_1_58' title='bbox 1411 3546 1528 3629; x_wconf 88' lang='lat' dir='ltr'><strong>magni</strong></span> 
     </span>
     <span class='ocr_line' id='line_1_8' title="bbox 189 3662 1527 3748; baseline -0.002 -21"><span class='ocrx_word' id='word_1_59' title='bbox 189 3668 235 3729; x_wconf 91' lang='lat' dir='ltr'><strong>ob</strong></span> <span class='ocrx_word' id='word_1_60' title='bbox 250 3662 383 3748; x_wconf 89' lang='lat' dir='ltr'><strong>ingenii</strong></span> <span class='ocrx_word' id='word_1_61' title='bbox 398 3664 656 3746; x_wconf 80' lang='lat' dir='ltr'><strong>perspicaciam,</strong></span> <span class='ocrx_word' id='word_1_62' title='bbox 673 3663 889 3745; x_wconf 86' lang='lat' dir='ltr'><strong>prudentiam</strong></span> <span class='ocrx_word' id='word_1_63' title='bbox 904 3673 939 3727; x_wconf 90' lang='lat' dir='ltr'><strong>et</strong></span> <span class='ocrx_word' id='word_1_64' title='bbox 955 3664 1064 3726; x_wconf 92' lang='lat' dir='ltr'><strong>multo</strong></span> <span class='ocrx_word' id='word_1_65' title='bbox 1079 3664 1191 3745; x_wconf 87' lang='lat' dir='ltr'><strong>magis</strong></span> <span class='ocrx_word' id='word_1_66' title='bbox 1206 3662 1252 3725; x_wconf 87' lang='lat' dir='ltr'><strong>ol&gt;</strong></span> <span class='ocrx_word' id='word_1_67' title='bbox 1264 3671 1396 3743; x_wconf 89' lang='lat' dir='ltr'><strong>partam</strong></span> <span class='ocrx_word' id='word_1_68' title='bbox 1408 3671 1527 3744; x_wconf 90' lang='lat' dir='ltr'><strong>postea</strong></span> 
     </span>
     <span class='ocr_line' id='line_1_9' title="bbox 189 3776 1528 3864; baseline -0.003 -21"><span class='ocrx_word' id='word_1_69' title='bbox 189 3781 365 3864; x_wconf 80' lang='lat' dir='ltr'><strong>gloriosae</strong></span> <span class='ocrx_word' id='word_1_70' title='bbox 389 3778 508 3842; x_wconf 89' lang='lat' dir='ltr'><strong>mortis</strong></span> <span class='ocrx_word' id='word_1_71' title='bbox 531 3780 693 3860; x_wconf 90' lang='lat' dir='ltr'><strong>palmam,</strong></span> <span class='ocrx_word' id='word_1_72' title='bbox 717 3778 840 3842; x_wconf 90' lang='lat' dir='ltr'><strong>Basilii</strong></span> <span class='ocrx_word' id='word_1_73' title='bbox 864 3781 899 3841; x_wconf 91' lang='lat' dir='ltr'><strong>in</strong></span> <span class='ocrx_word' id='word_1_74' title='bbox 919 3776 1176 3842; x_wconf 88' lang='lat' dir='ltr'><strong>confirmatione</strong></span> <span class='ocrx_word' id='word_1_75' title='bbox 1193 3797 1213 3839; x_wconf 88' lang='lat' dir='ltr'><strong>a</strong></span> <span class='ocrx_word' id='word_1_76' title='bbox 1229 3776 1427 3841; x_wconf 89' lang='lat' dir='ltr'><strong>Patriarcha</strong></span> <span class='ocrx_word' id='word_1_77' title='bbox 1443 3798 1528 3840; x_wconf 91' lang='lat' dir='ltr'><strong>nun-</strong></span> 
     </span>
     <span class='ocr_line' id='line_1_10' title="bbox 189 3891 1528 3979; baseline -0.002 -20"><span class='ocrx_word' id='word_1_78' title='bbox 189 3895 315 3979; x_wconf 87' lang='lat' dir='ltr'><strong>cupati,</strong></span> <span class='ocrx_word' id='word_1_79' title='bbox 340 3892 455 3958; x_wconf 89' lang='lat' dir='ltr'><strong>Cabae</strong></span> <span class='ocrx_word' id='word_1_80' title='bbox 485 3891 642 3958; x_wconf 72' lang='lat' dir='ltr'><strong>Christos</strong></span> <span class='ocrx_word' id='word_1_81' title='bbox 671 3894 814 3958; x_wconf 89' lang='lat' dir='ltr'><strong>minoris</strong></span> <span class='ocrx_word' id='word_1_82' title='bbox 845 3894 960 3977; x_wconf 88' lang='lat' dir='ltr'><strong>regiae</strong></span> <span class='ocrx_word' id='word_1_83' title='bbox 990 3892 1144 3957; x_wconf 88' lang='lat' dir='ltr'><strong>familiae</strong></span> <span class='ocrx_word' id='word_1_84' title='bbox 1175 3893 1363 3958; x_wconf 76' lang='lat' dir='ltr'><strong>oeconomi.</strong></span> <span class='ocrx_word' id='word_1_85' title='bbox 1394 3891 1528 3975; x_wconf 80' lang='lat' dir='ltr'><strong>Quibus</strong></span> 
     </span>
     <span class='ocr_line' id='line_1_11' title="bbox 189 4008 1528 4091; baseline -0.003 -16"><span class='ocrx_word' id='word_1_86' title='bbox 189 4014 294 4075; x_wconf 91' lang='lat' dir='ltr'><strong>robur</strong></span> <span class='ocrx_word' id='word_1_87' title='bbox 316 4011 465 4074; x_wconf 86' lang='lat' dir='ltr'><strong>addebat</strong></span> <span class='ocrx_word' id='word_1_88' title='bbox 492 4008 639 4074; x_wconf 89' lang='lat' dir='ltr'><strong>Ioannes</strong></span> <span class='ocrx_word' id='word_1_89' title='bbox 669 4008 864 4076; x_wconf 88' lang='lat' dir='ltr'><strong>Gabrielius</strong></span> <span class='ocrx_word' id='word_1_90' title='bbox 891 4008 1131 4073; x_wconf 88' lang='lat' dir='ltr'><strong>Lusitanorum</strong></span> <span class='ocrx_word' id='word_1_91' title='bbox 1155 4010 1287 4081; x_wconf 89' lang='lat' dir='ltr'><strong>ductor,</strong></span> <span class='ocrx_word' id='word_1_92' title='bbox 1311 4010 1365 4072; x_wconf 92' lang='lat' dir='ltr'><strong>cui</strong></span> <span class='ocrx_word' id='word_1_93' title='bbox 1389 4019 1528 4091; x_wconf 91' lang='lat' dir='ltr'><strong>propter</strong></span> 
     </span>
     <span class='ocr_line' id='line_1_12' title="bbox 188 4122 1526 4209; baseline 0 -22"><span class='ocrx_word' id='word_1_94' title='bbox 188 4125 355 4189; x_wconf 79' lang='lat' dir='ltr'><strong>eximiam</strong></span> <span class='ocrx_word' id='word_1_95' title='bbox 379 4123 546 4207; x_wconf 86' lang='lat' dir='ltr'><strong>peritiam,</strong></span> <span class='ocrx_word' id='word_1_96' title='bbox 571 4122 808 4188; x_wconf 87' lang='lat' dir='ltr'><strong>fortitudinem</strong></span> <span class='ocrx_word' id='word_1_97' title='bbox 832 4135 867 4189; x_wconf 89' lang='lat' dir='ltr'><strong>et</strong></span> <span class='ocrx_word' id='word_1_98' title='bbox 890 4126 924 4188; x_wconf 91' lang='lat' dir='ltr'><strong>in</strong></span> <span class='ocrx_word' id='word_1_99' title='bbox 948 4126 1093 4209; x_wconf 84' lang='lat' dir='ltr'><strong>agendis</strong></span> <span class='ocrx_word' id='word_1_100' title='bbox 1113 4126 1262 4207; x_wconf 87' lang='lat' dir='ltr'><strong>negotiis</strong></span> <span class='ocrx_word' id='word_1_101' title='bbox 1277 4124 1526 4195; x_wconf 86' lang='lat' dir='ltr'><strong>auctoritatem,</strong></span> 
     </span>
     <span class='ocr_line' id='line_1_13' title="bbox 189 4238 1528 4324; baseline 0 -21"><span class='ocrx_word' id='word_1_102' title='bbox 189 4241 376 4324; x_wconf 90' lang='lat' dir='ltr'><strong>plurimum</strong></span> <span class='ocrx_word' id='word_1_103' title='bbox 411 4238 582 4304; x_wconf 86' lang='lat' dir='ltr'><strong>catholica</strong></span> <span class='ocrx_word' id='word_1_104' title='bbox 616 4240 739 4324; x_wconf 88' lang='lat' dir='ltr'><strong>religio</strong></span> <span class='ocrx_word' id='word_1_105' title='bbox 763 4250 814 4303; x_wconf 91' lang='lat' dir='ltr'><strong>est</strong></span> <span class='ocrx_word' id='word_1_106' title='bbox 840 4242 1014 4304; x_wconf 89' lang='lat' dir='ltr'><strong>obstricta.</strong></span> <span class='ocrx_word' id='word_1_107' title='bbox 1048 4240 1182 4304; x_wconf 91' lang='lat' dir='ltr'><strong>Horum</strong></span> <span class='ocrx_word' id='word_1_108' title='bbox 1213 4259 1353 4303; x_wconf 90' lang='lat' dir='ltr'><strong>numero</strong></span> <span class='ocrx_word' id='word_1_109' title='bbox 1388 4249 1423 4303; x_wconf 90' lang='lat' dir='ltr'><strong>et</strong></span> <span class='ocrx_word' id='word_1_110' title='bbox 1445 4239 1528 4305; x_wconf 71' lang='lat' dir='ltr'><strong>Sela</strong></span> 
     </span>
     <span class='ocr_line' id='line_1_14' title="bbox 188 4353 1528 4440; baseline 0.001 -22"><span class='ocrx_word' id='word_1_111' title='bbox 188 4354 346 4419; x_wconf 78' lang='lat' dir='ltr'><strong>Christos</strong></span> <span class='ocrx_word' id='word_1_112' title='bbox 369 4365 472 4437; x_wconf 89' lang='lat' dir='ltr'><strong>atque</strong></span> <span class='ocrx_word' id='word_1_113' title='bbox 496 4355 604 4437; x_wconf 91' lang='lat' dir='ltr'><strong>ipsius</strong></span> <span class='ocrx_word' id='word_1_114' title='bbox 626 4356 750 4419; x_wconf 88' lang='lat' dir='ltr'><strong>ducum</strong></span> <span class='ocrx_word' id='word_1_115' title='bbox 774 4357 929 4438; x_wconf 89' lang='lat' dir='ltr'><strong>potentia</strong></span> <span class='ocrx_word' id='word_1_116' title='bbox 951 4354 1032 4420; x_wconf 88' lang='lat' dir='ltr'><strong>freti</strong></span> <span class='ocrx_word' id='word_1_117' title='bbox 1048 4374 1209 4419; x_wconf 89' lang='lat' dir='ltr'><strong>romanae</strong></span> <span class='ocrx_word' id='word_1_118' title='bbox 1237 4353 1317 4419; x_wconf 87' lang='lat' dir='ltr'><strong>fidei</strong></span> <span class='ocrx_word' id='word_1_119' title='bbox 1333 4374 1528 4440; x_wconf 87' lang='lat' dir='ltr'><strong>propugna-</strong></span> 
     </span>
     <span class='ocr_line' id='line_1_15' title="bbox 188 4472 1525 4554; baseline 0 -18"><span class='ocrx_word' id='word_1_120' title='bbox 188 4483 292 4545; x_wconf 91' lang='lat' dir='ltr'><strong>tores,</strong></span> <span class='ocrx_word' id='word_1_121' title='bbox 317 4492 394 4535; x_wconf 86' lang='lat' dir='ltr'><strong>eam</strong></span> <span class='ocrx_word' id='word_1_122' title='bbox 429 4472 589 4554; x_wconf 85' lang='lat' dir='ltr'><strong>publicae</strong></span> <span class='ocrx_word' id='word_1_123' title='bbox 619 4472 872 4554; x_wconf 84' lang='lat' dir='ltr'><strong>depraedicare,</strong></span> <span class='ocrx_word' id='word_1_124' title='bbox 901 4474 1045 4536; x_wconf 91' lang='lat' dir='ltr'><strong>duarum</strong></span> <span class='ocrx_word' id='word_1_125' title='bbox 1077 4478 1272 4536; x_wconf 78' lang='lat' dir='ltr'><strong>naturarum</strong></span> <span class='ocrx_word' id='word_1_126' title='bbox 1303 4472 1525 4536; x_wconf 85' lang='lat' dir='ltr'><strong>assertionem</strong></span> 
     </span>
     <span class='ocr_line' id='line_1_16' title="bbox 188 4586 1527 4661; baseline -0.001 -9"><span class='ocrx_word' id='word_1_127' title='bbox 188 4589 399 4661; x_wconf 88' lang='lat' dir='ltr'><strong>collaudare,</strong></span> <span class='ocrx_word' id='word_1_128' title='bbox 423 4586 523 4651; x_wconf 86' lang='lat' dir='ltr'><strong>unius</strong></span> <span class='ocrx_word' id='word_1_129' title='bbox 546 4587 704 4651; x_wconf 87' lang='lat' dir='ltr'><strong>delirium</strong></span> <span class='ocrx_word' id='word_1_130' title='bbox 739 4598 773 4651; x_wconf 88' lang='lat' dir='ltr'><strong>et</strong></span> <span class='ocrx_word' id='word_1_131' title='bbox 808 4589 1024 4651; x_wconf 87' lang='lat' dir='ltr'><strong>mendacium</strong></span> <span class='ocrx_word' id='word_1_132' title='bbox 1059 4586 1230 4651; x_wconf 88' lang='lat' dir='ltr'><strong>detestari.</strong></span> <span class='ocrx_word' id='word_1_133' title='bbox 1254 4586 1379 4652; x_wconf 88' lang='lat' dir='ltr'><strong>Contra</strong></span> <span class='ocrx_word' id='word_1_134' title='bbox 1409 4589 1527 4652; x_wconf 87' lang='lat' dir='ltr'><strong>haere·</strong></span> 
     </span>
     <span class='ocr_line' id='line_1_17' title="bbox 188 4701 1527 4786; baseline -0.001 -18"><span class='ocrx_word' id='word_1_135' title='bbox 188 4705 248 4768; x_wconf 91' lang='lat' dir='ltr'><strong>tici</strong></span> <span class='ocrx_word' id='word_1_136' title='bbox 272 4705 482 4786; x_wconf 89' lang='lat' dir='ltr'><strong>obstrepere,</strong></span> <span class='ocrx_word' id='word_1_137' title='bbox 506 4701 663 4776; x_wconf 89' lang='lat' dir='ltr'><strong>fremere,</strong></span> <span class='ocrx_word' id='word_1_138' title='bbox 686 4703 873 4767; x_wconf 90' lang='lat' dir='ltr'><strong>seditiones</strong></span> <span class='ocrx_word' id='word_1_139' title='bbox 895 4705 1077 4775; x_wconf 88' lang='lat' dir='ltr'><strong>concitare,</strong></span> <span class='ocrx_word' id='word_1_140' title='bbox 1101 4704 1322 4767; x_wconf 89' lang='lat' dir='ltr'><strong>rebellionem</strong></span> <span class='ocrx_word' id='word_1_141' title='bbox 1350 4712 1384 4766; x_wconf 89' lang='lat' dir='ltr'><strong>et</strong></span> <span class='ocrx_word' id='word_1_142' title='bbox 1415 4714 1527 4768; x_wconf 67' lang='lat' dir='ltr'><strong>extre·⁴</strong></span> 
     </span>
     <span class='ocr_line' id='line_1_18' title="bbox 188 4818 1527 4901; baseline -0.001 -18"><span class='ocrx_word' id='word_1_143' title='bbox 188 4840 280 4883; x_wconf 90' lang='lat' dir='ltr'><strong>mam</strong></span> <span class='ocrx_word' id='word_1_144' title='bbox 305 4819 442 4900; x_wconf 88' lang='lat' dir='ltr'><strong>imperii</strong></span> <span class='ocrx_word' id='word_1_145' title='bbox 465 4819 662 4883; x_wconf 88' lang='lat' dir='ltr'><strong>vastitatem</strong></span> <span class='ocrx_word' id='word_1_146' title='bbox 686 4818 845 4883; x_wconf 86' lang='lat' dir='ltr'><strong>minitari.</strong></span> <span class='ocrx_word' id='word_1_147' title='bbox 863 4818 934 4882; x_wconf 89' lang='lat' dir='ltr'><strong>Eos</strong></span> <span class='ocrx_word' id='word_1_148' title='bbox 950 4819 1111 4882; x_wconf 89' lang='lat' dir='ltr'><strong>catholici</strong></span> <span class='ocrx_word' id='word_1_149' title='bbox 1128 4819 1172 4883; x_wconf 93' lang='lat' dir='ltr'><strong>ad</strong></span> <span class='ocrx_word' id='word_1_150' title='bbox 1188 4819 1453 4901; x_wconf 88' lang='lat' dir='ltr'><strong>disputationem</strong></span> <span class='ocrx_word' id='word_1_151' title='bbox 1470 4839 1527 4882; x_wconf 92' lang='lat' dir='ltr'><strong>co·</strong></span> 
     </span>
     <span class='ocr_line' id='line_1_19' title="bbox 67 4932 1525 5017; baseline -0.001 -19"><span class='ocrx_word' id='word_1_152' title='bbox 67 4977 73 4988; x_wconf 90' lang='lat'>-</span> <span class='ocrx_word' id='word_1_153' title='bbox 129 4959 163 5000; x_wconf 83' lang='lat' dir='ltr'><strong>.v.</strong></span> <span class='ocrx_word' id='word_1_154' title='bbox 188 4955 261 5000; x_wconf 92' lang='lat' dir='ltr'><strong>ram</strong></span> <span class='ocrx_word' id='word_1_155' title='bbox 286 4934 498 5017; x_wconf 89' lang='lat' dir='ltr'><strong>Imperatore</strong></span> <span class='ocrx_word' id='word_1_156' title='bbox 514 4936 692 5008; x_wconf 89' lang='lat' dir='ltr'><strong>lacessere,</strong></span> <span class='ocrx_word' id='word_1_157' title='bbox 709 4954 812 5017; x_wconf 92' lang='lat' dir='ltr'><strong>quam</strong></span> <span class='ocrx_word' id='word_1_158' title='bbox 830 4935 895 5017; x_wconf 90' lang='lat' dir='ltr'><strong>ipsi</strong></span> <span class='ocrx_word' id='word_1_159' title='bbox 910 4934 1075 4998; x_wconf 89' lang='lat' dir='ltr'><strong>victoriae</strong></span> <span class='ocrx_word' id='word_1_160' title='bbox 1091 4932 1296 4998; x_wconf 86' lang='lat' dir='ltr'><strong>confidentia</strong></span> <span class='ocrx_word' id='word_1_161' title='bbox 1319 4933 1458 4999; x_wconf 82' lang='lat' dir='ltr'><strong>tum*idi</strong></span> <span class='ocrx_word' id='word_1_162' title='bbox 1476 4934 1525 4998; x_wconf 89' lang='lat' dir='ltr'><strong>in-</strong></span> 
     </span>
     <span class='ocr_line' id='line_1_20' title="bbox 188 5048 1527 5133; baseline -0.001 -18"><span class='ocrx_word' id='word_1_163' title='bbox 188 5060 316 5115; x_wconf 86' lang='lat' dir='ltr'><strong>statam</strong></span> <span class='ocrx_word' id='word_1_164' title='bbox 340 5051 534 5114; x_wconf 90' lang='lat' dir='ltr'><strong>condictam</strong></span> <span class='ocrx_word' id='word_1_165' title='bbox 558 5050 649 5114; x_wconf 88' lang='lat' dir='ltr'><strong>diem</strong></span> <span class='ocrx_word' id='word_1_166' title='bbox 673 5051 894 5114; x_wconf 87' lang='lat' dir='ltr'><strong>admiserunt.</strong></span> <span class='ocrx_word' id='word_1_167' title='bbox 916 5048 1072 5113; x_wconf 86' lang='lat' dir='ltr'><strong>Fortuito</strong></span> <span class='ocrx_word' id='word_1_168' title='bbox 1099 5048 1239 5113; x_wconf 83' lang='lat' dir='ltr'><strong>adfuere</strong></span> <span class='ocrx_word' id='word_1_169' title='bbox 1265 5061 1379 5133; x_wconf 89' lang='lat' dir='ltr'><strong>patres</strong></span> <span class='ocrx_word' id='word_1_170' title='bbox 1406 5050 1527 5114; x_wconf 90' lang='lat' dir='ltr'><strong>Petrus</strong></span> 
     </span>
    </p>
   </div>
   <div class='ocr_carea' id='block_1_4' title="bbox 188 5162 675 5230">
    <p class='ocr_par' dir='ltr' id='par_1_5' title="bbox 188 5162 675 5230">
     <span class='ocr_line' id='line_1_21' title="bbox 188 5162 675 5230; baseline -0.002 0"><span class='ocrx_word' id='word_1_171' title='bbox 188 5176 222 5230; x_wconf 85' lang='lat' dir='ltr'><strong>et</strong></span> <span class='ocrx_word' id='word_1_172' title='bbox 246 5164 445 5229; x_wconf 86' lang='lat' dir='ltr'><strong>Ludovicus</strong></span> <span class='ocrx_word' id='word_1_173' title='bbox 468 5162 675 5229; x_wconf 87' lang='lat' dir='ltr'><strong>Azebedius.</strong></span> 
     </span>
    </p>
   </div>
   <div class='ocr_carea' id='block_1_5' title="bbox 0 0 2066 6182">
    <p class='ocr_par' dir='ltr' id='par_1_6' title="bbox 0 0 2066 6182">
     <span class='ocr_line' id='line_1_22' title="bbox 0 0 2066 6182; baseline 0 0"><span class='ocrx_word' id='word_1_174' title='bbox 0 0 2066 6182; x_wconf 95' lang='lat' dir='ltr'><strong> </strong></span> 
     </span>
    </p>
   </div>
  </div>
 </body>
</html>
