4066 6174
559 588 623 665 380
890 598 1162 649 Expssnmoms
1189 598 1449 651 ammonens
1474 599 1555 650 Ere.

555 753 591 811 et
611 747 853 810 commodorum
876 767 911 809 se
933 752 1081 811 exortem
1105 746 1232 822 reddat,
1255 746 1296 811 id
1313 766 1391 811 aero
1412 752 1515 831 super
1537 746 1651 812 omnia
1675 767 1728 813 me
1747 747 1886 811 medium

553 862 716 948 diffindit.

647 1001 696 1060 ¹3·
723 980 824 1063 Quod
850 979 887 1042 V.
909 978 1103 1043 Maiestatis
1126 978 1165 1043 in
1183 985 1219 1064 p.
1243 979 1386 1043 Petrum
1408 977 1580 1050 Pacuium,
1604 1000 1700 1064 qum
1718 980 1804 1064 plus
1824 1001 1886 1046 om·

553 1098 654 1160 nibm
675 1096 847 1182 diligebat,
871 1100 906 1159 et
926 1095 965 1159 in
987 1094 1097 1181 ipsius
1122 1094 1273 1179 obsequia
1303 1099 1355 1159 est
1382 1094 1510 1161 amoris
1534 1093 1696 1180 pondm?
1727 1095 1828 1177 Quod
1851 1098 1885 1161 in

515 1248 520 1259 ·
549 1220 583 1299 p.
607 1212 812 1277 Ludooi'cum
836 1208 1064 1276 Azebedium?
1089 1208 1188 1293 Quod
1208 1210 1246 1273 in
1264 1217 1300 1296 p.
1323 1209 1516 1275 Antonium
1540 1210 1776 1277 Femandiecm
1795 1217 1830 1275 et
1850 1212 1884 1274 in

547 1334 697 1414 paterna
720 1329 831 1414 ipsius
865 1328 903 1391 in
934 1328 972 1391 V.
996 1327 1218 1392 Maiestatem
1241 1332 1413 1411 tamquam
1437 1326 1475 1389 in
1489 1325 1613 1411 filium
1636 1323 1811 1391 comitia?
1839 1327 1884 1395 Ea

551 1450 664 1509 autern
687 1445 816 1519 omisso,
839 1441 928 1529 quod
948 1443 986 1507 iri
1008 1464 1063 1507 eos
1083 1442 1210 1509 iactum
1231 1443 1279 1507 sit
1294 1442 1524 1528 praeconium,
1544 1462 1626 1505 num
1633 1439 1733 1528 forte
1755 1442 1793 1505 V.
1811 1442 1882 1507 Ma·

551 1561 702 1626 testatem
727 1561 819 1636 latet,
843 1560 1002 1645 nariodo
1023 1560 1104 1624 dum
1123 1558 1230 1644 paulo
1248 1563 1327 1625 ante
1342 1578 1454 1623 omnes
1468 1558 1507 1623 in
1522 1558 1636 1623 eadem
1651 1578 1798 1623 essemus
1803 1556 1882 1643 fide,

550 1684 637 1763 etp.
661 1677 843 1742 Azebedius
866 1675 1015 1741 Ganetae
1040 1676 1126 1751 lesu,
1158 1676 1195 1740 V.
1219 1675 1417 1741 Maiestatis
1439 1676 1574 1740 domum
1596 1679 1631 1739 et
1643 1673 1815 1761 fortunas
1832 1696 1880 1739 cu·

550 1793 701 1870 stodi'ret,
724 1794 764 1857 ab
786 1794 921 1857 Emona
944 1768 1099 1857 Cbristbs
1121 1789 1306 1856 domesticis
1327 1791 1425 1855 caedi
1436 1796 1488 1855 est
1501 1787 1665 1855 dmatus?
1682 1790 1777 1873 Quae
1798 1810 1881 1855 nunc

549 1931 627 1997 ergo
648 1910 717 1974 erit
739 1908 838 1973 illius
859 1910 949 1973 oilae
971 1908 1064 1972 inter
1084 1911 1135 1971 tot
1155 1907 1252 1993 lupos
1272 1904 1464 1973 securitas?

643 2048 691 2105 14.
716 2026 901 2089 Auditione
922 2026 1026 2089 etiam
1043 2024 1183 2111 percepi
1206 2024 1301 2109 apud
1326 2023 1580 2088 multitudinem
1610 2028 1823 2099 castremein,
1844 2028 1880 2086 ut

548 2142 776 2207 alexandrino
800 2142 872 2206 ritu
894 2140 1078 2206 communio
1101 2144 1301 2214 sumeretur,
1317 2139 1548 2205 coristitutum.
1565 2139 1709 2205 Praeter
1724 2138 1878 2211 haereses,

548 2278 692 2343 marum
722 2278 837 2344 gnara
859 2262 911 2321 est
939 2257 976 2321 V.
1000 2255 1182 2331 Maiestas,
1215 2255 1324 2320 nescit
1352 2255 1510 2319 Abunam
1539 2254 1724 2326 Siinonem,
1755 2254 1876 2341 quiin

546 2375 660 2438 Sadae
677 2374 808 2458 proeli'o
830 2394 904 2438 nem
927 2372 1009 2437 Elbs
1031 2373 1159 2447 cecidit,
1182 2370 1364 2437 anatliema
1379 2370 1556 2454 inflixisse
1568 2375 1604 2434 et
1616 2370 1720 2435 iuxta
1733 2370 1876 2454 synodos,

546 2490 668 2553 missae
689 2489 907 2554 celebratione
929 2488 1057 2553 clerieis
1079 2485 1297 2553 interdixisse
1319 2485 1440 2571 quiin
1456 2484 1691 2572 fornicatione
1705 2490 1816 2551 essent
1828 2485 1875 2549 de·

540 2604 728 2690 prehensi?
754 2603 841 2686 Quis
863 2604 921 2667 hoc
943 2603 1160 2668 interdietum
1183 2601 1366 2674 relaxavit,
1389 2607 1423 2665 et
1451 2600 1506 2665 lu‘s
1527 2607 1569 2666 ut
1589 2621 1683 2667 sacro
1705 2607 1875 2687 operaren-

544 2725 604 2784 tur
627 2717 802 2784 indulsit?
824 2719 1007 2805 Numquid
1033 2720 1071 2784 V.
1096 2717 1293 2783 Maiestatis
1318 2715 1534 2801 praeconium
1563 2717 1642 2783 illos
1667 2717 1795 2783 habiles
1809 2715 1875 2783 red

544 2835 641 2911 didit,
664 2840 699 2899 et
720 2834 895 2899 ordinibus
917 2831 1134 2899 auctoravit?
1156 2834 1215 2899 An
1239 2854 1306 2899 non
1328 2834 1426 2899 istud
1446 2833 1581 2920 iiisi'gne
1602 2854 1714 2899 coram
1742 2833 1824 2910 Deo,
1846 2838 1876 2897 et

543 2950 733 3015 hominibus
755 2949 892 3015 dedecus
912 2955 1018 3016 estet
1038 2949 1281 3038 opprobrium?

636 3054 684 3145 ¹⁵5·
708 3065 768 3132 Ad
788 3088 877 3132 meas
898 3066 1002 3131 etiam
1024 3087 1126 3131 aures
1148 3064 1296 3133 delatim
1317 3073 1369 3134 est
1389 3068 1426 3133 V.
1448 3067 1664 3133 Maiestatem
1691 3066 1873 3156 Gorgonae
1998 3036 1999 3069 ἶ

541 3202 642 3268 agros
663 3204 685 3246 a
703 3182 862 3268 patribus
883 3183 1072 3259 abstulisse,
1095 3189 1129 3248 et
1150 3184 1334 3268 reprobatis
1355 3184 1593 3248 Alexandriae
1620 3182 1798 3270 niagistris
1825 3205 1872 3249 as·

540 3299 701 3385 signasse.
726 3298 816 3379 Quis
846 3299 883 3363 V.
908 3298 1104 3363 Maiestatis
1125 3319 1243 3363 sensns
1264 3305 1317 3364 est
1337 3298 1376 3363 de
1393 3306 1431 3385 p.
1454 3299 1558 3364 Petro
1581 3298 1714 3374 Pacuio,
1729 3305 1794 3387 per
1816 3319 1871 3363 aii·

541 3435 601 3478 nos
621 3419 745 3498 septem
767 3415 862 3500 apud
886 3415 919 3478 T
914 3435 1014 3479 urias
1036 3416 1075 3479 in
1087 3415 1230 3480 ‘Arabia
1256 3415 1383 3482 catenis
1412 3415 1571 3490 demncto,
1602 3420 1635 3479 et
1664 3415 1702 3478 in
1732 3414 1871 3481 obscuris

536 3532 729 3629 gurgustiis
758 3537 792 3596 et
820 3531 1012 3619 ergastulis,
1042 3529 1090 3595 ad
1115 3531 1249 3616 cippum
1278 3536 1314 3596 et
1334 3530 1496 3619 feneum
1518 3528 1634 3617 focale
1654 3531 1870 3619 praeligata?

540 3645 722 3732 Numquid
752 3646 832 3712 hacc
850 3652 992 3733 propter
1027 3647 1160 3711 lineum
1183 3647 1325 3732 aliquod
1343 3652 1527 3723 terrenum,
1550 3652 1613 3712 aut
1627 3653 1772 3734 propter
1796 3652 1868 3713 scii
1996 3702 1997 3751 3

533 3762 686 3848 paralem
709 3761 918 3828 dominatum
941 3767 992 3827 est
1008 3760 1218 3848 perpessus?
1240 3764 1474 3848 Nequaquam,
1498 3763 1558 3828 sed
1576 3763 1647 3829 solo
1669 3762 1868 3837 Deianora,
1996 3772 1997 3777 ’

538 3879 600 3963 qni
631 3879 744 3943 nostri
773 3879 875 3943 radi'x
908 3884 966 3954 est,
996 3884 1031 3944 et
1058 3899 1156 3944 aerae
1176 3878 1272 3964 fidei
1298 3879 1336 3942 in
1365 3878 1424 3945 hoc
1451 3885 1565 3945 nostro
1595 3880 1666 3945 solo
1695 3879 1868 3967 aetluepi'co

412 3997 414 4001 ’
532 3991 780 4079 praedieandae
801 3992 913 4058 studio
934 3994 1130 4080 compulsus.
1154 3994 1260 4061 Nunc
1282 3999 1396 4061 autem
1418 3994 1523 4059 situm
1545 4000 1596 4059 est
1615 4015 1752 4059 sacrum
1778 3994 1868 4059 i'lli'us

535 4116 654 4194 corpus
677 4109 715 4172 in
739 4109 863 4194 templo
886 4108 946 4173 illo
969 4107 1204 4196 Gorgorrensi'.
1229 4111 1329 4193 Quod
1352 4131 1404 4175 nie
1432 4111 1481 4177 ad
1506 4110 1585 4177 baec
1606 4109 1779 4177 scribenda
1796 4116 1866 4196 pcr-

536 4225 649 4295 mouit,
673 4223 768 4289 illud
785 4230 846 4289 est.
871 4224 957 4288 Cum
975 4225 1081 4310 prius
1102 4225 1249 4291 allatum
1271 4232 1358 4291 esset
1378 4226 1519 4292 cadauer
1541 4226 1667 4291 abbatis
1690 4227 1786 4292 Zara
1805 4226 1866 4291 On-

531 4339 622 4426 gnel,
646 4339 806 4424 quierat
826 4340 980 4426 Icliegut,
1004 4341 1074 4405 siae
1096 4348 1197 4427 capnt
1218 4342 1465 4418 monachorum,
1488 4342 1581 4407 utin
1596 4343 1719 4430 templo
1745 4343 1864 4408 nicolia-

536 4454 699 4542 reguensi'
716 4453 923 4531 conderetur,
946 4457 1156 4521 Patrierctia
1178 4478 1223 4523 cx
1240 4463 1415 4544 potestate,
1439 4479 1539 4544 mmm
1562 4459 1683 4535 a·Deo,
1694 4457 1865 4544 potestatis

534 4571 644 4635 omnis
663 4569 778 4657 sonte,
801 4570 906 4647 habet,
928 4572 1048 4647 edixit,
1072 4593 1115 4636 ne
1144 4573 1183 4637 in
1212 4594 1308 4638 sacro
1333 4574 1402 4639 loco
1431 4576 1521 4659 quod
1543 4574 1582 4640 in
1612 4574 1748 4640 liaeresi
1774 4573 1864 4639 obsti·

534 4693 639 4751 natics
668 4686 809 4761 obiisset,
832 4687 1063 4771 deponeretur.
1091 4689 1178 4771 Quis
1200 4694 1312 4754 autem
1336 4711 1427 4755 nunc
1447 4691 1534 4755 scire
1551 4696 1670 4776 potest,
1686 4712 1734 4755 an
1745 4689 1864 4781 pseudo

534 4802 823 4888 monachicorpus
842 4809 877 4888 p.
900 4804 1007 4868 Petri
1025 4804 1146 4868 Paeiii
1164 4826 1186 4869 a
1210 4806 1402 4893 Gorgorrae
1425 4807 1549 4893 templo
1569 4806 1645 4871 sint
1658 4807 1819 4873 amclsun'
1835 4810 1865 4870 et

525 4918 683 5001 flammis
710 4916 904 4983 tradituri?
930 4920 1004 4983 Hoc
1026 4918 1160 4985 videtin
1190 4922 1227 4986 V.
1252 4922 1453 4989 Maiestatis
1474 4943 1578 5010 regno
1599 4943 1668 4989 non
1695 4922 1863 4989 convenire

532 5039 574 5098 ut
611 5035 648 5098 V.
682 5035 865 5099 Maiestati'
891 5040 1010 5100 notum
1041 5041 1099 5107 est,
1130 5036 1228 5101 cicius
1257 5037 1488 5126 intelligentia
1517 5044 1551 5105 et
1577 5038 1713 5105 bonitas
1742 5037 1859 5105 cunctis

532 5151 713 5214 antecellit.
