4058 6178
669 2200 856 2276 CAPUT
883 2201 993 2275 VIII.

188 2496 336 2569 Bucd
374 2496 650 2568 Damotum
686 2516 878 2588 prorex
916 2516 941 2567 a
978 2493 1156 2569 Gallis
1198 2493 1466 2567 occiditur

295 2637 338 2702 et
364 2629 451 2703 Ras
478 2628 575 2705 Sela
604 2628 792 2704 Christos
820 2630 864 2702 in
892 2628 1115 2703 discrimen
1142 2627 1370 2702 coniicitur.

252 2995 281 3035 1.
305 2970 475 3037 Secundis
497 2977 599 3037 rebus
621 2975 733 3038 tristia
756 2973 850 3037 Deus
873 2973 1068 3056 frequenter
1090 2976 1308 3045 intermiscet,
1333 2995 1376 3036 ne
1407 2994 1495 3036 mor·
1524 3055 1533 3103 1
1559 2984 1703 3033 caltarum
1727 2983 1763 3103 etp
1786 2984 1845 3032 bel-

1535 3069 1582 3104 um
1601 3070 1735 3118 praepara
1758 3069 1786 3103 o.

28 3095 45 3144 f·
63 3108 125 3156 sss·
152 3091 245 3152 tales
270 3086 456 3171 pros*pero
480 3091 617 3153 illarum
640 3110 739 3153 cursu
762 3089 962 3162 efferantur;
986 3092 1045 3153 sed
1069 3092 1270 3172 congenitae
1290 3087 1495 3152 infirmitatis

152 3206 289 3268 conscii
313 3224 393 3267 suas
417 3206 450 3267 ln
474 3205 572 3268 illum
591 3226 669 3288 spes
685 3204 863 3269 conferant
879 3217 912 3269 et
930 3227 950 3268 a
965 3206 1062 3271 coelo
1077 3207 1285 3289 praesidium
1302 3207 1494 3287 implorent.

151 3321 181 3381 F
182 3322 324 3384 eliciter
346 3321 452 3404 igitur
475 3322 586 3384 adhuc
609 3323 792 3404 impulsam
822 3322 1000 3388 EcclesIae
1023 3325 1138 3386 navim
1162 3323 1347 3386 Damotum
1373 3325 1494 3404 guber-

151 3438 288 3499 natoris
312 3435 468 3499 interitus
491 3458 511 3499 a
534 3434 646 3501 Gallis
668 3439 784 3501 illatus
806 3440 1001 3502 retardavit.
1026 3439 1102 3502 Illis
1132 3441 1221 3501 enim
1254 3439 1414 3501 lustricus
1444 3450 1497 3501 est

151 3574 268 3616 annus
295 3562 448 3626 octavus,
479 3575 548 3635 quo
571 3553 774 3637 praefectos,
799 3554 913 3618 Lobas
941 3556 985 3618 ab
1015 3558 1099 3639 ipsis
1130 3555 1251 3628 dictos,
1283 3564 1317 3617 et
1347 3554 1493 3617 militum

150 3672 344 3739 delectum,
367 3689 469 3752 quem
493 3681 619 3733 vocant
641 3670 825 3755 Delaguto,
850 3672 893 3733 ad
916 3681 1024 3735 terras
1048 3672 1190 3755 imperio
1206 3670 1377 3735 subiectas
1400 3673 1495 3733 Inva-

149 3787 299 3856 dendas,
325 3785 513 3857 instituunt,
533 3808 601 3869 quo
617 3786 792 3871 Tigraeos
809 3782 1082 3871 Bagamedrinos
1098 3798 1131 3850 et
1147 3786 1370 3850 Goiamenses
1385 3787 1496 3850 solitis

149 3903 484 3965 comminationibus
507 3904 693 3966 vastandos
715 3905 948 3986 designarunt.
971 3902 1194 3985 Tigraeorum
1218 3911 1253 3965 et
1272 3902 1495 3986 Bagamedri·

148 4035 280 4080 norum
296 4017 432 4089 damna,
449 4026 587 4080 coortae
602 4017 691 4079 inter
705 4019 799 4099 ipsos
814 4019 1042 4081 dissensiones
1057 4027 1092 4081 et
1107 4028 1244 4081 mutuae
1260 4018 1383 4081 caedes
1399 4038 1494 4081 aver·

148 4143 238 4197 tere,
265 4131 484 4215 Integrorum
508 4131 602 4196 furor
622 4136 656 4195 in
673 4133 864 4207 Goiamam
881 4136 1000 4197 castris
1017 4135 1058 4197 ad
1076 4136 1272 4197 ulteriorem
1288 4133 1359 4196 Nili
1383 4136 1495 4216 ripam

147 4246 306 4317 metatis,
331 4266 526 4310 conversus

250 4382 280 4425 2.
305 4361 382 4425 Ras
405 4359 487 4426 Sela
498 4362 663 4436 Christos,
683 4363 849 4428 Goiamae
864 4376 988 4438 custos,
1005 4376 1039 4428 et
1055 4364 1151 4429 Bucd
1166 4366 1353 4429 Damotum
1368 4386 1494 4449 prorex
1558 4383 1708 4432 nemetum
1730 4396 1844 4445 prore-

147 4479 227 4541 illis
253 4477 298 4539 ad
322 4478 391 4539 duo
414 4477 487 4540 Nili
510 4480 600 4541 vada
623 4481 734 4562 magis
757 4482 903 4543 contrita
925 4491 1150 4553 occurrerunt,
1164 4482 1369 4545 stationibus
1385 4484 1428 4544 ad
1445 4484 1495 4544 vi·
1523 4467 1586 4515 gem
1606 4453 1817 4515 “mmm“

146 4594 245 4679 giuti
270 4595 431 4674 quinque,
455 4594 512 4657 vel
533 4595 675 4678 triginta
699 4596 858 4659 milliaria
881 4598 1052 4659 seiunctis.
1077 4593 1198 4661 Gallae
1218 4599 1393 4678 copiarum
1410 4600 1495 4661 citra

148 4708 285 4771 flumen
311 4710 554 4791 dispositarum
578 4712 748 4783 certiores
773 4721 810 4774 ut
833 4722 912 4774 sunt
935 4714 969 4774 in
993 4715 1095 4775 rebus
1118 4714 1253 4775 bellicis
1276 4733 1342 4776 non
1362 4722 1494 4776 tantum

146 4824 277 4895 validi,
294 4825 357 4888 sed
373 4827 515 4888 nimium
531 4828 645 4900 astuti,
661 4828 780 4891 dolose
799 4829 834 4891 in
850 4827 1030 4900 Naraeam,
1043 4847 1064 4890 a
1079 4839 1177 4912 tergo
1193 4829 1358 4901 relictam,
1371 4830 1495 4911 pedem

146 4941 314 5004 retulere.
340 4939 400 5002 Ad
424 4941 520 5005 cuius
542 4941 695 5005 fabricae
714 4944 869 5005 nuntium
885 4944 1001 5025 plures
1016 4945 1255 5025 imperialium,
1272 4944 1330 5025 qui
1350 4946 1495 5007 multum

146 5057 332 5139 peditatus
355 5066 390 5119 et
413 5058 584 5137 equitatus
606 5061 642 5121 in
665 5060 834 5123 auxillum
857 5061 1012 5141 proregis
1040 5062 1264 5132 contulerant,
1281 5061 1420 5122 domum
1436 5062 1495 5123 ab·

145 5182 370 5247 scesserunt;
398 5193 460 5237 nec
490 5176 591 5257 pauci
622 5178 665 5238 de
696 5177 850 5239 exercitu
881 5176 957 5239 Ras
988 5172 1070 5239 Selii
1100 5173 1263 5249 Christos,
1295 5177 1495 5257 impellente
