4124 6182
680 569 795 619 Lmen
819 569 844 627 1,
868 565 992 617 cneus
1016 566 1099 616 x1v.
1496 567 1554 625 123

215 719 316 782 nuele
341 718 511 783 Ludovici
535 739 581 782 ex
604 721 775 783 territorio
799 715 1079 787 Conimbricensi,
1103 723 1180 796 post
1203 714 1372 776 decimum
1396 722 1554 793 quartum

216 835 308 897 diem
333 832 539 899 Socotoram
563 844 615 898 est
630 836 765 898 delatus
780 844 813 897 et
829 835 994 916 sequenti,
1011 835 1163 914 inquam
1180 830 1360 892 sabbatum
1377 828 1552 895 inciderat,

216 951 279 1013 sub
302 970 472 1023 auroram,
497 970 573 1014 cum
596 950 666 1023 Dii,
692 971 738 1014 ex
762 960 843 1012 voto
863 947 1013 1031 Magnae
1029 946 1132 1009 Matri
1149 967 1169 1008 a
1185 942 1454 1026 Capuccinorum
1470 940 1553 1002 Cae·

219 1067 405 1131 nobiarcha
427 1088 490 1150 pro
513 1068 733 1131 Patriarehae
750 1065 972 1149 expeditione
992 1065 1162 1135 litabatur,
1186 1061 1393 1125 trierarchus
1420 1067 1554 1140 praeter

217 1203 345 1246 morem
371 1183 542 1267 evigilans
564 1196 597 1246 et
629 1184 672 1246 ad
703 1201 840 1264 proram
864 1181 1042 1251 accedens,
1074 1198 1167 1241 mare
1199 1178 1285 1239 vidit
1314 1196 1359 1238 ex
1387 1194 1495 1256 aquae
1519 1174 1552 1234 in

217 1300 367 1363 vicinam
390 1320 508 1383 rupem
531 1319 731 1382 repercussu
754 1298 965 1362 efflorescere
996 1297 1322 1375 conversionemque
1354 1293 1552 1361 inclamans,

218 1417 394 1499 navigium
417 1417 504 1479 alias
526 1414 772 1486 refractarium,
797 1414 891 1477 illico
912 1415 1018 1476 sensit
1034 1413 1121 1474 miro
1137 1409 1303 1491 obsequio
1320 1410 1354 1470 in
1372 1409 1552 1470 adversum

216 1529 307 1594 flecti
331 1542 365 1595 et
389 1533 529 1596 latentis
552 1534 629 1595 saxi
653 1533 796 1595 insidias
818 1532 958 1616 evitare.

308 1669 337 1727 7.
361 1648 562 1732 Aquatione
585 1667 648 1730 per
670 1648 811 1710 biduum
843 1645 945 1717 facta,
977 1646 1158 1708 undecimo
1180 1644 1349 1706 kalendas
1373 1641 1454 1704 maii
1474 1642 1553 1703 vela
1580 1638 1814 1776 “gemapia
1814 1640 1900 1761 3¹1⁸

216 1766 251 1827 in
274 1763 505 1847 Erythraeum
529 1784 622 1828 mare
646 1767 886 1837 convertimus,
911 1784 932 1826 a
955 1783 1033 1846 quo,
1057 1780 1135 1825 cum
1158 1772 1237 1842 post
1260 1780 1384 1822 nonam
1408 1760 1497 1821 diem
1515 1778 1552 1820 se

216 1882 355 1964 longius
374 1881 489 1944 adhuc
519 1882 640 1944 abesse
671 1882 821 1944 triremis
851 1881 1016 1963 magister
1045 1886 1191 1959 putaret,
1215 1877 1392 1958 inopinato
1427 1875 1470 1937 ad
1494 1893 1552 1936 ve-

214 2015 354 2078 speram
377 1998 478 2061 nobis
494 1998 587 2061 illius
603 1997 720 2061 fauces
735 1998 860 2080 aperiri
875 2005 1071 2079 coeperunt,
1087 2013 1212 2076 easque
1231 2012 1394 2074 suspensa
1411 2012 1430 2054 e
1446 1993 1551 2073 puppi

213 2114 306 2175 cerei
322 2131 387 2194 per
402 2123 538 2176 noctem
554 2114 758 2176 collucentis
774 2113 850 2176 loco
866 2113 1091 2175 Beatissimae
1106 2110 1174 2173 Dei
1190 2109 1341 2191 parentis
1358 2109 1506 2190 imagine
1518 2118 1552 2170 et

212 2229 408 2291 decantatis
432 2230 475 2292 ad
507 2231 713 2293 musicorum
744 2231 1046 2291 instrumentorum
1077 2236 1290 2297 concentum,
1315 2226 1422 2307 ipsius
1452 2243 1552 2306 roga-

212 2346 367 2409 tionibus
390 2355 424 2408 et
452 2344 690 2408 Hebraeorum
718 2346 753 2408 in
780 2346 902 2407 eodem
925 2344 1062 2426 pelag0,
1086 2345 1243 2406 demerso
1267 2341 1456 2411 Pharaone,
1481 2342 1551 2421 epi·

212 2461 331 2523 niciis:
358 2459 540 2525 Cantemus
561 2461 722 2534 Demoleo,
743 2461 889 2547 gloriose
911 2460 1001 2525 enim
1024 2460 1265 2545 magnificatus
1288 2461 1353 2521 est:
1375 2477 1495 2540 equum
1518 2461 1553 2518 et

211 2595 420 2639 ascensorem
442 2576 563 2641 dct'ecit
584 2577 621 2640 in
644 2598 740 2641 more
755 2577 810 2661 (1),
834 2576 968 2649 festive,
993 2574 1184 2657 festinaque
1208 2576 1243 2637 in
1266 2575 1342 2655 ipso
1365 2574 1550 2636 conticinio

211 2695 424 2756 tumentibus
458 2704 537 2776 apte
571 2694 668 2766 velis,
704 2696 793 2757 inter
826 2693 1040 2756 obiacentem
1077 2694 1198 2755 mediis
1237 2693 1271 2753 in
1310 2689 1465 2752 faucibus
1500 2690 1549 2751 in·

211 2810 323 2872 sulam
349 2820 384 2872 et
408 2811 542 2873 laevam
565 2810 774 2892 Aethiopiae
797 2829 902 2881 oram,
926 2809 1184 2879 transmisimus
1213 2808 1334 2870 incerti
1365 2807 1422 2868 ubi
1450 2807 1550 2868 nobis

211 2945 402 2988 exscensus
425 2928 459 2988 in
483 2939 607 2989 terram
632 2937 722 2990 esset
745 2925 932 2989 faciendus.
956 2926 1049 2988 illud
1076 2926 1167 2987 enim
1194 2934 1326 2987 tantum
1343 2932 1458 3005 patres
1478 2921 1549 2985 Ae·

209 3040 355 3122 thiopici
380 3060 442 3122 per
471 3042 604 3105 litteras
635 3044 670 3105 in
702 3043 872 3104 mandatis
902 3042 1076 3113 dederant,
1104 3050 1140 3103 ut
1164 3040 1373 3121 Baylurium,
1401 3038 1444 3100 ad
1469 3038 1548 3099 sini-

210 3167 316 3219 stram
350 3157 535 3221 discretum
566 3158 708 3241 triginta
739 3179 802 3221 sex
836 3159 1040 3220 milliaribus
1070 3177 1091 3217 a
1122 3156 1233 3219 Rubri
1269 3153 1347 3217 freti
1372 3155 1547 3236 augustiis,

209 3293 453 3355 quaereremus
476 3273 592 3355 ibique
607 3275 767 3338 dimissos
783 3277 827 3337 ab
843 3294 880 3337 se
900 3276 1036 3336 nuntios
1053 3275 1228 3335 inventum
1245 3271 1296 3333 iri.
1314 3271 1462 3333 Biduum
1479 3273 1548 3333 col-

210 3389 310 3452 lectis
334 3388 423 3451 velis
446 3408 539 3452 mare
559 3389 623 3451 hac
651 3390 798 3471 illacque
814 3390 1031 3461 sulcavimus,
1048 3398 1082 3451 et
1098 3409 1119 3451 a
1134 3388 1277 3451 meridie
1292 3388 1547 3469 exploratorem

208 3507 349 3568 arabice
373 3506 555 3568 callentem
587 3508 622 3568 in
653 3516 777 3569 terram
802 3508 987 3579 emisimus,
1012 3508 1068 3588 qui
1092 3516 1277 3588 quaternas
1307 3504 1441 3567 celoces
1475 3522 1547 3566 ara-

207 3623 306 3685 bicas
330 3622 414 3683 illuc
438 3641 483 3684 ex
507 3622 652 3684 adverso
669 3621 818 3704 Moquae
835 3623 948 3685 littore
972 3623 1170 3706 negotiandi
1195 3641 1297 3684 causa
1320 3622 1493 3693 advectas,
1511 3640 1548 3682 se

208 3758 291 3819 prae
327 3746 421 3800 metu
455 3749 647 3802 nostrarum
679 3741 815 3801 navium
847 3749 1066 3802 rostratarum
1099 3748 1133 3802 et
1163 3740 1267 3801 remis
1296 3739 1547 3808 instructarum,

208 3854 382 3917 mercibus
406 3854 440 3916 in
464 3863 589 3917 terram
613 3856 757 3928 emissis,
782 3856 946 3927 levantes,
971 3866 1005 3918 et
1030 3853 1133 3937 fugae
1157 3864 1402 3936 praeparantes
1424 3855 1546 3916 timore

209 3970 389 4042 liberavit3
425 3971 544 4034 dicens
566 3982 636 4034 tres
660 3972 739 4033 illas
762 3991 869 4034 naves
893 3971 1024 4034 indicas
1055 3992 1163 4054 aquae
1186 3972 1327 4052 penuria
1357 3972 1439 4033 illuc
1470 3992 1546 4053 per·
1608 3958 1828 4083 ff'yffiffinff
1853 3974 1895 4080 {g

207 4088 356 4156 venisse,
381 4085 477 4148 illam
501 4086 592 4149 velle
615 4088 752 4151 collatis
775 4089 972 4151 muneribus
986 4089 1122 4150 haurire
1138 4097 1173 4150 et
1189 4090 1279 4149 viam
1297 4086 1440 4170 pacifice
1456 4108 1545 4151 eme·
1573 4049 1662 4158 iim.

207 4205 275 4266 tiri.
301 4202 386 4266 Loci
410 4201 604 4285 praefectus
628 4203 798 4286 (Xequem
823 4205 951 4277 dicunt)
978 4224 1023 4267 ex
1055 4225 1104 4276 ea,
1136 4225 1203 4287 qua
1234 4205 1462 4285 premebatur,
1487 4226 1545 4268 an·

162 4388 168 4399 ,
207 4322 341 4382 xietate
354 4320 536 4401 respirans,
549 4318 605 4383 *se
617 4321 784 4401 quidquid
797 4338 905 4399 aquae
917 4340 1002 4401 opus
1014 4329 1105 4382 esset
1117 4320 1349 4401 praebiturum
1359 4320 1544 4401 pollicitus,

206 4435 395 4498 dummodo
419 4447 562 4518 accepta
584 4456 687 4518 quam
711 4439 858 4518 primum
881 4436 1098 4508 facesserent,
1122 4439 1259 4501 obsides
1281 4435 1458 4500 offerebat.
1475 4435 1546 4500 Eos

205 4564 324 4613 tamen
348 4550 550 4632 explorator
571 4554 752 4625 recusavit,
777 4573 823 4625 se,
840 4553 921 4616 data
940 4551 1018 4625 fide,
1034 4555 1178 4616 navibus
1194 4555 1227 4615 in
1245 4554 1335 4615 diem
1352 4554 1544 4634 proximam

205 4678 321 4729 terrae
343 4657 559 4746 applicandis
581 4668 809 4750 obstringens.
833 4666 879 4730 Et
903 4688 964 4750 per
987 4680 1121 4732 noctem
1138 4670 1322 4750 explanate
1337 4670 1448 4732 eidem
1465 4689 1544 4750 ape·

206 4783 285 4852 ruit,
311 4789 437 4862 patres,
469 4781 652 4863 aethiopici
684 4782 906 4865 Imperatoris
937 4786 1129 4868 magistros,
1163 4786 1269 4866 ipsius
1300 4787 1403 4848 ductu
1435 4787 1543 4848 amice

205 4899 241 4959 in
265 4915 346 4959 eum
370 4906 506 4977 portum
530 4895 674 4973 deferri;
699 4901 810 4981 iisque
833 4900 867 4960 in
890 4910 1014 4962 terram
1036 4903 1213 4982 expositis,
1239 4920 1345 4965 naves
1367 4905 1543 4984 extemplo

296 5148 335 5209 (1)
355 5145 450 5203 Exod„
473 5155 512 5207 15,
532 5162 556 5198 n.
579 5157 601 5198 Ι.
