<?xml version="1.0" encoding="UTF-8"?>
<!DOCTYPE html PUBLIC "-//W3C//DTD XHTML 1.0 Transitional//EN"
    "http://www.w3.org/TR/xhtml1/DTD/xhtml1-transitional.dtd">
<html xmlns="http://www.w3.org/1999/xhtml" xml:lang="en" lang="en">
 <head>
  <title>
</title>
<meta http-equiv="Content-Type" content="text/html;charset=utf-8" />
  <meta name='ocr-system' content='tesseract 3.04.00' />
  <meta name='ocr-capabilities' content='ocr_page ocr_carea ocr_par ocr_line ocrx_word'/>
</head>
<body>
  <div class='ocr_page' id='page_1' title='image "./rerumaethiopica00beccgoog_0238.png"; bbox 0 0 4058 6178; ppageno 0'>
   <div class='ocr_carea' id='block_1_1' title="bbox 623 554 1485 630">
    <p class='ocr_par' dir='ltr' id='par_1_1' title="bbox 623 554 1485 630">
     <span class='ocr_line' id='line_1_1' title="bbox 623 554 1485 630; baseline 0.003 -21"><span class='ocrx_word' id='word_1_1' title='bbox 623 561 739 610; x_wconf 76' lang='lat' dir='ltr'>arnas</span> <span class='ocrx_word' id='word_1_2' title='bbox 762 562 801 619; x_wconf 87' lang='lat' dir='ltr'>n,</span> <span class='ocrx_word' id='word_1_3' title='bbox 833 560 958 610; x_wconf 75' lang='lat' dir='ltr'>aaron</span> <span class='ocrx_word' id='word_1_4' title='bbox 980 563 1021 611; x_wconf 89' lang='lat'>11.</span> <span class='ocrx_word' id='word_1_5' title='bbox 1427 554 1485 630; x_wconf 83' lang='lat'>167</span> 
     </span>
    </p>
   </div>
   <div class='ocr_carea' id='block_1_2' title="bbox 31 708 1834 4846">
    <p class='ocr_par' dir='ltr' id='par_1_2' title="bbox 31 708 1834 4846">
     <span class='ocr_line' id='line_1_2' title="bbox 149 708 1486 795; baseline 0.002 -25"><span class='ocrx_word' id='word_1_6' title='bbox 149 710 253 771; x_wconf 89' lang='lat' dir='ltr'>etiam</span> <span class='ocrx_word' id='word_1_7' title='bbox 272 710 401 781; x_wconf 89' lang='lat' dir='ltr'>aridos,</span> <span class='ocrx_word' id='word_1_8' title='bbox 418 710 509 792; x_wconf 89' lang='lat' dir='ltr'>apud</span> <span class='ocrx_word' id='word_1_9' title='bbox 523 708 740 782; x_wconf 90' lang='lat' dir='ltr'>Dioscorum,</span> <span class='ocrx_word' id='word_1_10' title='bbox 754 708 982 782; x_wconf 82' lang='lat' dir='ltr'>Timotheum,</span> <span class='ocrx_word' id='word_1_11' title='bbox 999 710 1179 782; x_wconf 86' lang='lat' dir='ltr'>Aelurum,</span> <span class='ocrx_word' id='word_1_12' title='bbox 1202 710 1357 795; x_wconf 78' lang='lat' dir='ltr'>Magum,</span> <span class='ocrx_word' id='word_1_13' title='bbox 1377 710 1486 774; x_wconf 85' lang='lat' dir='ltr'>Theo·</span> 
     </span>
     <span class='ocr_line' id='line_1_3' title="bbox 151 823 1488 909; baseline 0.003 -23"><span class='ocrx_word' id='word_1_14' title='bbox 151 825 284 887; x_wconf 85' lang='lat' dir='ltr'>dasium</span> <span class='ocrx_word' id='word_1_15' title='bbox 310 835 346 888; x_wconf 91' lang='lat' dir='ltr'>et</span> <span class='ocrx_word' id='word_1_16' title='bbox 370 824 459 888; x_wconf 91' lang='lat' dir='ltr'>alios</span> <span class='ocrx_word' id='word_1_17' title='bbox 480 825 633 889; x_wconf 85' lang='lat' dir='ltr'>eiusdem</span> <span class='ocrx_word' id='word_1_18' title='bbox 658 823 789 888; x_wconf 84' lang='lat' dir='ltr'>farinae</span> <span class='ocrx_word' id='word_1_19' title='bbox 811 835 977 907; x_wconf 85' lang='lat' dir='ltr'>repertos,</span> <span class='ocrx_word' id='word_1_20' title='bbox 1000 837 1035 890; x_wconf 91' lang='lat' dir='ltr'>et</span> <span class='ocrx_word' id='word_1_21' title='bbox 1059 847 1180 891; x_wconf 79' lang='lat' dir='ltr'>aureae</span> <span class='ocrx_word' id='word_1_22' title='bbox 1195 847 1303 891; x_wconf 89' lang='lat' dir='ltr'>venae</span> <span class='ocrx_word' id='word_1_23' title='bbox 1331 830 1488 909; x_wconf 89' lang='lat' dir='ltr'>perenni·</span> 
     </span>
     <span class='ocr_line' id='line_1_4' title="bbox 150 940 1486 1014; baseline 0.003 -11"><span class='ocrx_word' id='word_1_24' title='bbox 150 951 254 1004; x_wconf 88' lang='lat' dir='ltr'>tatem</span> <span class='ocrx_word' id='word_1_25' title='bbox 278 943 423 1005; x_wconf 88' lang='lat' dir='ltr'>eosdem</span> <span class='ocrx_word' id='word_1_26' title='bbox 446 940 633 1014; x_wconf 84' lang='lat' dir='ltr'>defecisse;</span> <span class='ocrx_word' id='word_1_27' title='bbox 667 952 701 1004; x_wconf 89' lang='lat' dir='ltr'>et</span> <span class='ocrx_word' id='word_1_28' title='bbox 735 940 838 1005; x_wconf 92' lang='lat' dir='ltr'>simul</span> <span class='ocrx_word' id='word_1_29' title='bbox 868 944 969 1005; x_wconf 92' lang='lat' dir='ltr'>vobis</span> <span class='ocrx_word' id='word_1_30' title='bbox 1000 943 1191 1008; x_wconf 88' lang='lat' dir='ltr'>catholicae</span> <span class='ocrx_word' id='word_1_31' title='bbox 1222 942 1300 1008; x_wconf 87' lang='lat' dir='ltr'>fidei</span> <span class='ocrx_word' id='word_1_32' title='bbox 1333 946 1486 1008; x_wconf 84' lang='lat' dir='ltr'>canalem</span> 
     </span>
     <span class='ocr_line' id='line_1_5' title="bbox 150 1058 1489 1141; baseline 0.003 -22"><span class='ocrx_word' id='word_1_33' title='bbox 150 1058 279 1120; x_wconf 89' lang='lat' dir='ltr'>aruisse</span> <span class='ocrx_word' id='word_1_34' title='bbox 303 1067 340 1120; x_wconf 86' lang='lat' dir='ltr'>et</span> <span class='ocrx_word' id='word_1_35' title='bbox 363 1058 542 1121; x_wconf 87' lang='lat' dir='ltr'>veritatem</span> <span class='ocrx_word' id='word_1_36' title='bbox 566 1078 636 1123; x_wconf 91' lang='lat' dir='ltr'>non</span> <span class='ocrx_word' id='word_1_37' title='bbox 659 1060 769 1124; x_wconf 90' lang='lat' dir='ltr'>solum</span> <span class='ocrx_word' id='word_1_38' title='bbox 804 1067 942 1121; x_wconf 88' lang='lat' dir='ltr'>nutasse</span> <span class='ocrx_word' id='word_1_39' title='bbox 976 1067 1011 1122; x_wconf 90' lang='lat' dir='ltr'>et</span> <span class='ocrx_word' id='word_1_40' title='bbox 1037 1059 1229 1131; x_wconf 80' lang='lat' dir='ltr'>vacillasse,</span> <span class='ocrx_word' id='word_1_41' title='bbox 1260 1061 1322 1123; x_wconf 92' lang='lat' dir='ltr'>sed</span> <span class='ocrx_word' id='word_1_42' title='bbox 1337 1062 1489 1141; x_wconf 81' lang='lat' dir='ltr'>&#39;penitus</span> 
     </span>
     <span class='ocr_line' id='line_1_6' title="bbox 150 1170 1488 1261; baseline 0.003 -27"><span class='ocrx_word' id='word_1_43' title='bbox 150 1170 312 1236; x_wconf 89' lang='lat' dir='ltr'>afflictam</span> <span class='ocrx_word' id='word_1_44' title='bbox 338 1174 517 1237; x_wconf 81' lang='lat' dir='ltr'><strong>corruisse.</strong></span> <span class='ocrx_word' id='word_1_45' title='bbox 542 1173 763 1240; x_wconf 82' lang='lat' dir='ltr'>Redeundum</span> <span class='ocrx_word' id='word_1_46' title='bbox 786 1174 895 1261; x_wconf 79' lang='lat' dir='ltr'>c&#39;gr&#39;tur</span> <span class='ocrx_word' id='word_1_47' title='bbox 917 1175 1102 1257; x_wconf 90' lang='lat' dir='ltr'>(concludit</span> <span class='ocrx_word' id='word_1_48' title='bbox 1124 1172 1329 1259; x_wconf 84' lang='lat' dir='ltr'><strong>Cyprianus)</strong></span> <span class='ocrx_word' id='word_1_49' title='bbox 1355 1175 1403 1239; x_wconf 87' lang='lat' dir='ltr'>ad</span> <span class='ocrx_word' id='word_1_50' title='bbox 1421 1175 1488 1238; x_wconf 84' lang='lat' dir='ltr'>ari-</span> 
     </span>
     <span class='ocr_line' id='line_1_7' title="bbox 145 1287 1486 1377; baseline 0.001 -25"><span class='ocrx_word' id='word_1_51' title='bbox 145 1289 261 1372; x_wconf 80' lang='lat' dir='ltr'>gr&#39;nem</span> <span class='ocrx_word' id='word_1_52' title='bbox 285 1287 489 1354; x_wconf 74' lang='lat' dir='ltr'>dominicam</span> <span class='ocrx_word' id='word_1_53' title='bbox 504 1296 539 1354; x_wconf 80' lang='lat' dir='ltr'>et</span> <span class='ocrx_word' id='word_1_54' title='bbox 558 1292 784 1377; x_wconf 72' lang='lat' dir='ltr'>evangelicam</span> <span class='ocrx_word' id='word_1_55' title='bbox 806 1290 1075 1377; x_wconf 72' lang='lat' dir='ltr'>adapostolicam</span> <span class='ocrx_word' id='word_1_56' title='bbox 1099 1290 1315 1356; x_wconf 79' lang='lat' dir='ltr'>traditionem</span> <span class='ocrx_word' id='word_1_57' title='bbox 1343 1291 1419 1372; x_wconf 79' lang='lat' dir='ltr'>(hoc</span> <span class='ocrx_word' id='word_1_58' title='bbox 1434 1303 1486 1355; x_wconf 91' lang='lat' dir='ltr'>est</span> 
     </span>
     <span class='ocr_line' id='line_1_8' title="bbox 31 1402 1487 1479; baseline 0.001 -11"><span class='ocrx_word' id='word_1_59' title='bbox 31 1420 48 1471; x_wconf 86' lang='lat' dir='ltr'>t.</span> <span class='ocrx_word' id='word_1_60' title='bbox 64 1419 124 1475; x_wconf 71' lang='lat' dir='ltr'>sm.</span> <span class='ocrx_word' id='word_1_61' title='bbox 150 1406 192 1468; x_wconf 85' lang='lat' dir='ltr'>ad</span> <span class='ocrx_word' id='word_1_62' title='bbox 215 1402 407 1478; x_wconf 88' lang='lat' dir='ltr'>Christum,</span> <span class='ocrx_word' id='word_1_63' title='bbox 431 1405 580 1479; x_wconf 91' lang='lat' dir='ltr'>Petrum,</span> <span class='ocrx_word' id='word_1_64' title='bbox 612 1406 778 1479; x_wconf 86' lang='lat' dir='ltr'>Marcum,</span> <span class='ocrx_word' id='word_1_65' title='bbox 809 1403 1069 1479; x_wconf 80' lang='lat' dir='ltr'>*Athanasium</span> <span class='ocrx_word' id='word_1_66' title='bbox 1099 1406 1344 1479; x_wconf 90' lang='lat' dir='ltr'>Frumentium,</span> <span class='ocrx_word' id='word_1_67' title='bbox 1374 1407 1487 1471; x_wconf 89' lang='lat' dir='ltr'>Theo·</span> 
     </span>
     <span class='ocr_line' id='line_1_9' title="bbox 150 1521 1489 1610; baseline 0.003 -27"><span class='ocrx_word' id='word_1_68' title='bbox 150 1521 282 1603; x_wconf 89' lang='lat' dir='ltr'>philum</span> <span class='ocrx_word' id='word_1_69' title='bbox 310 1534 344 1586; x_wconf 90' lang='lat' dir='ltr'>et</span> <span class='ocrx_word' id='word_1_70' title='bbox 368 1522 549 1607; x_wconf 82' lang='lat' dir='ltr'>Cyrillum)</span> <span class='ocrx_word' id='word_1_71' title='bbox 571 1528 613 1587; x_wconf 80' lang='lat' dir='ltr'>at</span> <span class='ocrx_word' id='word_1_72' title='bbox 633 1523 712 1587; x_wconf 80' lang='lat' dir='ltr'>inde</span> <span class='ocrx_word' id='word_1_73' title='bbox 733 1528 857 1610; x_wconf 78' lang='lat' dir='ltr'><em>surgat</em></span> <span class='ocrx_word' id='word_1_74' title='bbox 876 1528 970 1586; x_wconf 76' lang='lat' dir='ltr'>actm</span> <span class='ocrx_word' id='word_1_75' title='bbox 991 1523 1106 1588; x_wconf 70' lang='lat' dir='ltr'>nostra·</span> <span class='ocrx_word' id='word_1_76' title='bbox 1125 1524 1224 1594; x_wconf 77' lang='lat' dir='ltr'>ratio,</span> <span class='ocrx_word' id='word_1_77' title='bbox 1248 1523 1337 1588; x_wconf 80' lang='lat' dir='ltr'>unde</span> <span class='ocrx_word' id='word_1_78' title='bbox 1351 1524 1432 1588; x_wconf 79' lang='lat' dir='ltr'>orda</span> <span class='ocrx_word' id='word_1_79' title='bbox 1454 1529 1489 1587; x_wconf 79' lang='lat' dir='ltr'>el</span> 
     </span>
     <span class='ocr_line' id='line_1_10' title="bbox 148 1636 1486 1723; baseline 0.002 -24"><span class='ocrx_word' id='word_1_80' title='bbox 148 1636 244 1722; x_wconf 69' lang='lat' dir='ltr'>ort&#39;gro</span> <span class='ocrx_word' id='word_1_81' title='bbox 262 1638 440 1723; x_wconf 71' lang='lat' dir='ltr'>processit.</span> <span class='ocrx_word' id='word_1_82' title='bbox 465 1639 627 1703; x_wconf 88' lang='lat' dir='ltr'>Romana</span> <span class='ocrx_word' id='word_1_83' title='bbox 649 1641 754 1722; x_wconf 84' lang='lat' dir='ltr'>igitur</span> <span class='ocrx_word' id='word_1_84' title='bbox 779 1639 937 1703; x_wconf 75' lang='lat' dir='ltr'>Ecclesia</span> <span class='ocrx_word' id='word_1_85' title='bbox 959 1648 1038 1702; x_wconf 89' lang='lat' dir='ltr'>ante</span> <span class='ocrx_word' id='word_1_86' title='bbox 1062 1639 1292 1702; x_wconf 88' lang='lat' dir='ltr'>Frumentium</span> <span class='ocrx_word' id='word_1_87' title='bbox 1317 1650 1352 1702; x_wconf 92' lang='lat' dir='ltr'>et</span> <span class='ocrx_word' id='word_1_88' title='bbox 1377 1639 1486 1703; x_wconf 91' lang='lat' dir='ltr'>Atha-</span> 
     </span>
     <span class='ocr_line' id='line_1_11' title="bbox 149 1755 1329 1839; baseline 0.003 -25"><span class='ocrx_word' id='word_1_89' title='bbox 149 1755 283 1817; x_wconf 89' lang='lat' dir='ltr'>nasium</span> <span class='ocrx_word' id='word_1_90' title='bbox 310 1763 425 1817; x_wconf 90' lang='lat' dir='ltr'>vestra</span> <span class='ocrx_word' id='word_1_91' title='bbox 447 1766 500 1818; x_wconf 89' lang='lat' dir='ltr'>est</span> <span class='ocrx_word' id='word_1_92' title='bbox 522 1755 632 1839; x_wconf 88' lang='lat' dir='ltr'>origo,</span> <span class='ocrx_word' id='word_1_93' title='bbox 655 1756 699 1818; x_wconf 91' lang='lat' dir='ltr'>ad</span> <span class='ocrx_word' id='word_1_94' title='bbox 723 1756 819 1819; x_wconf 90' lang='lat' dir='ltr'>illam</span> <span class='ocrx_word' id='word_1_95' title='bbox 843 1757 1028 1818; x_wconf 80' lang='lat' dir='ltr'>censemini</span> <span class='ocrx_word' id='word_1_96' title='bbox 1051 1765 1086 1818; x_wconf 91' lang='lat' dir='ltr'>et</span> <span class='ocrx_word' id='word_1_97' title='bbox 1109 1755 1329 1818; x_wconf 84' lang='lat' dir='ltr'>revertimini.</span> 
     </span>
     <span class='ocr_line' id='line_1_12' title="bbox 240 1868 1833 1962; baseline -0.003 -30"><span class='ocrx_word' id='word_1_98' title='bbox 240 1889 295 1949; x_wconf 82' lang='lat'>30.</span> <span class='ocrx_word' id='word_1_99' title='bbox 321 1868 362 1932; x_wconf 85' lang='lat' dir='ltr'>ln</span> <span class='ocrx_word' id='word_1_100' title='bbox 385 1871 509 1934; x_wconf 89' lang='lat' dir='ltr'>vestris</span> <span class='ocrx_word' id='word_1_101' title='bbox 532 1872 657 1935; x_wconf 87' lang='lat' dir='ltr'>etenim</span> <span class='ocrx_word' id='word_1_102' title='bbox 680 1871 824 1954; x_wconf 82' lang='lat' dir='ltr'>synodis</span> <span class='ocrx_word' id='word_1_103' title='bbox 846 1873 934 1934; x_wconf 87' lang='lat' dir='ltr'>inter</span> <span class='ocrx_word' id='word_1_104' title='bbox 952 1872 1065 1953; x_wconf 89' lang='lat' dir='ltr'>capita</span> <span class='ocrx_word' id='word_1_105' title='bbox 1081 1871 1217 1934; x_wconf 91' lang='lat' dir='ltr'>concilii</span> <span class='ocrx_word' id='word_1_106' title='bbox 1233 1870 1376 1935; x_wconf 88' lang='lat' dir='ltr'>Nicaeni</span> <span class='ocrx_word' id='word_1_107' title='bbox 1399 1871 1486 1933; x_wconf 93' lang='lat' dir='ltr'>illud</span> <span class='ocrx_word' id='word_1_108' title='bbox 1548 1879 1680 1962; x_wconf 70' lang='lat' dir='ltr'>synodus</span> <span class='ocrx_word' id='word_1_109' title='bbox 1708 1877 1833 1929; x_wconf 65' lang='lat' dir='ltr'>Nicaea·</span> 
     </span>
     <span class='ocr_line' id='line_1_13' title="bbox 148 1950 1687 2072; baseline 0.001 -25"><span class='ocrx_word' id='word_1_110' title='bbox 148 1986 335 2068; x_wconf 89' lang='lat' dir='ltr'>reperitur:</span> <span class='ocrx_word' id='word_1_111' title='bbox 361 1986 520 2067; x_wconf 81' lang='lat' dir='ltr'>Quatuar</span> <span class='ocrx_word' id='word_1_112' title='bbox 540 1992 624 2050; x_wconf 81' lang='lat' dir='ltr'>sunt</span> <span class='ocrx_word' id='word_1_113' title='bbox 640 1987 843 2072; x_wconf 61' lang='lat' dir='ltr'>praeceptae</span> <span class='ocrx_word' id='word_1_114' title='bbox 864 1992 933 2051; x_wconf 81' lang='lat' dir='ltr'>tota</span> <span class='ocrx_word' id='word_1_115' title='bbox 955 1987 1029 2052; x_wconf 83' lang='lat' dir='ltr'>orbe</span> <span class='ocrx_word' id='word_1_116' title='bbox 1041 1988 1143 2059; x_wconf 87' lang='lat' dir='ltr'>sedes,</span> <span class='ocrx_word' id='word_1_117' title='bbox 1158 1987 1247 2051; x_wconf 69' lang='lat' dir='ltr'>secut</span> <span class='ocrx_word' id='word_1_118' title='bbox 1259 1989 1485 2072; x_wconf 78' lang='lat' dir='ltr'>quatrmrflu·</span> <span class='ocrx_word' id='word_1_119' title='bbox 1512 1950 1687 2013; x_wconf 50' lang='lat' dir='ltr'>mmm</span> 
     </span>
     <span class='ocr_line' id='line_1_14' title="bbox 148 2100 1486 2188; baseline 0.001 -25"><span class='ocrx_word' id='word_1_120' title='bbox 148 2101 243 2164; x_wconf 71' lang='lat' dir='ltr'>merca</span> <span class='ocrx_word' id='word_1_121' title='bbox 267 2121 357 2187; x_wconf 77' lang='lat' dir='ltr'>puae</span> <span class='ocrx_word' id='word_1_122' title='bbox 378 2122 397 2164; x_wconf 88' lang='lat' dir='ltr'>e</span> <span class='ocrx_word' id='word_1_123' title='bbox 414 2100 577 2187; x_wconf 73' lang='lat' dir='ltr'>paradiso</span> <span class='ocrx_word' id='word_1_124' title='bbox 599 2102 830 2188; x_wconf 67' lang='lat' dir='ltr'>egrederentur,</span> <span class='ocrx_word' id='word_1_125' title='bbox 854 2109 1001 2188; x_wconf 68' lang='lat' dir='ltr'>qualiter</span> <span class='ocrx_word' id='word_1_126' title='bbox 1021 2104 1116 2167; x_wconf 73' lang='lat' dir='ltr'>venti</span> <span class='ocrx_word' id='word_1_127' title='bbox 1134 2103 1343 2167; x_wconf 80' lang='lat' dir='ltr'>universales</span> <span class='ocrx_word' id='word_1_128' title='bbox 1356 2107 1391 2165; x_wconf 82' lang='lat' dir='ltr'>et</span> <span class='ocrx_word' id='word_1_129' title='bbox 1405 2123 1486 2186; x_wconf 84' lang='lat' dir='ltr'>qua·</span> 
     </span>
     <span class='ocr_line' id='line_1_15' title="bbox 148 2216 1485 2304; baseline 0.001 -26"><span class='ocrx_word' id='word_1_130' title='bbox 148 2221 226 2280; x_wconf 78' lang='lat' dir='ltr'>tuor</span> <span class='ocrx_word' id='word_1_131' title='bbox 249 2216 428 2282; x_wconf 85' lang='lat' dir='ltr'>elementa.</span> <span class='ocrx_word' id='word_1_132' title='bbox 451 2216 523 2282; x_wconf 86' lang='lat' dir='ltr'>Sed</span> <span class='ocrx_word' id='word_1_133' title='bbox 541 2225 643 2304; x_wconf 81' lang='lat' dir='ltr'>super</span> <span class='ocrx_word' id='word_1_134' title='bbox 665 2239 778 2283; x_wconf 84' lang='lat' dir='ltr'>amnes</span> <span class='ocrx_word' id='word_1_135' title='bbox 799 2218 898 2283; x_wconf 80' lang='lat' dir='ltr'>hahet</span> <span class='ocrx_word' id='word_1_136' title='bbox 918 2219 1151 2283; x_wconf 73' lang='lat' dir='ltr'>excellentiam</span> <span class='ocrx_word' id='word_1_137' title='bbox 1173 2223 1207 2282; x_wconf 84' lang='lat' dir='ltr'>et</span> <span class='ocrx_word' id='word_1_138' title='bbox 1222 2218 1410 2303; x_wconf 79' lang='lat' dir='ltr'>prirnahcm</span> <span class='ocrx_word' id='word_1_139' title='bbox 1433 2236 1485 2279; x_wconf 88' lang='lat' dir='ltr'>ca·</span> 
     </span>
     <span class='ocr_line' id='line_1_16' title="bbox 148 2331 1487 2421; baseline 0 -26"><span class='ocrx_word' id='word_1_140' title='bbox 148 2331 272 2396; x_wconf 80' lang='lat' dir='ltr'>thedra</span> <span class='ocrx_word' id='word_1_141' title='bbox 297 2353 323 2395; x_wconf 87' lang='lat' dir='ltr'>s.</span> <span class='ocrx_word' id='word_1_142' title='bbox 348 2333 449 2397; x_wconf 84' lang='lat' dir='ltr'>Petri</span> <span class='ocrx_word' id='word_1_143' title='bbox 461 2333 600 2399; x_wconf 84' lang='lat' dir='ltr'>Romae.</span> <span class='ocrx_word' id='word_1_144' title='bbox 624 2335 713 2398; x_wconf 78' lang='lat' dir='ltr'>sicut</span> <span class='ocrx_word' id='word_1_145' title='bbox 734 2334 923 2421; x_wconf 78' lang='lat' dir='ltr'>apostolum</span> <span class='ocrx_word' id='word_1_146' title='bbox 939 2335 1017 2418; x_wconf 90' lang='lat' dir='ltr'>[sic]</span> <span class='ocrx_word' id='word_1_147' title='bbox 1032 2336 1236 2403; x_wconf 78' lang='lat' dir='ltr'>doaccrurct:</span> <span class='ocrx_word' id='word_1_148' title='bbox 1257 2331 1398 2398; x_wconf 79' lang='lat' dir='ltr'>secunda</span> <span class='ocrx_word' id='word_1_149' title='bbox 1419 2332 1487 2396; x_wconf 86' lang='lat' dir='ltr'>loco</span> 
     </span>
     <span class='ocr_line' id='line_1_17' title="bbox 151 2447 1486 2535; baseline 0 -25"><span class='ocrx_word' id='word_1_150' title='bbox 151 2452 203 2511; x_wconf 79' lang='lat' dir='ltr'>est</span> <span class='ocrx_word' id='word_1_151' title='bbox 215 2447 383 2513; x_wconf 78' lang='lat' dir='ltr'>cathedra</span> <span class='ocrx_word' id='word_1_152' title='bbox 406 2449 653 2526; x_wconf 74' lang='lat' dir='ltr'>Alexandriae,</span> <span class='ocrx_word' id='word_1_153' title='bbox 675 2472 701 2515; x_wconf 87' lang='lat' dir='ltr'>s.</span> <span class='ocrx_word' id='word_1_154' title='bbox 725 2451 867 2522; x_wconf 71' lang='lat' dir='ltr'>Marci:</span> <span class='ocrx_word' id='word_1_155' title='bbox 887 2451 987 2515; x_wconf 81' lang='lat' dir='ltr'>tertia</span> <span class='ocrx_word' id='word_1_156' title='bbox 1009 2448 1166 2514; x_wconf 76' lang='lat' dir='ltr'>cathedra</span> <span class='ocrx_word' id='word_1_157' title='bbox 1180 2449 1365 2535; x_wconf 75' lang='lat' dir='ltr'>Ephesina,</span> <span class='ocrx_word' id='word_1_158' title='bbox 1387 2470 1413 2512; x_wconf 89' lang='lat' dir='ltr'>s.</span> <span class='ocrx_word' id='word_1_159' title='bbox 1430 2449 1486 2511; x_wconf 89' lang='lat' dir='ltr'>Ia·</span> 
     </span>
     <span class='ocr_line' id='line_1_18' title="bbox 148 2564 1491 2653; baseline 0.001 -27"><span class='ocrx_word' id='word_1_160' title='bbox 148 2565 254 2628; x_wconf 83' lang='lat' dir='ltr'>annis</span> <span class='ocrx_word' id='word_1_161' title='bbox 278 2564 541 2653; x_wconf 75' lang='lat' dir='ltr'>Evangrlr’stae:</span> <span class='ocrx_word' id='word_1_162' title='bbox 564 2572 685 2651; x_wconf 81' lang='lat' dir='ltr'>quarto</span> <span class='ocrx_word' id='word_1_163' title='bbox 707 2564 865 2631; x_wconf 78' lang='lat' dir='ltr'>cathedra</span> <span class='ocrx_word' id='word_1_164' title='bbox 886 2566 1098 2641; x_wconf 81' lang='lat' dir='ltr'>Antiochiae,</span> <span class='ocrx_word' id='word_1_165' title='bbox 1121 2586 1205 2651; x_wconf 82' lang='lat' dir='ltr'>quac</span> <span class='ocrx_word' id='word_1_166' title='bbox 1230 2566 1332 2629; x_wconf 78' lang='lat' dir='ltr'>ettam</span> <span class='ocrx_word' id='word_1_167' title='bbox 1354 2565 1491 2629; x_wconf 77' lang='lat' dir='ltr'>estdioi</span> 
     </span>
     <span class='ocr_line' id='line_1_19' title="bbox 147 2679 1486 2768; baseline 0 -26"><span class='ocrx_word' id='word_1_168' title='bbox 147 2679 257 2743; x_wconf 79' lang='lat' dir='ltr'>Petri.</span> <span class='ocrx_word' id='word_1_169' title='bbox 284 2680 346 2745; x_wconf 83' lang='lat' dir='ltr'>Ex</span> <span class='ocrx_word' id='word_1_170' title='bbox 369 2681 448 2745; x_wconf 71' lang='lat' dir='ltr'>istis</span> <span class='ocrx_word' id='word_1_171' title='bbox 468 2702 582 2748; x_wconf 85' lang='lat' dir='ltr'>amnes</span> <span class='ocrx_word' id='word_1_172' title='bbox 604 2682 771 2747; x_wconf 73' lang='lat' dir='ltr'>Ecclcsa&#39;cze</span> <span class='ocrx_word' id='word_1_173' title='bbox 791 2682 938 2768; x_wconf 70' lang='lat' dir='ltr'>episcopi</span> <span class='ocrx_word' id='word_1_174' title='bbox 952 2683 1147 2767; x_wconf 76' lang='lat' dir='ltr'>procedunt.</span> <span class='ocrx_word' id='word_1_175' title='bbox 1168 2682 1292 2763; x_wconf 83' lang='lat' dir='ltr'>Aeque</span> <span class='ocrx_word' id='word_1_176' title='bbox 1314 2701 1395 2744; x_wconf 90' lang='lat' dir='ltr'>vere</span> <span class='ocrx_word' id='word_1_177' title='bbox 1418 2680 1486 2743; x_wconf 87' lang='lat' dir='ltr'>dici</span> 
     </span>
     <span class='ocr_line' id='line_1_20' title="bbox 148 2798 1487 2880; baseline 0 -20"><span class='ocrx_word' id='word_1_178' title='bbox 148 2806 282 2878; x_wconf 86' lang='lat' dir='ltr'>posset,</span> <span class='ocrx_word' id='word_1_179' title='bbox 305 2816 374 2860; x_wconf 91' lang='lat' dir='ltr'>non</span> <span class='ocrx_word' id='word_1_180' title='bbox 398 2799 510 2861; x_wconf 91' lang='lat' dir='ltr'>solum</span> <span class='ocrx_word' id='word_1_181' title='bbox 533 2819 651 2863; x_wconf 90' lang='lat' dir='ltr'>omnes</span> <span class='ocrx_word' id='word_1_182' title='bbox 674 2799 771 2871; x_wconf 87' lang='lat' dir='ltr'>alias,</span> <span class='ocrx_word' id='word_1_183' title='bbox 794 2800 856 2861; x_wconf 88' lang='lat' dir='ltr'>sed</span> <span class='ocrx_word' id='word_1_184' title='bbox 879 2799 983 2861; x_wconf 91' lang='lat' dir='ltr'>etiam</span> <span class='ocrx_word' id='word_1_185' title='bbox 1007 2818 1053 2860; x_wconf 83' lang='lat' dir='ltr'>ex</span> <span class='ocrx_word' id='word_1_186' title='bbox 1077 2798 1238 2860; x_wconf 88' lang='lat' dir='ltr'>Romana</span> <span class='ocrx_word' id='word_1_187' title='bbox 1253 2799 1337 2861; x_wconf 91' lang='lat' dir='ltr'>istas</span> <span class='ocrx_word' id='word_1_188' title='bbox 1351 2816 1487 2880; x_wconf 85' lang='lat' dir='ltr'>proces·</span> 
     </span>
     <span class='ocr_line' id='line_1_21' title="bbox 148 2911 1485 2994; baseline 0.001 -21"><span class='ocrx_word' id='word_1_189' title='bbox 148 2911 253 2985; x_wconf 89' lang='lat' dir='ltr'>sisse;</span> <span class='ocrx_word' id='word_1_190' title='bbox 279 2931 371 2994; x_wconf 87' lang='lat' dir='ltr'>quae</span> <span class='ocrx_word' id='word_1_191' title='bbox 392 2911 471 2976; x_wconf 94' lang='lat' dir='ltr'>ideo</span> <span class='ocrx_word' id='word_1_192' title='bbox 494 2913 595 2975; x_wconf 83' lang='lat' dir='ltr'>radix</span> <span class='ocrx_word' id='word_1_193' title='bbox 618 2924 670 2977; x_wconf 91' lang='lat' dir='ltr'>est</span> <span class='ocrx_word' id='word_1_194' title='bbox 692 2924 727 2976; x_wconf 89' lang='lat' dir='ltr'>et</span> <span class='ocrx_word' id='word_1_195' title='bbox 750 2914 878 2977; x_wconf 80' lang='lat' dir='ltr'>matrix</span> <span class='ocrx_word' id='word_1_196' title='bbox 901 2916 1052 2977; x_wconf 91' lang='lat' dir='ltr'>omnium</span> <span class='ocrx_word' id='word_1_197' title='bbox 1075 2911 1318 2984; x_wconf 83' lang='lat' dir='ltr'>Ecclesiamm,</span> <span class='ocrx_word' id='word_1_198' title='bbox 1342 2922 1379 2975; x_wconf 91' lang='lat' dir='ltr'>ut</span> <span class='ocrx_word' id='word_1_199' title='bbox 1409 2929 1485 2974; x_wconf 86' lang='lat' dir='ltr'>eam</span> 
     </span>
     <span class='ocr_line' id='line_1_22' title="bbox 147 3026 1485 3111; baseline 0 -23"><span class='ocrx_word' id='word_1_200' title='bbox 147 3038 277 3091; x_wconf 89' lang='lat' dir='ltr'>vocant</span> <span class='ocrx_word' id='word_1_201' title='bbox 301 3037 441 3091; x_wconf 89' lang='lat' dir='ltr'>sanctus</span> <span class='ocrx_word' id='word_1_202' title='bbox 464 3027 656 3111; x_wconf 87' lang='lat' dir='ltr'>Cyprianus</span> <span class='ocrx_word' id='word_1_203' title='bbox 680 3039 713 3092; x_wconf 90' lang='lat' dir='ltr'>et</span> <span class='ocrx_word' id='word_1_204' title='bbox 743 3027 890 3111; x_wconf 88' lang='lat' dir='ltr'>Optatus</span> <span class='ocrx_word' id='word_1_205' title='bbox 913 3029 1160 3093; x_wconf 89' lang='lat' dir='ltr'>Millevitanus.</span> <span class='ocrx_word' id='word_1_206' title='bbox 1184 3026 1255 3092; x_wconf 90' lang='lat' dir='ltr'>Sed</span> <span class='ocrx_word' id='word_1_207' title='bbox 1278 3028 1364 3091; x_wconf 92' lang='lat' dir='ltr'>illud</span> <span class='ocrx_word' id='word_1_208' title='bbox 1395 3027 1485 3108; x_wconf 91' lang='lat' dir='ltr'>capi·</span> 
     </span>
     <span class='ocr_line' id='line_1_23' title="bbox 147 3142 1833 3226; baseline -0.005 -20"><span class='ocrx_word' id='word_1_209' title='bbox 147 3145 270 3215; x_wconf 90' lang='lat' dir='ltr'>tulum,</span> <span class='ocrx_word' id='word_1_210' title='bbox 295 3144 398 3225; x_wconf 93' lang='lat' dir='ltr'>quod,</span> <span class='ocrx_word' id='word_1_211' title='bbox 422 3154 556 3207; x_wconf 88' lang='lat' dir='ltr'>caetera</span> <span class='ocrx_word' id='word_1_212' title='bbox 578 3144 715 3226; x_wconf 88' lang='lat' dir='ltr'>quidem</span> <span class='ocrx_word' id='word_1_213' title='bbox 739 3164 858 3208; x_wconf 90' lang='lat' dir='ltr'>verum</span> <span class='ocrx_word' id='word_1_214' title='bbox 881 3154 944 3217; x_wconf 89' lang='lat' dir='ltr'>est,</span> <span class='ocrx_word' id='word_1_215' title='bbox 968 3146 1070 3208; x_wconf 86' lang='lat' dir='ltr'>valde</span> <span class='ocrx_word' id='word_1_216' title='bbox 1093 3145 1292 3207; x_wconf 91' lang='lat' dir='ltr'>mendosum</span> <span class='ocrx_word' id='word_1_217' title='bbox 1315 3142 1432 3206; x_wconf 89' lang='lat' dir='ltr'>evadit</span> <span class='ocrx_word' id='word_1_218' title='bbox 1450 3143 1484 3204; x_wconf 94' lang='lat' dir='ltr'>in</span> <span class='ocrx_word' id='word_1_219' title='bbox 1547 3153 1634 3200; x_wconf 65' lang='lat' dir='ltr'>error</span> <span class='ocrx_word' id='word_1_220' title='bbox 1657 3150 1692 3199; x_wconf 81' lang='lat' dir='ltr'>de</span> <span class='ocrx_word' id='word_1_221' title='bbox 1715 3149 1833 3213; x_wconf 69' lang='lat' dir='ltr'>patriu-</span> 
     </span>
     <span class='ocr_line' id='line_1_24' title="bbox 147 3220 1832 3357; baseline -0.001 -35"><span class='ocrx_word' id='word_1_222' title='bbox 147 3260 338 3322; x_wconf 88' lang='lat' dir='ltr'>asserendo</span> <span class='ocrx_word' id='word_1_223' title='bbox 364 3257 558 3342; x_wconf 74' lang='lat' dir='ltr'>Ephesinae</span> <span class='ocrx_word' id='word_1_224' title='bbox 587 3259 765 3323; x_wconf 85' lang='lat' dir='ltr'>Ecclesiae</span> <span class='ocrx_word' id='word_1_225' title='bbox 803 3261 1045 3342; x_wconf 86' lang='lat' dir='ltr'>patriarchatu,</span> <span class='ocrx_word' id='word_1_226' title='bbox 1075 3280 1175 3342; x_wconf 90' lang='lat' dir='ltr'>quem</span> <span class='ocrx_word' id='word_1_227' title='bbox 1205 3278 1306 3321; x_wconf 89' lang='lat' dir='ltr'>nemo</span> <span class='ocrx_word' id='word_1_228' title='bbox 1336 3277 1485 3339; x_wconf 89' lang='lat' dir='ltr'>unquam</span> <span class='ocrx_word' id='word_1_229' title='bbox 1511 3220 1832 3357; x_wconf 50' lang='lat' dir='ltr'>ffimfffflgfflz</span> 
     </span>
     <span class='ocr_line' id='line_1_25' title="bbox 146 3363 1833 3485; baseline -0.001 -47"><span class='ocrx_word' id='word_1_230' title='bbox 146 3375 339 3438; x_wconf 88' lang='lat' dir='ltr'>somniavit</span> <span class='ocrx_word' id='word_1_231' title='bbox 361 3385 495 3458; x_wconf 88' lang='lat' dir='ltr'>praeter</span> <span class='ocrx_word' id='word_1_232' title='bbox 516 3376 733 3439; x_wconf 86' lang='lat' dir='ltr'>Timotheum</span> <span class='ocrx_word' id='word_1_233' title='bbox 758 3375 926 3439; x_wconf 89' lang='lat' dir='ltr'>Aelurum</span> <span class='ocrx_word' id='word_1_234' title='bbox 950 3377 994 3439; x_wconf 95' lang='lat' dir='ltr'>ab</span> <span class='ocrx_word' id='word_1_235' title='bbox 1019 3375 1201 3440; x_wconf 88' lang='lat' dir='ltr'>haereticis</span> <span class='ocrx_word' id='word_1_236' title='bbox 1227 3376 1304 3438; x_wconf 93' lang='lat' dir='ltr'>loco</span> <span class='ocrx_word' id='word_1_237' title='bbox 1324 3374 1486 3454; x_wconf 90' lang='lat' dir='ltr'>martyris</span> <span class='ocrx_word' id='word_1_238' title='bbox 1511 3363 1682 3485; x_wconf 45' lang='lat' dir='ltr'>min</span> <span class='ocrx_word' id='word_1_239' title='bbox 1707 3363 1833 3425; x_wconf 50' lang='grc' dir='ltr'>’ΜΨ</span> 
     </span>
     <span class='ocr_line' id='line_1_26' title="bbox 147 3490 1485 3572; baseline -0.001 -19"><span class='ocrx_word' id='word_1_240' title='bbox 147 3491 298 3554; x_wconf 90' lang='lat' dir='ltr'>Proterii</span> <span class='ocrx_word' id='word_1_241' title='bbox 322 3491 357 3554; x_wconf 92' lang='lat' dir='ltr'>in</span> <span class='ocrx_word' id='word_1_242' title='bbox 381 3490 658 3554; x_wconf 80' lang='lat' dir='ltr'>Alexandrinam</span> <span class='ocrx_word' id='word_1_243' title='bbox 682 3493 858 3563; x_wconf 88' lang='lat' dir='ltr'>intrusum,</span> <span class='ocrx_word' id='word_1_244' title='bbox 882 3492 951 3572; x_wconf 91' lang='lat' dir='ltr'>qui,</span> <span class='ocrx_word' id='word_1_245' title='bbox 976 3491 1135 3554; x_wconf 89' lang='lat' dir='ltr'>Basilisci</span> <span class='ocrx_word' id='word_1_246' title='bbox 1159 3491 1373 3572; x_wconf 88' lang='lat' dir='ltr'>imperatoris</span> <span class='ocrx_word' id='word_1_247' title='bbox 1388 3498 1485 3570; x_wconf 91' lang='lat' dir='ltr'>euty-</span> 
     </span>
     <span class='ocr_line' id='line_1_27' title="bbox 148 3605 1486 3690; baseline -0.003 -20"><span class='ocrx_word' id='word_1_248' title='bbox 148 3608 267 3671; x_wconf 88' lang='lat' dir='ltr'>chiani</span> <span class='ocrx_word' id='word_1_249' title='bbox 303 3607 415 3690; x_wconf 83' lang='lat' dir='ltr'>gratia</span> <span class='ocrx_word' id='word_1_250' title='bbox 450 3605 595 3679; x_wconf 87' lang='lat' dir='ltr'>inflatus,</span> <span class='ocrx_word' id='word_1_251' title='bbox 631 3627 720 3670; x_wconf 92' lang='lat' dir='ltr'>anno</span> <span class='ocrx_word' id='word_1_252' title='bbox 759 3610 823 3686; x_wconf 86' lang='lat'>476</span> <span class='ocrx_word' id='word_1_253' title='bbox 858 3606 1033 3689; x_wconf 88' lang='lat' dir='ltr'>Ephesum</span> <span class='ocrx_word' id='word_1_254' title='bbox 1067 3608 1221 3689; x_wconf 81' lang='lat' dir='ltr'>porrexit</span> <span class='ocrx_word' id='word_1_255' title='bbox 1255 3621 1290 3669; x_wconf 88' lang='lat' dir='ltr'>et</span> <span class='ocrx_word' id='word_1_256' title='bbox 1320 3606 1486 3668; x_wconf 89' lang='lat' dir='ltr'>asseclam</span> 
     </span>
     <span class='ocr_line' id='line_1_28' title="bbox 147 3722 1487 3806; baseline -0.002 -21"><span class='ocrx_word' id='word_1_257' title='bbox 147 3723 339 3805; x_wconf 88' lang='lat' dir='ltr'>quemdam</span> <span class='ocrx_word' id='word_1_258' title='bbox 361 3742 460 3785; x_wconf 90' lang='lat' dir='ltr'>suum</span> <span class='ocrx_word' id='word_1_259' title='bbox 492 3723 636 3786; x_wconf 88' lang='lat' dir='ltr'>Paulum</span> <span class='ocrx_word' id='word_1_260' title='bbox 667 3723 702 3785; x_wconf 92' lang='lat' dir='ltr'>in</span> <span class='ocrx_word' id='word_1_261' title='bbox 732 3724 920 3806; x_wconf 87' lang='lat' dir='ltr'>episcopali</span> <span class='ocrx_word' id='word_1_262' title='bbox 944 3724 1032 3785; x_wconf 87' lang='lat' dir='ltr'>sede</span> <span class='ocrx_word' id='word_1_263' title='bbox 1063 3722 1257 3793; x_wconf 91' lang='lat' dir='ltr'>collocavit,</span> <span class='ocrx_word' id='word_1_264' title='bbox 1289 3723 1420 3785; x_wconf 86' lang='lat' dir='ltr'>iactans</span> <span class='ocrx_word' id='word_1_265' title='bbox 1449 3739 1487 3782; x_wconf 88' lang='lat' dir='ltr'>se</span> 
     </span>
     <span class='ocr_line' id='line_1_29' title="bbox 149 3838 1486 3921; baseline -0.001 -22"><span class='ocrx_word' id='word_1_266' title='bbox 149 3840 203 3902; x_wconf 91' lang='lat' dir='ltr'>illi</span> <span class='ocrx_word' id='word_1_267' title='bbox 226 3838 412 3901; x_wconf 86' lang='lat' dir='ltr'>Ecclesiae</span> <span class='ocrx_word' id='word_1_268' title='bbox 436 3839 487 3902; x_wconf 91' lang='lat' dir='ltr'>ius</span> <span class='ocrx_word' id='word_1_269' title='bbox 509 3840 652 3902; x_wconf 90' lang='lat' dir='ltr'>reddere</span> <span class='ocrx_word' id='word_1_270' title='bbox 674 3840 933 3921; x_wconf 88' lang='lat' dir='ltr'>patriarchatus,</span> <span class='ocrx_word' id='word_1_271' title='bbox 956 3858 1024 3921; x_wconf 93' lang='lat' dir='ltr'>quo</span> <span class='ocrx_word' id='word_1_272' title='bbox 1047 3840 1157 3921; x_wconf 91' lang='lat' dir='ltr'>ipsam</span> <span class='ocrx_word' id='word_1_273' title='bbox 1184 3839 1393 3919; x_wconf 89' lang='lat' dir='ltr'>spoliaverat</span> <span class='ocrx_word' id='word_1_274' title='bbox 1408 3855 1486 3898; x_wconf 92' lang='lat' dir='ltr'>con·</span> 
     </span>
     <span class='ocr_line' id='line_1_30' title="bbox 147 3951 1486 4028; baseline -0.004 -11"><span class='ocrx_word' id='word_1_275' title='bbox 147 3956 273 4018; x_wconf 88' lang='lat' dir='ltr'>cilium</span> <span class='ocrx_word' id='word_1_276' title='bbox 296 3951 594 4028; x_wconf 88' lang='lat' dir='ltr'>Chalcedonense;</span> <span class='ocrx_word' id='word_1_277' title='bbox 618 3974 697 4018; x_wconf 90' lang='lat' dir='ltr'>cum</span> <span class='ocrx_word' id='word_1_278' title='bbox 720 3957 763 4018; x_wconf 89' lang='lat' dir='ltr'>de</span> <span class='ocrx_word' id='word_1_279' title='bbox 786 3976 826 4018; x_wconf 90' lang='lat' dir='ltr'>ea</span> <span class='ocrx_word' id='word_1_280' title='bbox 849 3973 886 4018; x_wconf 90' lang='lat' dir='ltr'>re</span> <span class='ocrx_word' id='word_1_281' title='bbox 910 3957 942 4017; x_wconf 92' lang='lat' dir='ltr'>in</span> <span class='ocrx_word' id='word_1_282' title='bbox 967 3975 1009 4017; x_wconf 91' lang='lat' dir='ltr'>eo</span> <span class='ocrx_word' id='word_1_283' title='bbox 1033 3974 1095 4017; x_wconf 88' lang='lat' dir='ltr'>nec</span> <span class='ocrx_word' id='word_1_284' title='bbox 1126 3955 1269 4016; x_wconf 90' lang='lat' dir='ltr'>verbum</span> <span class='ocrx_word' id='word_1_285' title='bbox 1302 3952 1486 4015; x_wconf 88' lang='lat' dir='ltr'>incidisset.</span> 
     </span>
     <span class='ocr_line' id='line_1_31' title="bbox 148 4069 1488 4153; baseline -0.004 -20"><span class='ocrx_word' id='word_1_286' title='bbox 148 4069 249 4133; x_wconf 89' lang='lat' dir='ltr'>Idem</span> <span class='ocrx_word' id='word_1_287' title='bbox 276 4088 360 4132; x_wconf 91' lang='lat' dir='ltr'>vero</span> <span class='ocrx_word' id='word_1_288' title='bbox 381 4070 582 4133; x_wconf 89' lang='lat' dir='ltr'>Timotheus</span> <span class='ocrx_word' id='word_1_289' title='bbox 605 4091 650 4133; x_wconf 84' lang='lat' dir='ltr'>ex</span> <span class='ocrx_word' id='word_1_290' title='bbox 674 4072 746 4134; x_wconf 92' lang='lat' dir='ltr'>divi</span> <span class='ocrx_word' id='word_1_291' title='bbox 769 4070 893 4153; x_wconf 89' lang='lat' dir='ltr'>Cyrilli</span> <span class='ocrx_word' id='word_1_292' title='bbox 916 4070 1053 4151; x_wconf 89' lang='lat' dir='ltr'>scriptis</span> <span class='ocrx_word' id='word_1_293' title='bbox 1077 4071 1168 4151; x_wconf 89' lang='lat' dir='ltr'>apud</span> <span class='ocrx_word' id='word_1_294' title='bbox 1193 4069 1394 4132; x_wconf 89' lang='lat' dir='ltr'>Dioscorum</span> <span class='ocrx_word' id='word_1_295' title='bbox 1418 4085 1488 4129; x_wconf 88' lang='lat' dir='ltr'>ser-</span> 
     </span>
     <span class='ocr_line' id='line_1_32' title="bbox 147 4184 1487 4269; baseline -0.003 -21"><span class='ocrx_word' id='word_1_296' title='bbox 147 4187 241 4250; x_wconf 87' lang='lat' dir='ltr'>vatis</span> <span class='ocrx_word' id='word_1_297' title='bbox 257 4186 404 4248; x_wconf 89' lang='lat' dir='ltr'>necdum</span> <span class='ocrx_word' id='word_1_298' title='bbox 420 4188 581 4269; x_wconf 84' lang='lat' dir='ltr'>vulgatis,</span> <span class='ocrx_word' id='word_1_299' title='bbox 594 4196 629 4249; x_wconf 90' lang='lat' dir='ltr'>et</span> <span class='ocrx_word' id='word_1_300' title='bbox 645 4208 690 4249; x_wconf 84' lang='lat' dir='ltr'>ex</span> <span class='ocrx_word' id='word_1_301' title='bbox 706 4188 860 4269; x_wconf 88' lang='lat' dir='ltr'>pluribus</span> <span class='ocrx_word' id='word_1_302' title='bbox 876 4186 953 4249; x_wconf 90' lang='lat' dir='ltr'>aliis</span> <span class='ocrx_word' id='word_1_303' title='bbox 968 4187 1164 4249; x_wconf 90' lang='lat' dir='ltr'>doctoribus</span> <span class='ocrx_word' id='word_1_304' title='bbox 1180 4186 1288 4248; x_wconf 89' lang='lat' dir='ltr'>multa</span> <span class='ocrx_word' id='word_1_305' title='bbox 1304 4184 1381 4246; x_wconf 88' lang='lat' dir='ltr'>loca</span> <span class='ocrx_word' id='word_1_306' title='bbox 1395 4191 1487 4245; x_wconf 86' lang='lat' dir='ltr'>trun·</span> 
     </span>
     <span class='ocr_line' id='line_1_33' title="bbox 147 4298 1488 4385; baseline -0.004 -22"><span class='ocrx_word' id='word_1_307' title='bbox 147 4300 243 4364; x_wconf 85' lang='lat' dir='ltr'>cavit</span> <span class='ocrx_word' id='word_1_308' title='bbox 269 4310 303 4364; x_wconf 90' lang='lat' dir='ltr'>et</span> <span class='ocrx_word' id='word_1_309' title='bbox 326 4301 362 4363; x_wconf 92' lang='lat' dir='ltr'>in</span> <span class='ocrx_word' id='word_1_310' title='bbox 386 4313 534 4364; x_wconf 90' lang='lat' dir='ltr'>vestrum</span> <span class='ocrx_word' id='word_1_311' title='bbox 552 4302 753 4385; x_wconf 87' lang='lat' dir='ltr'>Haymanot</span> <span class='ocrx_word' id='word_1_312' title='bbox 768 4302 896 4365; x_wconf 91' lang='lat' dir='ltr'>Abbau</span> <span class='ocrx_word' id='word_1_313' title='bbox 920 4301 1054 4364; x_wconf 81' lang='lat' dir='ltr'>invexit</span> <span class='ocrx_word' id='word_1_314' title='bbox 1070 4300 1123 4385; x_wconf 84' lang='lat'>(1),</span> <span class='ocrx_word' id='word_1_315' title='bbox 1147 4301 1190 4363; x_wconf 90' lang='lat' dir='ltr'>de</span> <span class='ocrx_word' id='word_1_316' title='bbox 1212 4319 1281 4382; x_wconf 92' lang='lat' dir='ltr'>quo</span> <span class='ocrx_word' id='word_1_317' title='bbox 1304 4298 1488 4380; x_wconf 89' lang='lat' dir='ltr'>aliquando</span> 
     </span>
     <span class='ocr_line' id='line_1_34' title="bbox 146 4415 1393 4499; baseline -0.003 -19"><span class='ocrx_word' id='word_1_318' title='bbox 146 4417 299 4498; x_wconf 89' lang='lat' dir='ltr'>plenius,</span> <span class='ocrx_word' id='word_1_319' title='bbox 322 4425 357 4479; x_wconf 87' lang='lat' dir='ltr'>et</span> <span class='ocrx_word' id='word_1_320' title='bbox 380 4416 539 4480; x_wconf 87' lang='lat' dir='ltr'>similiter</span> <span class='ocrx_word' id='word_1_321' title='bbox 561 4417 596 4481; x_wconf 90' lang='lat' dir='ltr'>in</span> <span class='ocrx_word' id='word_1_322' title='bbox 619 4418 770 4499; x_wconf 90' lang='lat' dir='ltr'>synodos</span> <span class='ocrx_word' id='word_1_323' title='bbox 793 4416 944 4481; x_wconf 84' lang='lat' dir='ltr'>fumeum</span> <span class='ocrx_word' id='word_1_324' title='bbox 967 4415 1097 4498; x_wconf 88' lang='lat' dir='ltr'>Ephesi</span> <span class='ocrx_word' id='word_1_325' title='bbox 1119 4415 1393 4499; x_wconf 84' lang='lat' dir='ltr'>patriarchatum.</span> 
     </span>
     <span class='ocr_line' id='line_1_35' title="bbox 242 4529 1834 4615; baseline -0.004 -21"><span class='ocrx_word' id='word_1_326' title='bbox 242 4551 296 4611; x_wconf 85' lang='lat'>31.</span> <span class='ocrx_word' id='word_1_327' title='bbox 321 4529 392 4595; x_wconf 86' lang='lat' dir='ltr'>Sed</span> <span class='ocrx_word' id='word_1_328' title='bbox 415 4534 580 4615; x_wconf 88' lang='lat' dir='ltr'>quidquid</span> <span class='ocrx_word' id='word_1_329' title='bbox 604 4534 647 4597; x_wconf 92' lang='lat' dir='ltr'>de</span> <span class='ocrx_word' id='word_1_330' title='bbox 669 4553 711 4596; x_wconf 94' lang='lat' dir='ltr'>eo</span> <span class='ocrx_word' id='word_1_331' title='bbox 727 4535 889 4597; x_wconf 88' lang='lat' dir='ltr'>mentitus</span> <span class='ocrx_word' id='word_1_332' title='bbox 904 4532 1007 4596; x_wconf 88' lang='lat' dir='ltr'>fuerit</span> <span class='ocrx_word' id='word_1_333' title='bbox 1023 4533 1182 4603; x_wconf 91' lang='lat' dir='ltr'>Aelurus,</span> <span class='ocrx_word' id='word_1_334' title='bbox 1200 4531 1381 4594; x_wconf 89' lang='lat' dir='ltr'>Romanae</span> <span class='ocrx_word' id='word_1_335' title='bbox 1396 4530 1487 4592; x_wconf 90' lang='lat' dir='ltr'>sedis</span> <span class='ocrx_word' id='word_1_336' title='bbox 1550 4538 1673 4589; x_wconf 76' lang='lat' dir='ltr'>Oriens</span> <span class='ocrx_word' id='word_1_337' title='bbox 1698 4536 1834 4588; x_wconf 64' lang='lat' dir='ltr'>Melle</span> 
     </span>
     <span class='ocr_line' id='line_1_36' title="bbox 149 4609 1834 4731; baseline -0.002 -21"><span class='ocrx_word' id='word_1_338' title='bbox 149 4647 399 4711; x_wconf 84' lang='lat' dir='ltr'>excellentiam</span> <span class='ocrx_word' id='word_1_339' title='bbox 423 4659 456 4711; x_wconf 88' lang='lat' dir='ltr'>et</span> <span class='ocrx_word' id='word_1_340' title='bbox 478 4651 664 4731; x_wconf 88' lang='lat' dir='ltr'>primatum</span> <span class='ocrx_word' id='word_1_341' title='bbox 687 4668 755 4712; x_wconf 92' lang='lat' dir='ltr'>non</span> <span class='ocrx_word' id='word_1_342' title='bbox 779 4659 831 4713; x_wconf 91' lang='lat' dir='ltr'>est</span> <span class='ocrx_word' id='word_1_343' title='bbox 853 4668 955 4712; x_wconf 90' lang='lat' dir='ltr'>ausus</span> <span class='ocrx_word' id='word_1_344' title='bbox 971 4650 1028 4711; x_wconf 85' lang='lat' dir='ltr'>vel</span> <span class='ocrx_word' id='word_1_345' title='bbox 1044 4648 1216 4711; x_wconf 88' lang='lat' dir='ltr'>tantillum</span> <span class='ocrx_word' id='word_1_346' title='bbox 1232 4647 1379 4717; x_wconf 89' lang='lat' dir='ltr'>elevare,</span> <span class='ocrx_word' id='word_1_347' title='bbox 1395 4645 1488 4727; x_wconf 91' lang='lat' dir='ltr'>quod</span> <span class='ocrx_word' id='word_1_348' title='bbox 1513 4609 1664 4731; x_wconf 53' lang='lat' dir='ltr'>{gff&#39;mm</span> <span class='ocrx_word' id='word_1_349' title='bbox 1682 4623 1742 4658; x_wconf 69' lang='lat'>⁰⁰¹²</span> <span class='ocrx_word' id='word_1_350' title='bbox 1765 4622 1834 4659; x_wconf 70' lang='lat'>⁰⁰²⁰</span> 
     </span>
     <span class='ocr_line' id='line_1_37' title="bbox 149 4760 1488 4846; baseline -0.002 -21"><span class='ocrx_word' id='word_1_351' title='bbox 149 4761 262 4846; x_wconf 91' lang='lat' dir='ltr'>aliqui</span> <span class='ocrx_word' id='word_1_352' title='bbox 286 4762 521 4826; x_wconf 76' lang='lat' dir='ltr'>Alexandrini</span> <span class='ocrx_word' id='word_1_353' title='bbox 544 4773 665 4846; x_wconf 90' lang='lat' dir='ltr'>postea</span> <span class='ocrx_word' id='word_1_354' title='bbox 687 4774 871 4837; x_wconf 89' lang='lat' dir='ltr'>tentarunt,</span> <span class='ocrx_word' id='word_1_355' title='bbox 894 4762 1097 4836; x_wconf 88' lang='lat' dir='ltr'>effutientes,</span> <span class='ocrx_word' id='word_1_356' title='bbox 1122 4764 1221 4826; x_wconf 91' lang='lat' dir='ltr'>illum</span> <span class='ocrx_word' id='word_1_357' title='bbox 1254 4760 1488 4824; x_wconf 83' lang='lat' dir='ltr'>Alexandriae</span> 
     </span>
    </p>
   </div>
   <div class='ocr_carea' id='block_1_3' title="bbox 149 4873 1487 4963">
    <p class='ocr_par' dir='ltr' id='par_1_3' title="bbox 149 4873 1487 4963">
     <span class='ocr_line' id='line_1_38' title="bbox 149 4873 1487 4963; baseline -0.003 -22"><span class='ocrx_word' id='word_1_358' title='bbox 149 4877 385 4950; x_wconf 88' lang='lat' dir='ltr'>tribuendum,</span> <span class='ocrx_word' id='word_1_359' title='bbox 408 4881 499 4960; x_wconf 89' lang='lat' dir='ltr'>quod</span> <span class='ocrx_word' id='word_1_360' title='bbox 526 4881 651 4943; x_wconf 85' lang='lat' dir='ltr'>civitas</span> <span class='ocrx_word' id='word_1_361' title='bbox 681 4882 741 4944; x_wconf 86' lang='lat' dir='ltr'>illa</span> <span class='ocrx_word' id='word_1_362' title='bbox 772 4899 853 4963; x_wconf 90' lang='lat' dir='ltr'>prae</span> <span class='ocrx_word' id='word_1_363' title='bbox 885 4879 1002 4942; x_wconf 87' lang='lat' dir='ltr'>Roma</span> <span class='ocrx_word' id='word_1_364' title='bbox 1032 4881 1143 4962; x_wconf 82' lang='lat' dir='ltr'>magis</span> <span class='ocrx_word' id='word_1_365' title='bbox 1169 4880 1214 4942; x_wconf 90' lang='lat' dir='ltr'>sit</span> <span class='ocrx_word' id='word_1_366' title='bbox 1245 4877 1430 4940; x_wconf 89' lang='lat' dir='ltr'>orientalis.</span> <span class='ocrx_word' id='word_1_367' title='bbox 1455 4873 1487 4937; x_wconf 90' lang='lat' dir='ltr'>O</span> 
     </span>
    </p>
   </div>
   <div class='ocr_carea' id='block_1_4' title="bbox 173 5129 1358 5201">
    <p class='ocr_par' dir='ltr' id='par_1_4' title="bbox 173 5129 1358 5201">
     <span class='ocr_line' id='line_1_39' title="bbox 173 5129 1358 5201; baseline -0.007 -18"><span class='ocrx_word' id='word_1_368' title='bbox 173 5196 176 5201; x_wconf 14' lang='lat' dir='ltr'>y</span> <span class='ocrx_word' id='word_1_369' title='bbox 242 5134 400 5198; x_wconf 80' lang='lat' dir='ltr'>(1)Bran</span> <span class='ocrx_word' id='word_1_370' title='bbox 427 5132 650 5197; x_wconf 81' lang='lat' dir='ltr'>Haymsnot,</span> <span class='ocrx_word' id='word_1_371' title='bbox 679 5130 724 5184; x_wconf 88' lang='lat' dir='ltr'>lib.</span> <span class='ocrx_word' id='word_1_372' title='bbox 746 5142 768 5187; x_wconf 89' lang='lat'>1,</span> <span class='ocrx_word' id='word_1_373' title='bbox 788 5145 844 5194; x_wconf 83' lang='lat' dir='ltr'>cap.</span> <span class='ocrx_word' id='word_1_374' title='bbox 867 5141 906 5187; x_wconf 82' lang='lat'>11,</span> <span class='ocrx_word' id='word_1_375' title='bbox 926 5145 951 5180; x_wconf 91' lang='lat' dir='ltr'>n.</span> <span class='ocrx_word' id='word_1_376' title='bbox 974 5129 1019 5184; x_wconf 71' lang='lat'>163</span> <span class='ocrx_word' id='word_1_377' title='bbox 1040 5129 1087 5181; x_wconf 90' lang='lat' dir='ltr'>lib.</span> <span class='ocrx_word' id='word_1_378' title='bbox 1108 5136 1207 5195; x_wconf 83' lang='lat' dir='ltr'>7,cup.</span> <span class='ocrx_word' id='word_1_379' title='bbox 1228 5140 1269 5190; x_wconf 86' lang='lat'>24,</span> <span class='ocrx_word' id='word_1_380' title='bbox 1289 5144 1313 5179; x_wconf 91' lang='lat' dir='ltr'>n.</span> <span class='ocrx_word' id='word_1_381' title='bbox 1335 5139 1358 5179; x_wconf 82' lang='lat'>2.</span> 
     </span>
    </p>
   </div>
   <div class='ocr_carea' id='block_1_5' title="bbox 0 0 2034 6178">
    <p class='ocr_par' dir='ltr' id='par_1_5' title="bbox 0 0 2034 6178">
     <span class='ocr_line' id='line_1_40' title="bbox 0 0 2034 6178; baseline 0 0"><span class='ocrx_word' id='word_1_382' title='bbox 0 0 2034 6178; x_wconf 95' lang='lat' dir='ltr'> </span> 
     </span>
    </p>
   </div>
  </div>
 </body>
</html>
