4058 6178
659 511 775 559 musa
798 511 838 569 11,
863 510 988 559 cneus
1012 511 1061 560 11..
1460 515 1518 575 153

187 655 319 735 sibique
343 656 378 717 in
402 675 443 718 ea
465 654 645 721 Evodium.
660 654 841 729 suffecerit,
866 659 922 720 hic
951 658 1083 739 primus
1113 656 1206 720 illius
1227 657 1428 740 Episcopus,
1453 679 1519 720 non

188 769 277 833 Petri
301 768 485 835 successor'
503 782 660 846 vocatur3
685 775 757 856 ipsc
780 792 863 837 vero
885 775 1016 855 primus
1039 772 1185 846 Romae,
1209 775 1243 835 in
1269 794 1338 856 qua
1369 783 1520 837 mortuus

186 895 236 948 est
258 884 430 967 pontifex,
462 887 568 954 Linus
602 886 922 967 secundus,.Cletus
951 891 1072 953 tertius
1104 898 1139 952 et
1168 886 1326 953 blemens
1361 899 1518 970 quartus;

185 1001 240 1081 qui
275 1012 312 1064 et
346 1004 469 1085 reliqui
503 1005 676 1087 deinceps,
712 1006 871 1068 dicuntur
904 1006 996 1068 Petri
1029 1005 1195 1068 haeredes
1230 1015 1263 1067 et
1294 1023 1519 1067 successores.

188 1115 320 1179 Horres
342 1117 435 1183 enirn
458 1123 492 1182 et
512 1139 698 1194 mecastor,
717 1140 763 1182 ex
792 1122 920 1202 placito
950 1120 1275 1202 iurisprudentium,
1297 1120 1356 1184 ille
1385 1125 1444 1194 est,
1464 1119 1525 1204 qui

186 1230 331 1294 uuaedit
353 1230 391 1297 in
413 1252 510 1296 omne
532 1234 596 1309 rus,
621 1232 708 1318 quod
720 1232 902 1321 defunctus
918 1233 1038 1297 mortis
1051 1254 1132 1298 suae
1147 1238 1292 1319 tentpore
1307 1235 1449 1299 babebat
1464 1236 1519 1319 (ι).

185 1345 307 1410 Petrus
329 1357 455 1421 autem,
479 1367 556 1411 curn
579 1367 698 1411 caesus
720 1359 782 1420 est,
807 1349 874 1411 iam
898 1351 1052 1413 nuntium
1083 1350 1292 1413 Antiochiae
1323 1351 1520 1437 remiserat3

186 1481 246 1524 nec
270 1463 307 1525 in
331 1482 373 1526 ea
395 1463 456 1526 sed
478 1461 615 1527 Rornae
638 1466 801 1546 martyrio
829 1476 1009 1529 coronatus
1040 1475 1102 1529 est.
1130 1465 1206 1528 Non
1238 1468 1343 1550 igitur
1366 1465 1521 1528 Evodius

186 1588 218 1640 et
241 1579 367 1660 reliqui
390 1580 605 1660 patriarchae
627 1579 837 1643 Antiocheni
860 1590 938 1644 sunt
953 1582 1046 1645 illius
1068 1582 1231 1645 haeredes
1247 1592 1281 1644 et
1304 1600 1520 1645 successores

69 1702 85 1750 r.
101 1714 160 1772 μμ.
187 1696 220 1755 in
244 1713 347 1757 omne
370 1694 432 1763 ius,
456 1693 549 1775 quod
572 1694 646 1775 ipse
669 1690 852 1769 *habebat;
877 1696 937 1757 sed
961 1697 1130 1759 antistites
1146 1696 1308 1768 Romani,
1324 1698 1382 1779 qui
1403 1698 1520 1759 haere-

186 1810 330 1871 ditatem
353 1819 388 1871 et
410 1808 608 1871 cathedram
630 1828 652 1871 a
675 1811 851 1872 morientis
871 1829 929 1873 ore
945 1830 1022 1873 cum
1038 1810 1144 1892 ipsius
1159 1831 1300 1894 corpore
1316 1822 1350 1874 et
1366 1811 1520 1875 doctrina

186 1935 402 2006 acceperunt.
426 1924 617 1988 Haeredem
640 1944 716 1988 aero
738 1922 883 1989 uiuum
902 1927 1078 2010 potestatis
1099 1926 1245 1990 ebriaris
1262 1947 1339 2002 esse,
1354 1926 1451 1989 cutus
1465 1928 1520 1991 de·

177 2036 327 2124 sumtus
341 2037 595 2126 furtuonstot,
624 2050 662 2104 ut
684 2042 885 2123 exploratae
908 2042 991 2105 iuris
1014 2043 1154 2125 regulae
1176 2052 1376 2107 sanxerunt.

278 2176 329 2219 10.
361 2155 564 2221 Instinctum
595 2176 677 2220 vero
708 2158 825 2221 divina
854 2159 1063 2222 revelatione
1093 2159 1243 2229 Petrum,
1274 2158 1519 2221 Anthiochiam
1582 2166 1634 2215 Dei
1647 2164 1757 2214 monim
1766 2166 1867 2214 Penus

184 2270 304 2334 Roma
327 2282 565 2344 commutasse,
589 2283 625 2335 ut
648 2273 765 2335 sedem
790 2273 824 2336 in
847 2295 888 2336 ea
911 2271 1041 2356 figeret,
1066 2284 1099 2337 et
1123 2293 1259 2337 crucem
1289 2272 1416 2337 Christi
1446 2275 1520 2337 imi·
1546 2238 1641 2287 secem
1661 2238 1766 2286 Romae
1784 2235 1852 2285 m

185 2400 277 2452 tator
300 2389 441 2460 subiret,
464 2398 583 2451 auctor
606 2399 658 2451 est
681 2388 781 2452 divus
800 2388 1012 2452 Athanasius
1036 2391 1070 2452 in
1087 2390 1265 2473 Apologia
1280 2391 1324 2453 de
1343 2388 1426 2474 fuga
1448 2410 1519 2461 sua,

187 2502 285 2577 Cum,
308 2505 368 2576 ait,
391 2502 517 2567 Petrus
539 2508 574 2566 et
603 2503 738 2566 Paulus
764 2503 948 2574 audissent,
979 2509 1129 2588 oportere
1165 2504 1288 2568 Rornae
1317 2506 1520 2590 martyrium

185 2619 308 2693 subire,
322 2639 397 2681 curn
408 2618 535 2704 gaudeo
550 2617 711 2682 abierunt
720 2618 775 2698 (2).
792 2618 827 2681 A
842 2639 910 2700 quo
926 2621 1116 2690 audierunt,
1132 2621 1197 2683 nisi
1214 2641 1236 2684 a
1250 2620 1336 2694 De0,
1353 2622 1411 2703 qui
1427 2622 1521 2685 solus

185 2735 363 2819 praescius
385 2744 437 2796 est
459 2731 671 2796 futurorum?
696 2732 767 2796 Cur
789 2733 867 2797 illas
889 2734 1059 2819 oportebat
1080 2734 1208 2799 Rornae
1237 2737 1440 2820 martyrium
1465 2757 1521 2799 su·

184 2850 267 2923 bira,
291 2869 370 2913 cum
394 2850 480 2912 illud
503 2870 611 2932 aeque
634 2847 807 2912 fructuose
830 2860 970 2932 possent
992 2852 1116 2931 quovis
1132 2851 1200 2914 alio
1217 2852 1294 2914 loco
1310 2851 1519 2923 exanthlare,

186 2968 253 3030 nisi
278 2976 315 3028 ut
337 2966 517 3029 locandam
542 2966 671 3028 ibidem
695 2965 890 3028 cathedram
917 2968 1140 3047 apostolicam
1176 2986 1238 3030 suo
1261 2967 1427 3049 sanguine
1446 2966 1521 3029 irri-

185 3092 320 3165 garent,
344 3079 518 3144 firmarent
541 3089 575 3143 et
597 3081 757 3163 gentibus
787 3082 956 3153 omnibus,
986 3092 1162 3164 tamquam
1192 3083 1347 3164 pharum,
1378 3102 1520 3163 sequen·

185 3199 268 3260 dam
283 3197 613 3279 praemonstrarent?
632 3194 719 3259 Eam
736 3215 819 3259 vero
834 3198 1089 3278 praenotionem
1105 3196 1247 3279 Spiritui
1263 3193 1391 3260 Sancto
1419 3197 1520 3260 divus

184 3310 259 3374 Leo
290 3310 498 3382 adscribens,
531 3311 594 3372 ait:
627 3308 712 3372 Cum
743 3310 912 3374 duodecim
943 3311 1107 3396 Apostoli,
1123 3314 1253 3396 accepta
1263 3317 1329 3396 per
1349 3310 1520 3396 Spiritum

183 3427 354 3490 Sanctum
376 3425 526 3488 omniurn
556 3424 719 3488 loautzbue
752 3425 951 3511 linguarum
974 3427 1188 3491 imbuendum
1222 3427 1393 3512 evangelio
1424 3448 1519 3489 mern-

183 3539 267 3609 duru
290 3538 482 3604 distributis
503 3539 572 3602 sabi
592 3545 766 3604 terrarum
785 3542 944 3625 portubus
965 3541 1194 3626 suscepissent,
1220 3541 1345 3605 Petrus
1363 3542 1521 3626 princeps

183 3654 366 3741 apostolati
384 3653 525 3726 ordines,
548 3656 597 3719 ad
624 3676 732 3719 arcem
767 3657 905 3720 romani
923 3655 1114 3720 destruatur
1148 3657 1294 3735 imperii,
1318 3662 1360 3721 ut
1384 3658 1521 3743 praedi·

182 3771 275 3835 catab
297 3770 460 3842 uerrtatrs,
484 3770 628 3855 quaein
651 3772 803 3835 omnium
822 3773 976 3858 gentiunt
999 3773 1210 3836 revelabatur
1234 3774 1388 3843 salutem,
1411 3773 1520 3856 effico-

183 3888 258 3951 cius
281 3907 317 3951 se
338 3886 378 3948 ab
401 3886 472 3971 ipso
494 3886 603 3971 capite
620 3895 685 3973 per
708 3893 814 3951 totum
838 3888 960 3951 mundi
978 3894 1098 3972 corpus
1119 3887 1314 3972 effunderet
1335 3889 1390 3972 (3).

280 4022 329 4066 11.
354 4001 608 4065 Antiochenam
631 4004 748 4066 sedern
772 4003 929 4066 audiistis
951 4023 972 4066 a
988 4002 1069 4065 divo
1086 4003 1188 4066 Petro
1212 4013 1370 4073 erectam,
1388 4023 1477 4067 nunc
1501 4024 1520 4066 a
1583 4007 1870 4062 Psmuehnenntlo·

184 4118 351 4180 Romana
374 4135 510 4199 semper
532 4118 688 4181 edoctam
711 4128 745 4181 et
771 4120 995 4201 gubernatam
1030 4119 1182 4182 auditote
1212 4138 1257 4181 ex
1284 4118 1446 4181 Iuvenale
1469 4119 1520 4181 Ie·
1547 4081 1869 4204 fflffiffifficffi

183 4232 446 4314 rosolymitan0,
470 4234 586 4314 quiin
611 4234 757 4297 concilio
778 4233 955 4315 Ephesino
989 4233 1151 4298 Ioannem
1179 4234 1421 4297 antiochenum
1444 4253 1520 4315 pro·
1546 4223 1671 4275 mm·

183 4361 283 4413 terve
317 4367 380 4431 pro
410 4347 571 4411 Nestorio
596 4360 815 4431 pugnantem,
839 4351 893 4414 his
927 4349 1043 4413 verbis
1073 4352 1295 4432 compressit:
1330 4349 1521 4435 Apostolica

183 4462 404 4529 ordinatrbne
432 4469 468 4527 et
495 4463 640 4549 antiquo
670 4463 854 4530 traditione
884 4465 923 4528 iu
953 4463 1223 4529 comuetudinern
1253 4465 1338 4530 obiit
1365 4470 1407 4529 ut
1431 4466 1523 4529 sedes

183 4579 401 4644 Antiocheno
419 4585 582 4664 perpetuo
603 4585 670 4664 per
695 4581 886 4644 Romanam
913 4579 1088 4666 dirigatur
1114 4585 1148 4643 et
1172 4581 1351 4645 iudicetur.
1378 4582 1522 4644 Paulum

184 4695 450 4761 Samosatenum
481 4697 710 4779 patriarcham
734 4697 1003 4769 Antiochenum,
1031 4698 1151 4760 eadem
1176 4694 1248 4758 fere
1271 4715 1347 4759 cum
1371 4693 1523 4758 Sabellio

184 4812 403 4885 sentientem,
426 4820 459 4875 et
475 4810 648 4876 Christum
664 4814 741 4893 puri
757 4812 906 4876 hominis
922 4831 1025 4873 censu
1040 4812 1311 4883 concludentem,
1328 4830 1416 4873 anno
1436 4811 1524 4873 eius·

259 4974 296 5034 (ι)
316 4972 348 5022 L.
357 4970 434 5020 Nihil
443 4982 483 5022 est
493 4984 534 5034 24,
545 4970 571 5023 ff.
581 4973 623 5019 De
632 4972 702 5023 verb.
712 4972 800 5035 signis.
807 4988 814 5029 ς
828 4974 858 5025 L.
869 4970 1028 5023 Haereditaa
1039 4968 1080 5026 62,
1092 4970 1119 5023 ff.
1129 4971 1161 5021 de
1171 4970 1252 5033 regul.
1263 4972 1312 5021 iur.
1322 4998 1355 5006 -
1366 4970 1405 5037 (a)
1420 4971 1527 5019 Divus

185 5063 211 5111 A
221 5060 311 5111 than.
331 5060 358 5108 in
377 5060 454 5124 Apol.
473 5086 505 5098 -
525 5058 563 5126 (3)
581 5060 663 5110 Serm.
686 5072 708 5113 Ι.
721 5062 762 5110 De
773 5077 805 5112 ss.
819 5061 950 5126 apostolis
963 5062 1044 5110 Petro
1058 5068 1084 5110 et
1098 5062 1171 5112 Paul
1186 5088 1241 5112 .-
1255 5060 1294 5126 (4)
1305 5059 1382 5110 Tum.
1397 5070 1421 5118 4,
1435 5074 1491 5123 cap.
1506 5070 1531 5118 4.

267 5180 295 5224 c.
310 5180 421 5223 amin.
435 5181 491 5224 rer.
505 5181 571 5223 utu.
586 5180 680 5232 scrut.
695 5196 740 5223 uc.
756 5183 823 5225 nee
838 5206 863 5216 -
878 5180 947 5224 vm.
