4066 6174
558 565 620 639 348
890 573 1164 624 Exeamrronrs
1187 573 1451 624 nermoercns
1474 573 1555 624 Ere.

556 722 710 785 maximo
733 721 852 784 dolore
875 732 946 785 tam
969 724 1079 785 saneti
1102 721 1269 804 temporis
1291 718 1326 785 in
1350 721 1486 784 bellicis
1508 721 1711 784 tumultibus
1741 722 1885 793 contriti,

557 857 594 900 se
610 836 643 900 et
659 835 735 899 Ras
752 837 785 899 in
803 838 922 900 eadem
939 836 1150 920 importavit,
1174 838 1326 900 decursis
1343 838 1377 899 in
1394 838 1513 900 habitu
1525 835 1599 919 [sr'c]
1615 837 1800 919 sexaginta
1815 836 1886 898 mil-

557 953 712 1025 liaribus,
746 953 870 1034 quibus
903 952 1132 1016 Danca*zium
1166 963 1200 1016 et
1234 950 1367 1034 Serqua
1397 953 1597 1016 dividuntur
1618 961 1654 1015 et
1675 952 1821 1015 totidem
1854 952 1884 1013 in
1907 963 1922 1011 s.
1935 964 1973 1025 163⁴

557 1088 724 1152 regressu.

244 1199 301 1245 nn
327 1193 468 1259 pomuli·
497 1195 531 1244 ab
649 1207 677 1250 2.
702 1183 878 1250 Summam
902 1187 1068 1249 laetitiam
1093 1187 1238 1268 sumpsit
1260 1185 1452 1269 Imperator
1473 1206 1518 1247 ex
1541 1182 1657 1247 fratris
1679 1183 1840 1254 adventu,
1855 1194 1885 1247 et

209 1265 531 1400 ffeffiffigiuffi:
559 1302 674 1384 magni
698 1304 792 1365 visus
814 1313 865 1366 est
888 1300 1001 1366 facere
1025 1303 1121 1365 illum
1153 1303 1303 1365 animum
1333 1321 1401 1383 quo
1431 1321 1468 1364 se
1498 1299 1660 1382 periculis
1690 1299 1775 1363 belli
1806 1301 1886 1363 adeo
2002 1322 2003 1387 }

209 1409 330 1459 decime.
557 1416 707 1481 difficilis
730 1437 798 1480 non
822 1418 1056 1482 subtrahebat
1080 1414 1152 1481 Sed
1174 1437 1253 1481 cum
1275 1418 1322 1479 ad
1343 1436 1427 1499 opes
1456 1425 1595 1479 ventum
1625 1426 1726 1487 esset,
1757 1416 1783 1477 ii
1812 1435 1885 1479 con·
2002 1408 2003 1415 '

557 1533 713 1607 sultores,
743 1535 802 1617 qui
834 1531 915 1597 fidei
945 1544 979 1597 et
1010 1534 1146 1615 imperii
1176 1532 1363 1615 perniciem
1397 1532 1634 1605 moliebantur,
1670 1531 1885 1613 Imperatoris

557 1668 678 1713 manus
701 1651 986 1721 constrinxerunt,
1010 1670 1054 1713 ne
1077 1671 1126 1722 ea,
1151 1669 1239 1731 quae
1262 1650 1356 1730 prius
1380 1649 1539 1722 habebat,
1559 1659 1593 1712 et
1609 1650 1813 1732 singillatim
1829 1648 1885 1711 mi·

557 1766 645 1839 lites,
673 1766 732 1847 qui
755 1768 820 1829 toti
843 1776 940 1828 erant
964 1765 1072 1847 ipsius
1095 1767 1192 1827 nervi
1219 1766 1487 1828 restituerentur.
1511 1763 1629 1848 Regni
1661 1774 1793 1828 tantum
1825 1765 1884 1827 Ba·

555 1882 745 1964 gamedrini
770 1882 918 1943 cadaver
940 1891 974 1943 et
997 1891 1099 1944 tenue
1123 1881 1309 1944 Damotum
1331 1881 1601 1964 gubernaculum
1625 1882 1804 1945 concessit.
1835 1879 1886 1945 Ob
2002 1860 2003 1941 l

555 1996 622 2060 Dei
645 2006 680 2060 et
704 1995 783 2060 fidei
807 1999 1006 2079 obsequium
1030 1996 1190 2060 humeros
1213 1998 1308 2060 oneri
1331 1998 1520 2080 supposuit,
1551 2017 1759 2080 quamquam
1790 1998 1886 2060 sciret
2002 1972 2003 1987 ἵ

556 2133 642 2194 opus
665 2133 702 2176 se
725 2114 938 2195 periculosae
961 2114 1099 2195 plenum
1125 2114 1221 2175 aleae
1244 2123 1315 2176 tam
1339 2115 1383 2177 ad
1406 2122 1524 2195 partae
1554 2123 1606 2175 tot
1639 2114 1706 2176 iam
1737 2111 1886 2176 victoriis
2002 2178 2003 2181 ,

555 2228 697 2312 gloriae,
720 2249 823 2311 quam
848 2230 892 2292 ad
915 2230 1007 2292 vitae
1030 2230 1206 2301 iacturam,
1231 2231 1355 2293 subire.
1381 2230 1445 2291 Per
1465 2227 1569 2292 ferias
1583 2229 1766 2310 paschales
1782 2226 1886 2291 adfuit

557 2364 636 2408 arae
659 2346 811 2427 portatili
835 2345 880 2407 ab
902 2344 1112 2428 Imperatore
1134 2347 1170 2408 in
1194 2345 1413 2408 Patriarchae
1433 2345 1599 2426 templum
1617 2346 1840 2418 introductae,
1855 2356 1885 2406 et
2002 2432 2003 2437 γ

555 2472 636 2524 tunc
660 2464 810 2524 maxime
833 2462 962 2525 celebri
989 2463 1096 2543 ipsius
1127 2463 1294 2533 concioni,
1325 2482 1392 2543 qua
1423 2461 1582 2543 probavit
1612 2460 1787 2542 duplicem
1817 2481 1886 2525 esse

557 2579 849 2647 resurrectionem,
873 2578 1019 2640 alteram
1049 2575 1175 2640 Christi
1208 2579 1392 2640 servatoris
1423 2577 1567 2639 alteram
1598 2577 1786 2649 daemonis,
1813 2596 1884 2640 cum

557 2694 683 2775 sepulti
706 2693 813 2775 ipsius
835 2712 969 2755 errores
993 2694 1026 2755 in
1051 2694 1158 2756 vitam
1181 2702 1385 2755 revocantur
1407 2693 1452 2755 ab
1477 2693 1582 2774 ipsius
1597 2692 1818 2765 administris,
1832 2694 1885 2773 qui

557 2820 634 2873 sunt
657 2810 720 2883 illi,
743 2829 829 2892 quos
852 2808 916 2872 Iob
938 2810 1028 2872 dixit
1051 2818 1189 2890 paratos
1205 2828 1280 2872 esse
1296 2806 1462 2871 mertare
1477 2805 1669 2871 Marathon
1684 2808 1739 2891 (ι),
1755 2808 1789 2870 in
1804 2828 1885 2890 quae

557 2927 672 2998 verba,
697 2926 757 2988 illa
780 2926 896 2987 omnia
919 2926 1072 2988 elocutus
1095 2935 1156 2997 est,
1181 2945 1268 3007 quae
1292 2943 1453 3006 praesens
1486 2935 1623 3006 tempus
1654 2935 1688 2987 et
1720 2926 1885 2987 machina·

529 3052 672 3133 ⁸menta
699 3042 896 3123 exigebant.
927 3038 1058 3104 Castris
1089 3042 1204 3104 statim
1237 3042 1431 3121 degressus,
1462 3041 1498 3102 in
1528 3039 1819 3123 Bagamedrinum
1840 3059 1886 3103 re
2002 3050 2003 3057 ’

558 3177 662 3240 gnum
686 3178 722 3220 se
746 3156 872 3228 intulit,
896 3157 940 3219 ad
964 3157 1054 3219 latus
1077 3158 1209 3220 adscito
1233 3176 1266 3236 p.
1291 3156 1420 3219 Ioanne
1443 3154 1553 3228 Sosia,
1578 3175 1680 3236 quem
1703 3166 1884 3238 spectatum

558 3276 602 3337 ad
625 3275 741 3336 divina
764 3282 798 3335 et
813 3273 942 3336 bellica
957 3292 1160 3354 perannum
1177 3274 1211 3335 in
1228 3272 1412 3335 Amarensi
1428 3273 1607 3353 provincia
1622 3271 1884 3336 commilitonem

559 3388 670 3452 fuerat
693 3399 867 3470 expertus,

245 3517 400 3578 Imperator
423 3524 452 3564 et
476 3516 532 3563 Ru
649 3525 677 3583 3.
702 3504 785 3568 Post
809 3504 901 3567 illius
924 3506 1065 3575 exitum,
1091 3506 1125 3568 iu
1148 3506 1295 3586 priorem
1321 3505 1444 3576 locum,
1468 3505 1526 3566 ubi
1554 3505 1681 3567 iactata
1711 3504 1884 3586 praeconia

210 3585 530 3718 ffissffleffi'uffuffl'
559 3621 658 3683 rediit
681 3619 880 3702 Imperator,
905 3641 925 3682 a
948 3640 1016 3701 quo
1040 3622 1124 3682 celsi
1147 3631 1280 3684 montes
1303 3620 1478 3683 Dancazio
1501 3622 1650 3702 oppositi
1674 3622 1765 3682 inter
1786 3619 1884 3683 Euro·

559 3746 676 3798 notum
701 3746 735 3799 et
758 3734 934 3799 Orientem
958 3746 1037 3816 post
1060 3734 1266 3817 profundam
1290 3737 1466 3818 planitiem
1487 3737 1698 3808 attolluntur,
1716 3737 1801 3799 dicti
1815 3736 1884 3798 Bel·

559 3852 641 3923 leza,
664 3853 723 3934 qui
746 3852 901 3914 hostibus
924 3854 1074 3914 maxime
1098 3853 1278 3934 opportuni
1301 3862 1407 3923 erant,
1436 3861 1507 3915 tum
1539 3862 1681 3933 propter
1711 3853 1883 3915 excelsita-

557 3976 637 4037 tem,
661 3977 733 4029 tum
757 3977 896 4049 propter
919 3967 1107 4030 maximam
1131 3967 1201 4029 vim
1226 3965 1386 4029 frumenti
1411 3969 1445 4029 in
1469 3986 1528 4030 eos
1556 3968 1707 4051 cogitate
1738 3986 1882 4049 compor-

557 4091 674 4143 tatam.
701 4079 845 4163 Saepius
868 4081 1115 4163 Imperatorem
1139 4082 1215 4144 Ras
1245 4083 1422 4144 admonuit
1445 4092 1544 4144 cauto
1574 4091 1610 4145 et
1639 4093 1778 4145 servato
1808 4101 1884 4164 opus

558 4217 643 4269 esse,
666 4198 722 4260 vel
746 4199 811 4261 sibi
836 4208 969 4261 montes
991 4199 1071 4261 illos
1094 4198 1260 4261 committi
1292 4207 1460 4279 oportere,
1493 4217 1535 4261 ne
1562 4198 1689 4270 hostes,
1721 4198 1765 4260 iis
1787 4217 1883 4278 expu-

557 4315 681 4396 gnatis,
705 4326 739 4376 et
763 4333 875 4375 arcem
900 4324 934 4376 et
957 4314 1116 4377 horreum
1133 4316 1415 4378 nanciscerentur.
1434 4312 1528 4376 Nihil
1546 4315 1658 4376 minus
1673 4314 1733 4375 ille
1750 4314 1882 4383 curavit,
2002 4392 2003 4409 χ

491 4404 493 4409 ,
557 4449 600 4490 ne
628 4448 790 4512 generum
822 4449 920 4492 suum
948 4429 1194 4500 Zamarianum,
1222 4430 1359 4492 illorum
1387 4450 1630 4512 possessorem,
1658 4432 1881 4499 contristaret;

557 4564 616 4606 eos
650 4564 740 4606 nunc
775 4547 847 4607 iure
882 4565 944 4607 suo
974 4545 1040 4626 ipsi
1072 4546 1313 4609 custodiendos
1343 4547 1519 4630 delegans
1550 4555 1670 4627 utpote
1700 4544 1785 4619 *cui,
1816 4564 1880 4608 cun
1903 4550 1975 4610 tres·
2002 4598 2003 4609 ,

556 4661 714 4725 Lastensi
737 4663 915 4745 tragediae
937 4663 1142 4745 principium
1174 4663 1314 4735 dederit,
1346 4682 1525 4744 supremus
1555 4672 1652 4724 actus
1682 4663 1880 4725 servabatur.

556 4777 595 4839 Iu
620 4798 680 4841 eos
703 4780 866 4842 rusticani
889 4798 927 4841 se
950 4780 1156 4852 indiderunt,
1179 4782 1261 4861 quin
1285 4780 1342 4841 vel
1365 4798 1452 4841 unus
1476 4778 1705 4860 imperialium
1728 4797 1767 4841 se
1788 4795 1881 4859 oppo-

558 4906 660 4967 neret,
686 4905 719 4957 et
749 4915 904 4958 annonae
934 4897 1156 4967 abundantes,
1188 4896 1267 4958 inde
1298 4895 1332 4958 in
1363 4896 1492 4976 oppida
1522 4895 1776 4967 circumvicina,
1805 4910 1881 4974 quae
2002 4884 2003 4951 l

646 5144 688 5213 (ι)
708 5145 770 5203 loa,
790 5155 814 5205 3,
834 5160 859 5195 n.
879 5143 903 5196 8.
