4166 6182
533 556 665 606 XXXVI
1068 554 1333 606 INTRODUCTIO

614 720 677 796 25.
707 704 960 800 Epistolarum
999 706 1265 779 commercium
1304 730 1388 779 cum
1429 704 1621 778 Bernardo
1658 701 1860 797 Nogueira,

533 862 656 933 quem,
677 837 756 910 iure
783 861 852 910 suo
880 852 998 922 utens,
1029 862 1136 911 suum
1167 837 1346 912 vicarium
1366 837 1582 935 generalem
1603 835 1639 908 in
1661 833 1863 930 Aethiopia

533 970 788 1056 constituerat,
805 996 1007 1066 numquam
1029 997 1097 1067 per
1115 971 1249 1067 viginti
1269 986 1307 1044 et
1326 970 1487 1066 amplius
1506 994 1626 1044 annos
1645 966 1861 1048 intermisit;

533 1105 600 1177 sed
630 1129 842 1201 perpaucae
870 1104 1001 1178 harum
1030 1104 1273 1201 epistolarum
1305 1106 1352 1178 ad
1378 1129 1511 1178 manus
1529 1104 1608 1178 sive
1628 1101 1863 1176 Patriarchae

533 1237 613 1312 sive
642 1237 859 1335 Nogueirae
887 1238 1084 1334 pervenire
1113 1253 1325 1335 potuerunt.
1346 1238 1533 1312 Affirmari
1554 1237 1723 1333 profecto
1743 1247 1864 1332 potest

535 1385 633 1445 totas
657 1371 741 1445 eius
769 1395 877 1445 curas
896 1372 943 1444 ad
965 1386 1122 1444 mortem
1143 1396 1261 1467 usque
1280 1371 1488 1446 catholicos
1506 1369 1733 1466 Aethiopiae
1753 1367 1864 1442 fuisse

533 1520 574 1579 ut
601 1519 748 1580 constat
776 1519 923 1600 praeter
951 1507 1097 1579 tabulas
1126 1504 1303 1580 iuridicas
1331 1508 1379 1579 ab
1406 1530 1452 1580 eo
1480 1503 1654 1601 diligenti
1673 1528 1764 1577 cura
1782 1526 1865 1575 con·

533 1640 651 1713 sectas
680 1640 727 1712 de
756 1638 833 1712 vita
860 1654 897 1712 et
927 1639 1104 1735 martyrio
1133 1639 1250 1734 patris
1278 1639 1510 1736 Apollinaris
1546 1636 1765 1711 d’Almeida
1792 1634 1865 1731 epi·

533 1773 638 1869 scopi
668 1772 828 1847 Nicaeni
857 1788 895 1846 et
923 1772 1080 1855 aliorum
1110 1786 1253 1869 septem
1284 1788 1431 1870 patrum
1451 1773 1488 1845 in
1508 1772 1638 1846 odium
1658 1770 1865 1846 catholicae

533 1904 620 1979 fidei
651 1904 688 1977 in
727 1905 931 2002 Aethiopia
967 1904 1275 2002 interemptorum
1295 1907 1308 1999 (
1317 1904 1358 2006 1),
1397 1920 1435 1979 et
1472 1921 1620 2003 praeter
1657 1902 1865 1978 Historiam

498 2076 501 2081 ·
535 2063 624 2112 suae
651 2039 906 2135 Expeditiom’s
938 2041 1164 2136 Aethiopicae
1200 2041 1248 2113 ad
1285 2040 1510 2113 refellendas
1548 2038 1767 2135 praesertim
1806 2035 1866 2109 ad·

534 2171 781 2245 versariorum
810 2170 1018 2245 calumnias
1050 2172 1311 2268 compositam,
1350 2173 1462 2247 etiam
1501 2197 1548 2246 ex
1585 2171 1712 2244 multis
1749 2169 1866 2266 ipsius

533 2304 703 2400 epistolis
730 2306 778 2377 de
805 2330 852 2378 eo
881 2306 1034 2403 negotio
1063 2305 1100 2379 in
1130 2308 1319 2403 Europam
1350 2306 1486 2393 missis,
1516 2331 1672 2401 quarum
1696 2303 1865 2377 ultimam

534 2437 647 2533 paulo
676 2453 762 2512 ante
782 2441 924 2512 obitum
945 2439 1105 2536 scripsit,
1127 2464 1200 2535 qua
1225 2440 1402 2538 martyria
1421 2465 1443 2512 a
1461 2440 1653 2513 Bernardo
1672 2435 1866 2534 Nogueira

533 2585 570 2643 et
597 2596 620 2643 a
648 2571 751 2645 Sella
778 2571 947 2648 Christos
976 2574 1075 2646 lacta
1102 2587 1251 2646 enarrat
1265 2570 1327 2672 (2).
1359 2574 1407 2646 Et
1425 2597 1556 2646 revera
1573 2570 1752 2645 extremis
1769 2570 1865 2642 vitae

534 2729 623 2778 suae
651 2706 760 2779 annis
788 2731 834 2779 ex
862 2707 1036 2780 omnibus
1066 2706 1214 2780 lesuitis
1243 2706 1280 2779 in
1311 2706 1417 2780 lndia
1435 2705 1660 2803 degentibus
1679 2705 1784 2777 solus
1803 2704 1865 2774 Pa·

534 2837 696 2912 triarcha
722 2839 965 2936 Aethiopiam
994 2840 1196 2936 cogitabat,
1227 2855 1267 2913 ut
1300 2854 1447 2913 constat
1478 2865 1526 2912 ex
1552 2837 1715 2934 epistola
1752 2835 1867 2933 patris

534 2970 866 3046 FrancisciStorer
893 2975 941 3045 ad
966 2998 1003 3069 p.
1032 2973 1255 3047 Generalem
1277 2971 1494 3046 Goswinum
1523 2971 1671 3057 Nickel,
1693 2970 1867 3043 Bandora

533 3105 622 3178 data
656 3127 698 3194 15
731 3104 854 3179 martii
890 3110 1000 3198 1655.
1037 3108 1276 3201 «Postquam
1306 3107 1379 3180 huc
1417 3098 1568 3207 [Goam]
1609 3102 1778 3205 perveni,
1815 3126 1866 3174 re·

534 3238 615 3333 peri
649 3237 721 3311 nisi
751 3237 788 3310 in
818 3237 1069 3313 illustrissimo
1098 3241 1147 3312 D.
1179 3238 1393 3312 Patriarcha
1421 3238 1647 3334 Aethiopiae
1676 3259 1864 3330 nunquam

534 3372 614 3444 eius
640 3372 843 3445 tentandae
871 3370 1138 3465 cogitationem
1169 3371 1297 3444 haberi
1327 3396 1350 3444 a
1376 3396 1564 3467 quoquam
1585 3370 1639 3464 a(
1666 3374 1690 3467 ).

615 3506 676 3578 26.
698 3504 845 3577 Medios
864 3504 960 3577 inter
987 3506 1057 3577 hos
1085 3506 1233 3579 labores
1260 3506 1308 3577 ad
1328 3530 1466 3577 annum
1487 3503 1658 3600 pervenit
1679 3505 1792 3595 1656,
1811 3526 1866 3573 ae·

534 3636 620 3709 tatis
639 3662 728 3711 suae
757 3637 1076 3733 septuagesimum
1105 3637 1317 3733 septimum,
1347 3652 1384 3710 et
1406 3662 1481 3732 quo
1501 3636 1655 3710 liberius
1675 3635 1781 3731 operi
1801 3657 1867 3707 suo

533 3768 713 3843 historico
733 3769 901 3842 ultimam
924 3795 1074 3842 manum
1103 3784 1310 3866 apponeret
1337 3784 1448 3865 atque
1476 3795 1499 3842 a
1527 3767 1739 3842 rumoribus
1766 3762 1867 3840 urbis

535 4046 631 4123 philio
653 4047 831 4105 instantiam
853 4046 1063 4106 Procuratoris
1084 4049 1238 4106 missionis
1260 4058 1379 4123 patrum
1401 4047 1469 4107 Soc
1493 4046 1561 4105 lesu
1583 4048 1613 4104 in
1629 4047 1797 4123 Aethiopia
1813 4062 1867 4121 pro

534 4144 639 4219 aliquo
660 4144 798 4202 subsidio
819 4146 858 4202 ad
880 4146 1083 4204 sublevandas
1098 4146 1294 4203 necessitates
1316 4146 1492 4221 praedictae
1507 4145 1671 4214 missionis,
1687 4144 1750 4201 EE.
1765 4143 1868 4201 Patres

534 4252 719 4300 censuerunt
739 4242 869 4301 oratoris
890 4242 1033 4318 petitioni
1054 4261 1120 4301 esse
1140 4244 1350 4311 annuendum,
1365 4243 1535 4302 dummodo
1550 4241 1714 4300 Generalis
1731 4242 1867 4300 eiusdem

534 4338 697 4398 Societatis
719 4340 897 4397 missionem
919 4340 1008 4397 huius
1028 4340 1056 4397 S.
1079 4338 1211 4415 Congu·
1231 4340 1416 4399 authoritate
1438 4341 1577 4398 instituat
1607 4357 1678 4398 cum
1708 4339 1867 4397 Praefecto

535 4446 565 4494 et
587 4437 679 4495 sociis
700 4438 739 4494 ab
760 4455 797 4493 ea
818 4438 985 4512 probandis
1005 4448 1036 4495 et
1057 4456 1126 4495 cum
1153 4439 1259 4495 litteris
1285 4438 1461 4513 patentibus
1486 4457 1522 4495 ac
1549 4437 1749 4496 facultatibus
1777 4436 1867 4494 refor-

535 4534 627 4591 matis
649 4534 680 4590 in
702 4534 899 4610 Aethiopiam
921 4537 959 4593 ab
981 4537 1090 4593 eadem
1111 4535 1141 4599 S.
1165 4535 1293 4610 Cong.¹¹⁰
1317 4536 1559 4611 expediendis».
1581 4534 1667 4604 APF,
1691 4531 1868 4606 161111638-

538 4628 623 4705 1639,
646 4631 666 4688 s.
690 4642 783 4703 223v.

616 4726 660 4804 (1)
682 4727 886 4804 Reperiuntur
908 4730 939 4785 in
961 4730 1112 4787 tabulario
1133 4729 1183 4786 SS.
1206 4729 1331 4806 Rituum
1353 4731 1609 4807 Congregationis
1630 4742 1661 4791 et
1675 4733 1867 4808 potissimum

536 4825 702 4900 praebuere
723 4834 937 4900 argumentum
959 4826 998 4882 ad
1020 4844 1143 4884 causam
1167 4827 1293 4883 istorum
1316 4838 1480 4904 martyrum
1501 4831 1758 4905 promovendam.

616 4920 660 4999 (2)
681 4921 753 4991 ASI,
778 4922 890 4988 Goana,
913 4922 993 4980 Hirr.
1015 4923 1104 4992 Aetl,
1132 4921 1308 4998 16304659,
1330 4926 1398 4982 doc.
1421 4925 1500 4984 LIV.

613 5017 658 5096 (3)
680 5019 764 5089 APF,
795 5018 881 5077 Indr'e
907 5021 1014 5089 orr‘ent„
1037 5022 1086 5078 dal
1117 5019 1189 5091 1623
1219 5021 1247 5078 al
1281 5020 1364 5094 1674.
1394 5023 1492 5083 Scritt.
1515 5027 1628 5099 rifm'te
1654 5026 1699 5082 ne'
1720 5023 1868 5101 congressi,

536 5118 596 5174 vol.
618 5116 641 5185 I,
665 5116 684 5174 s.
708 5131 755 5188 74.
1469 5135 1472 5141 ·
