4058 6178
570 560 629 604 202
899 552 1173 603 EXPEDITIONIS
1196 548 1457 603 AETHIOPICAE
1481 551 1560 602 ETC.

258 707 339 760 retu
350 710 541 760 euomue-
659 718 708 764 10.
733 698 896 764 Omnium
910 697 1179 765 fortunatissima
1194 720 1269 766 sors
1284 698 1411 780 obtigit
1426 699 1571 771 duobus,
1585 682 1719 761 Emana
1732 694 1885 769 Christis,

220 778 419 905 sstmffiffl
443 776 539 831 Μ’·
566 817 656 880 inest
678 814 805 880 curisti
827 817 1000 889 aexterae,
1020 826 1055 878 et
1068 814 1183 881 tensa
1201 814 1367 887 cheae,
1383 815 1473 878 idest
1488 814 1582 876 uirus
1596 797 1884 885 resurrectionum

436 942 440 947 “
567 931 761 1016 Segadeam
783 933 995 1015 provinciam
1019 934 1054 995 in
1077 932 1282 996 occidentali
1306 941 1404 1014 parte
1426 930 1524 1013 regni
1546 928 1685 1013 Tigraei
1705 930 1815 1001 sitam,
1843 930 1886 990 di·

569 1048 691 1119 missis,
715 1049 938 1131 quibuscum
962 1049 1158 1111 mandatum
1181 1058 1272 1112 esset
1296 1057 1333 1111 ut
1356 1045 1485 1109 Christi
1508 1064 1634 1127 corpus
1648 1054 1683 1108 et
1698 1046 1885 1127 sanguinem

568 1163 790 1245 popularibus
813 1162 1025 1236 exhiberent,
1049 1183 1147 1226 suum
1170 1164 1237 1246 ipsi
1264 1160 1494 1246 gratissimam
1521 1160 1670 1223 bostiam
1694 1161 1885 1222 obtuleram

569 1279 651 1342 Post
675 1278 771 1341 mille
795 1289 829 1342 et
852 1290 1023 1342 tercentas
1045 1281 1177 1341 animas
1199 1279 1363 1360 baptismi
1393 1278 1624 1360 poenitentiae
1646 1287 1681 1339 et
1705 1295 1819 1340 sacrae
1838 1294 1887 1358 sy-

569 1412 699 1458 naxeos
722 1395 945 1457 sacramentis
963 1392 1101 1457 Christo
1116 1403 1241 1476 partas,
1257 1395 1301 1456 ad
1317 1393 1482 1475 templum
1509 1409 1645 1463 venere,
1662 1393 1697 1453 in
1720 1410 1788 1472 quo
1809 1391 1887 1453 schi-

569 1508 703 1572 smatici
727 1510 867 1591 antiquo
890 1510 956 1573 ritu
979 1510 1218 1591 operabantur,
1233 1518 1268 1572 et
1283 1528 1361 1572 cum
1385 1526 1479 1571 aram
1501 1507 1632 1570 vellent
1650 1524 1793 1570 romano
1806 1508 1888 1569 cultu

569 1626 744 1696 adornare,
768 1624 917 1688 obnixus
940 1635 992 1688 est
1015 1634 1221 1707 praepotens
1243 1624 1383 1707 quidam
1408 1633 1442 1687 et
1472 1619 1638 1685 factiosus
1663 1642 1741 1686 cum
1765 1620 1889 1684 famulis

570 1751 603 1803 et
628 1742 838 1823 propinquis,
863 1760 1004 1803 monens
1027 1750 1063 1802 ut
1090 1741 1159 1802 alio
1190 1737 1409 1811 facesserent,
1440 1756 1539 1802 suum
1563 1739 1654 1800 enim
1677 1747 1818 1820 patrem,
1839 1739 1889 1819 qui

571 1858 604 1917 in
633 1857 740 1918 veteri
763 1856 970 1938 Aethiopiae
1000 1854 1068 1919 fide
1098 1856 1240 1927 obierat,
1265 1855 1312 1918 ibi
1340 1874 1415 1918 esse
1439 1853 1635 1927 humatnm;
1667 1873 1772 1935 seque
1800 1872 1890 1934 super

572 1972 739 2034 tumulum
762 1971 916 2053 proiecit,
940 1973 1051 2053 ipsum
1076 1991 1218 2053 corpore
1254 1981 1413 2034 tecturus.
1445 1968 1603 2032 Modeste
1634 1969 1701 2032 Dei
1731 1966 1820 2032 servi
1846 1986 1890 2029 re·

571 2088 789 2170 sponderunt,
813 2088 982 2168 siquidem
1006 2088 1134 2170 templo
1158 2089 1387 2171 exigerentur,
1411 2086 1566 2169 plicatile
1588 2086 1698 2148 altare
1718 2095 1795 2148 ante
1810 2085 1890 2146 illius

572 2201 663 2265 fores
686 2203 867 2273 locaturos,
890 2213 925 2265 et
949 2203 997 2264 ibi
1020 2221 1092 2265 rem
1116 2203 1268 2265 divinam
1293 2204 1337 2265 ab
1359 2203 1443 2284 ipsis
1466 2198 1597 2265 factum
1621 2202 1663 2263 iri
1690 2210 1726 2264 et
1751 2216 1820 2273 eos,
1839 2200 1890 2281 qui

571 2327 794 2390 accurrerent,
818 2319 925 2381 sacris
956 2320 1129 2400 mysteriis
1159 2319 1413 2400 participatum.
1438 2316 1503 2379 Ille
1529 2337 1590 2379 eos
1612 2318 1756 2399 pecunia
1779 2316 1890 2377 tentari

570 2434 678 2503 iussit,
702 2434 782 2496 inde
803 2452 906 2514 porro
929 2442 965 2495 ut
989 2434 1121 2495 abirent
1128 2454 1136 2507 ;
1160 2451 1262 2514 quam
1286 2432 1338 2494 illi
1361 2441 1561 2513 respuentes
1584 2432 1714 2503 dixere,
1738 2450 1804 2494 non
1819 2430 1890 2492 illuc

572 2569 608 2612 se
632 2551 767 2613 venisse
790 2550 834 2611 ad
849 2550 1027 2631 pecuniam
1044 2548 1300 2617 corradendam,
1318 2549 1378 2610 sed
1394 2548 1437 2611 ad
1454 2548 1596 2620 animas,
1613 2566 1702 2629 quae
1717 2557 1809 2611 totae
1823 2556 1888 2608 sunt

571 2664 697 2728 Christi
722 2665 873 2733 divitiae,
898 2666 991 2728 illius
1013 2666 1184 2729 thesauris
1206 2664 1461 2746 impertiendas.
1482 2663 1634 2728 Cernens
1649 2666 1808 2747 pertinax
1821 2664 1890 2724 hae·

571 2780 695 2842 reticus
719 2780 866 2861 optimos
890 2780 969 2841 illos
992 2782 1212 2862 presbyteros
1234 2780 1399 2844 avaritiae
1421 2800 1535 2862 puros,
1559 2790 1593 2843 et
1617 2781 1758 2862 pietatis
1772 2780 1889 2861 plenos,

571 2894 641 2956 suis
664 2894 796 2956 artibus
819 2896 1010 2977 expugnari
1034 2915 1100 2957 non
1125 2915 1235 2977 posse,
1261 2906 1395 2960 noctem
1420 2897 1656 2978 praestolatus,
1674 2895 1709 2957 in
1729 2893 1889 2958 aeconomi

571 3008 738 3071 ecclesiae
762 3009 910 3079 domum,
935 3011 1087 3091 inquam
1113 3011 1165 3073 illi
1189 3030 1226 3073 se
1250 3021 1460 3094 receperant,
1483 3030 1560 3073 cum
1585 3009 1726 3074 famulis
1748 3010 1889 3090 irrumpit

573 3133 606 3185 et
630 3125 766 3187 illorum
790 3125 904 3206 capita
926 3124 1052 3188 balatis
1075 3127 1174 3208 (quae
1197 3128 1317 3191 clavae
1340 3136 1419 3190 sunt
1443 3127 1477 3189 in
1501 3126 1652 3210 cingulis
1674 3127 1848 3208 portatiles
1861 3134 1889 3185 et

572 3240 730 3323 missiles)
753 3242 942 3314 contundit,
967 3243 1094 3305 additis
1116 3243 1286 3325 aliquibus
1310 3245 1498 3325 pugionum
1532 3243 1668 3314 ictibus,
1692 3252 1730 3305 ut
1756 3241 1819 3304 hoc
1843 3240 1890 3301 vel

573 3356 634 3417 illo
658 3355 881 3418 immanitatis
904 3356 1131 3419 instrumento
1153 3378 1172 3417 e
1194 3359 1268 3420 vita
1291 3358 1500 3421 tollerentur.
1525 3355 1585 3421 Sic
1600 3376 1720 3420 verum
1736 3356 1888 3420 redditum

573 3482 624 3534 est
647 3468 857 3535 fortunatum
883 3472 1004 3535 horum
1035 3475 1313 3554 presbyterorum
1346 3493 1479 3545 nomen,
1511 3475 1635 3555 quibus
1664 3475 1788 3536 caedes
1815 3471 1889 3534 adeo

573 3589 724 3669 gloriosa
747 3588 903 3661 contulit,
927 3598 963 3651 ut
987 3607 1062 3650 cum
1087 3586 1224 3650 Christo
1239 3598 1467 3670 resurgerent,
1483 3600 1518 3652 et
1537 3586 1599 3651 *ad
1616 3588 1711 3652 illius
1727 3589 1889 3651 dexteram
1910 3589 1924 3637 t.
1937 3594 1963 3647 95·

573 3702 800 3766 considerent.
813 3702 938 3766 Incidit
955 3705 984 3766 is
999 3703 1191 3785 triumphus
1206 3705 1241 3766 in
1258 3704 1349 3767 diem
1365 3705 1534 3767 decimam
1549 3705 1692 3766 ianuarii
1710 3705 1790 3766 anni
1809 3706 1888 3777 1627.

574 3816 670 3898 Quae
694 3817 864 3899 primitiae
888 3817 984 3882 fuere
1006 3821 1182 3903 sanguinis
1204 3821 1302 3902 large
1324 3832 1444 3901 postea
1468 3821 1500 3881 in
1526 3817 1606 3882 fidei
1622 3819 1812 3882 catholicae
1825 3834 1890 3897 pro

575 3934 795 4015 pagatinnem
828 3936 862 3995 in
897 3933 1088 4015 Aethiopia
1118 3936 1352 4016 proseminati.
1382 3934 1628 4016 Imperatorem
1663 3936 1814 4017 graviter
1840 3929 1891 3992 illa

575 4048 737 4110 atrocitas
761 4057 795 4110 et
817 4048 1036 4131 sacrilegium
1072 4050 1217 4112 irritavit
1241 4050 1429 4129 ducemque
1452 4049 1548 4112 illico
1571 4069 1648 4112 cum
1673 4050 1836 4112 militibus
1856 4044 1891 4106 ad

574 4182 702 4243 poenas
726 4165 937 4243 expetendas
958 4164 1097 4235 dimisit,
1114 4184 1199 4245 quas
1213 4174 1294 4227 tunc
1310 4163 1466 4227 carnifex
1482 4166 1543 4228 ille
1558 4162 1690 4247 effugit,
1712 4184 1771 4228 eas
1791 4173 1891 4226 tamen

576 4289 695 4360 postea
718 4280 812 4341 dedit
836 4281 870 4341 in
894 4290 1007 4342 castra
1029 4289 1192 4361 raptatus,
1225 4282 1259 4342 in
1289 4281 1413 4362 quibus
1439 4282 1598 4351 monitus,
1623 4280 1814 4343 imminenti
1835 4280 1891 4338 iam

575 4396 697 4466 securi,
731 4407 767 4457 ut
802 4415 839 4457 se
862 4395 1044 4458 Romanae
1072 4394 1151 4459 fidei
1182 4396 1217 4458 in
1248 4404 1405 4459 extremo
1435 4396 1496 4458 illo
1526 4397 1726 4460 discrimine
1748 4397 1893 4461 traderet,

575 4511 716 4593 negavit
739 4512 846 4573 ullum
870 4511 936 4573 sibi
960 4530 1035 4575 esse
1058 4531 1159 4592 posse
1183 4531 1260 4574 cum
1279 4511 1341 4574 illa
1356 4514 1607 4584 commercium,
1623 4520 1806 4594 postquam
1821 4510 1893 4572 duos

576 4626 655 4690 illos
678 4629 897 4709 presbyteros
921 4629 954 4689 in
980 4627 1085 4708 ipsius
1112 4629 1227 4690 odium
1254 4628 1457 4690 sustulisset.
1490 4626 1568 4709 Quo
1597 4628 1795 4693 testimonio
1823 4623 1894 4705 quid

576 4743 769 4806 robustius?

266 4869 424 4933 euripum
443 4869 548 4919 lectio
670 4877 718 4919 11.
743 4856 964 4939 Imperatoris
987 4868 1098 4921 castra
1121 4878 1181 4939 per
1204 4858 1282 4920 illas
1304 4860 1447 4941 hyemes
1469 4879 1532 4922 nec
1562 4860 1669 4931 arida,
1698 4879 1761 4923 nec
1784 4856 1895 4940 frigida

229 4940 380 5062 affl&
406 4940 437 4990 ¹¹²
462 4940 549 5003 “⁸³¹⁸
577 4970 682 5036 fuere.
707 4972 795 5035 Nam
819 4984 915 5055 pater
937 4973 1101 5036 Almeida
1121 4973 1266 5056 singulis
1281 4975 1402 5038 diebus
1417 4985 1495 5057 post
1511 4975 1673 5057 liturgiae
1689 4975 1893 5038 oblationem.

577 5090 702 5153 Sacrae
718 5088 915 5171 Scripturae
931 5089 1150 5154 difficultates
1174 5090 1307 5172 imperii
1331 5093 1538 5174 proceribus,
1562 5092 1751 5164 monachis,
1765 5086 1895 5152 cantori·
