4124 6182
606 476 647 550 56
939 486 1213 536 EXPEDITIONIS
1237 486 1499 536 AETHIOPICAE
1524 487 1607 538 ETC.

603 636 704 698 triam
729 637 879 710 invexit;
903 653 967 697 nec
990 634 1083 697 illius
1105 635 1290 716 quidquam
1314 635 1457 699 ulterius
1479 654 1541 717 per
1567 643 1740 699 trecentos
1770 655 1880 699 annos
1901 636 1942 699 ad

603 751 719 832 magni
743 747 928 813 Athanasii
952 746 1189 811 Alexandriae
1212 751 1375 813 antistius
1389 751 1618 814 sacerdotium
1635 772 1736 833 quam
1761 750 1890 815 Christi
1909 762 1942 815 et

603 861 722 928 Crucis
745 885 869 928 nornen
892 875 926 928 et
949 864 1140 948 caliginosa
1155 866 1322 946 quaedam
1338 866 1476 928 illorum
1501 869 1782 931 commemoratio
1805 868 1942 930 coleba-

603 991 667 1045 tur.
692 981 790 1044 Illius
820 999 903 1043 vero
934 981 1179 1044 illuminandae
1211 990 1245 1044 et
1275 984 1514 1064 prorogandae
1544 1003 1587 1047 ea
1617 1003 1720 1047 causa
1751 983 1816 1047 luit
1839 1005 1939 1067 quam

602 1100 731 1180 primus
754 1098 905 1160 omnium
921 1117 940 1160 e
955 1098 1107 1160 tenebris
1121 1098 1267 1160 asseruit
1283 1097 1444 1161 Ruffinus
1457 1098 1500 1182 (ι)
1525 1110 1559 1162 et
1583 1101 1691 1181 ipsius
1706 1102 1938 1163 auctoritatem

602 1224 722 1297 postea
744 1215 852 1277 secuti
876 1211 1036 1276 Socrates
1048 1212 1104 1296 (2),
1127 1210 1338 1277 Sozomenos
1350 1214 1406 1298 (3),
1430 1214 1669 1278 Theodoretus
1681 1216 1725 1297 (ql
1740 1224 1777 1279 et
1792 1217 1939 1279 eminen-

602 1332 752 1394 tissimus
774 1330 959 1393 cardInalis
981 1329 1150 1392 Baronius
1172 1329 1276 1393 tertio
1299 1310 1437 1393 suorum
1462 1329 1652 1394 Annalium
1679 1330 1941 1395 Ecclesiastico·

602 1465 676 1509 rum
692 1456 786 1509 tomo
810 1445 854 1507 ad
877 1464 1002 1507 annum
1026 1442 1150 1509 Christi
1166 1447 1443 1509 tercentesimum
1460 1448 1665 1530 vigesimum
1681 1450 1866 1530 septimum
1879 1448 1938 1529 (5);

602 1581 809 1644 quamquam
833 1581 933 1623 nemo
949 1561 1087 1623 illorum
1111 1559 1333 1643 Aethiopiam
1357 1563 1413 1624 vel
1437 1562 1625 1627 Abassiam
1648 1564 1788 1645 proprio
1804 1566 1939 1626 nomine

602 1680 819 1760 expresserit,
844 1679 905 1740 sed
929 1678 1024 1740 illam
1048 1696 1167 1740 omnes
1191 1676 1361 1741 inferioris
1378 1678 1496 1742 Indiae
1519 1682 1657 1742 nomIne
1682 1680 1940 1743 occultaverint.

601 1793 793 1856 Abassinos
820 1804 937 1856 tamen
965 1793 1072 1856 libros
1099 1793 1283 1875 diligenter
1308 1796 1531 1867 excutientes,
1563 1796 1701 1858 eosdem
1733 1815 1801 1858 non
1824 1796 1938 1876 hospi·

600 1911 715 1981 talem,
739 1911 801 1971 sed
823 1911 962 1971 omnino
985 1910 1210 1972 domesticam
1234 1920 1268 1972 et
1287 1910 1506 1973 indiscretam
1524 1931 1601 1973 cum
1626 1913 1751 1974 nostris
1773 1922 1938 1974 tesseram

600 2027 714 2089 colere
737 2023 1057 2096 animadvertimus;
1081 2034 1114 2086 et
1137 2025 1228 2106 quod
1252 2026 1309 2087 isti
1332 2026 1367 2086 in
1393 2023 1555 2089 inferiore
1582 2026 1681 2089 India
1711 2027 1838 2100 locant,
1862 2027 1941 2090 illos

600 2142 635 2203 in
651 2140 850 2222 Aethiopia,
866 2159 974 2221 parvo
990 2140 1172 2202 verborum
1188 2139 1395 2211 discrimine,
1415 2141 1607 2222 designare.
1626 2141 1816 2205 Historiam
1833 2144 1938 2225 igitur

601 2277 645 2318 ex
669 2259 822 2337 utrisque
845 2265 1015 2327 texemus,
1038 2267 1073 2319 et
1097 2257 1156 2320 ubi
1180 2256 1310 2336 aliquid
1333 2259 1517 2320 occurrerit
1540 2258 1761 2321 dissidentiae
1778 2259 1940 2321 subnota-

601 2372 722 2435 bimus.

290 2504 433 2567 Meropius
457 2504 574 2566 tyrius
692 2509 720 2567 3.
744 2486 868 2569 Tyrius
891 2488 1030 2568 quidam
1046 2486 1270 2568 philosophus
1294 2488 1529 2569 (mercatorem
1545 2489 1682 2551 tradunt
1706 2489 1784 2551 libri
1809 2489 1938 2552 aethio-

253 2576 457 2638 phylosophus.
601 2607 668 2687 pici
686 2625 747 2667 nec
764 2602 869 2678 fals03
886 2603 982 2685 Tyrii
999 2605 1089 2666 enim
1105 2602 1288 2685 principes
1302 2624 1348 2666 ex
1359 2603 1450 2667 Isaia
1461 2604 1505 2683 (ὁ)
1522 2614 1557 2667 et
1568 2604 1750 2668 Ezechiele
1762 2604 1817 2685 (7),
1834 2616 1870 2667 et
1886 2625 1937 2668 sa·

600 2722 748 2803 pientiae
772 2729 805 2782 et
828 2720 1059 2781 mercimoniis
1089 2719 1270 2797 vacabant)
1302 2720 1356 2781 cui
1387 2718 1544 2801 Meropio
1575 2739 1709 2791 nomen,
1741 2730 1936 2783 exterarum

600 2837 778 2920 regionum
801 2836 1019 2898 visendarum
1043 2835 1214 2897 desiderio
1237 2836 1414 2915 pellectus,
1439 2837 1473 2898 in
1497 2836 1692 2899 interiorem
1721 2835 1857 2898 Indiam
1884 2857 1936 2918 pe·

601 2953 758 3023 narravit,
783 2952 894 3013 ductis
921 2969 1035 3012 secum
1068 2950 1200 3012 duobus
1231 2951 1383 3031 puerulis
1414 2950 1581 3033 (servulos
1609 2952 1724 3013 dicunt
1748 2951 1937 3033 Abassini),

600 3087 686 3150 quos
709 3068 792 3149 ipse,
810 3076 927 3148 utpote
952 3067 1018 3128 sibi
1041 3067 1207 3148 sanguine
1230 3067 1451 3147 propinquos
1475 3066 1630 3130 honestis
1656 3068 1785 3129 artibus
1809 3068 1937 3130 imbue·

288 3196 444 3260 Meropil
483 3212 573 3262 nepos
600 3185 669 3247 bat.
693 3182 822 3245 Eorum
847 3184 962 3245 senior
984 3181 1211 3253 Frumentius
1244 3183 1354 3246 iunior
1377 3182 1548 3245 Aedesius
1572 3184 1759 3245 vocabatur
1786 3183 1936 3263 (Fremo

253 3272 443 3391 mm.
466 3281 518 3320 ’ω
546 3284 571 3319 ”
600 3312 716 3363 natum
740 3310 773 3362 et
796 3297 1010 3380 Sydrachum
1034 3298 1230 3379 Aethiopes
1253 3298 1450 3381 appellant).

689 3415 906 3478 Perlustratis
930 3416 1113 3495 superioris
1136 3414 1256 3475 indiae
1280 3415 1443 3495 partibus,
1467 3434 1581 3477 earum
1606 3415 1715 3477 laetus
1739 3416 1879 3477 notione
1903 3416 1936 3476 in

599 3534 744 3615 patriam
768 3530 945 3612 Meropius
968 3530 1047 3591 vela
1063 3531 1230 3592 convertit
1246 3539 1281 3592 et
1296 3550 1404 3612 aquae
1421 3550 1460 3593 ac
1477 3531 1682 3593 cibariorum
1698 3532 1842 3611 penuria
1858 3550 1936 3592 con·

599 3649 745 3717 strictus,
771 3648 805 3708 in
820 3655 954 3727 portum
979 3645 1160 3727 quemdam
1185 3643 1356 3707 inferioris
1373 3644 1491 3708 indiae
1508 3656 1559 3708 est
1575 3646 1747 3728 appulsus,
1766 3643 1871 3708 Cuius
1888 3648 1936 3707 ln·

599 3762 685 3823 colis
708 3761 864 3823 barbarie
887 3758 1049 3831 efferatis,
1074 3780 1150 3821 cum
1174 3760 1235 3822 illo
1259 3762 1357 3823 navis
1380 3762 1495 3843 aliqua
1518 3760 1680 3834 defertur,
1705 3763 1810 3824 moris
1841 3772 1894 3824 est
1916 3783 1936 3824 a

598 3876 750 3940 finitimis
780 3877 971 3958 exquirere,
1005 3894 1085 3937 num
1116 3873 1214 3938 firma
1244 3878 1312 3939 sint
1346 3896 1483 3939 suorum
1515 3876 1653 3960 Regum
1686 3875 1828 3939 foedera
1858 3898 1935 3939 cum

599 3992 779 4055 Romanis.
803 3989 861 4054 sie
885 3991 975 4072 apud
1000 4011 1061 4053 eos
1092 3992 1292 4053 dicebantur
1315 4012 1383 4053 non
1406 3993 1517 4055 solum
1541 3994 1598 4073 qui
1622 3990 1844 4057 Occidentali
1875 3994 1935 4056 sed

286 4122 445 4183 Meropium
467 4137 501 4171 ex
525 4123 570 4172 ln·
599 4111 701 4171 etiam
724 4117 890 4190 quotquot
921 4118 1037 4169 essent
1068 4105 1235 4171 Orientali
1267 4108 1411 4189 imperio
1443 4109 1596 4171 subiecti.
1628 4107 1674 4170 Et
1702 4129 1791 4171 vano
1819 4110 1933 4190 aliquo

249 4192 310 4313 321
322 4193 484 4315 ffliffi'
509 4195 571 4242 Μ’
598 4244 732 4286 rumore
752 4224 899 4305 perculsi
915 4241 1037 4285 navem
1053 4220 1246 4303 philosophi
1264 4224 1428 4285 invadunt
1444 4225 1624 4304 ipsumque
1641 4243 1717 4286 cum
1738 4227 1933 4287 vectoribus

597 4341 777 4402 trucidant.
802 4338 926 4401 Morbo
950 4336 1092 4420 periisse
1115 4340 1191 4421 ipsi,
1217 4335 1331 4400 forsan
1359 4348 1473 4402 tantae
1497 4359 1578 4402 suae
1600 4335 1733 4422 *gentis
1756 4342 1790 4401 in
1816 4342 1933 4403 imme·
1969 4348 1984 4397 f·
2000 4356 2032 4405 3¹-

597 4458 705 4518 rentis
727 4456 873 4517 diritatis
897 4452 1028 4536 pudore
1052 4455 1211 4535 correpti,
1236 4451 1414 4517 affirmant.

285 4582 466 4632 Frumentum
483 4582 569 4646 capri·
687 4592 716 4649 4.
742 4570 879 4632 Pueruli
903 4571 966 4632 sub
990 4576 1110 4632 arbore
1130 4570 1332 4632 meditantes
1348 4579 1382 4632 et
1398 4571 1562 4632 lectiones
1578 4590 1657 4632 suas
1672 4580 1834 4652 parantes
1856 4573 1930 4633 bar·

249 4652 570 4788 ffifflgfftffi'
597 4689 754 4749 batorum
778 4687 996 4749 miseratione
1019 4686 1147 4748 servati
1171 4686 1214 4747 ad
1238 4684 1376 4767 Regem
1400 4685 1586 4759 ducuntur;
1611 4687 1769 4767 equibus
1785 4688 1846 4748 ille
1861 4686 1929 4749 Ae·

248 4796 330 4846 citur.
597 4804 727 4864 dasium
740 4803 937 4883 pincernam
954 4802 1138 4873 constituit,
1156 4800 1354 4863 Frumentio
1370 4801 1541 4864 solertiori
1561 4810 1597 4864 et
1611 4803 1855 4884 perspicaciori
1869 4821 1929 4864 sua

685 4963 800 5026 (1)Lib.
823 4975 845 5020 1,
865 4978 921 5027 cap.
941 4975 965 5024 9.
985 4990 1018 4999 -
1039 4961 1078 5028 (2)
1098 4963 1155 5014 Lib.
1178 4974 1199 5020 1,
1219 4977 1276 5027 cap.
1297 4972 1338 5027 15.
1357 4989 1391 5001 -
1410 4960 1449 5028 (3)
1468 4962 1526 5013 Lib.
1547 4975 1571 5020 2,
1590 4977 1647 5027 cap.
1667 4972 1709 5023 23.
1727 4990 1764 5000 -
1782 4961 1823 5029 (4)
1835 4962 1891 5012 Lib.
1905 4971 1926 5017 1,

595 5068 651 5117 cup.
674 5063 714 5112 23.
736 5080 767 5089 —
788 5054 826 5114 (5)
846 5053 985 5107 Baron„
1000 5068 1040 5101 an.
1055 5059 1114 5112 327,
1129 5061 1191 5102 tom.
1212 5061 1235 5112 3.
1254 5078 1290 5089 -
1308 5049 1347 5119 (6)
1360 5052 1433 5109 Irni„
1447 5061 1488 5112 23,
1502 5066 1527 5103 n.
1542 5047 1566 5103 8.
1586 5078 1619 5089 -
1638 5048 1679 5118 (7)
1691 5051 1795 5110 Erech„
1810 5058 1850 5108 27,
1863 5066 1886 5100 n.
1901 5048 1926 5100 8.
