4066 6174
542 599 603 658 372
875 592 1151 643 EXPEDITIONIS
1174 591 1436 642 AETHIOPICAE
1458 590 1538 641 ETC.

536 750 587 802 est
611 750 833 803 commentus.
866 738 961 802 Idem
992 740 1095 803 aliam
1121 741 1165 803 ab
1188 759 1325 803 causam
1357 742 1469 822 (quam
1502 758 1568 801 non
1592 738 1776 821 expressit)
1799 748 1877 800 ante

535 865 681 936 quatuor
703 875 811 918 annos
834 855 939 919 Tecla
962 853 1163 939 Gueorguis.
1187 854 1285 918 Idem
1300 855 1459 938 proxime
1474 854 1578 918 Sarsa
1592 853 1758 918 Christos
1777 853 1809 915 N
1812 873 1877 915 unc

535 972 698 1033 rusticani
721 971 785 1034 hac
808 971 956 1034 tinctura
971 991 1068 1034 suam
1084 972 1262 1034 audaciam
1279 974 1451 1043 colorant;
1468 989 1588 1033 omnes
1610 971 1655 1033 ad
1679 971 1773 1053 ipsos
1797 990 1878 1032 con·

537 1088 664 1159 volant,
679 1098 712 1149 et
728 1107 783 1150 me
799 1087 987 1150 solitarium
1005 1088 1210 1170 relinquunt.
1224 1086 1341 1151 Meum
1358 1089 1537 1170 imperium
1554 1096 1654 1150 antea
1670 1086 1877 1149 latissimum

536 1213 619 1275 erat,
644 1222 732 1265 nunc
756 1200 917 1266 Granhae
940 1213 1038 1285 portu
1063 1206 1272 1267 terminatur.
1297 1202 1374 1267 Illic
1397 1204 1481 1274 heri,
1505 1202 1599 1265 victo
1625 1221 1730 1283 quam
1753 1202 1877 1263 victori

535 1320 685 1401 propior,
709 1338 787 1382 cum
810 1321 991 1383 rusticanis
1014 1322 1049 1382 in
1072 1338 1210 1383 arenam
1234 1319 1404 1391 descendi,
1421 1316 1507 1381 fides
1522 1316 1684 1381 Romana
1704 1318 1791 1380 nihil
1809 1336 1878 1379 non

536 1436 617 1497 boni
640 1435 754 1507 habet,
779 1435 839 1497 sed
855 1437 890 1498 in
906 1438 1019 1518 gentis
1043 1437 1140 1499 istius
1155 1446 1304 1498 mentem
1327 1455 1395 1498 non
1411 1435 1581 1506 illabitur;
1598 1436 1632 1496 in
1649 1434 1757 1504 illam,
1773 1453 1877 1515 quam

536 1551 588 1614 sui
614 1553 761 1616 maiores
776 1551 922 1622 coluere,
938 1560 1071 1614 tantum
1088 1552 1236 1633 suspirat
1253 1570 1315 1614 nec
1327 1560 1428 1614 extra
1444 1550 1539 1613 illam
1556 1551 1777 1632 conquiescit.
1795 1548 1877 1619 Eos,

535 1668 659 1748 quibus
682 1664 841 1729 Romana
858 1662 943 1728 fides
958 1666 1053 1728 cordi
1078 1664 1191 1738 fuerit,
1207 1667 1368 1729 immotos
1391 1664 1573 1739 dimittam,
1593 1666 1642 1728 sic
1659 1665 1815 1728 Lusitani
1832 1665 1878 1728 ab

537 1781 749 1865 Imperatore
772 1780 918 1845 Claudio
941 1782 984 1845 ad
1007 1782 1093 1845 haec
1116 1791 1280 1863 tempora,
1313 1783 1551 1866 indigenamm
1574 1781 1754 1853 convivae,
1785 1801 1878 1844 com-

537 1907 687 1981 potores,
710 1900 828 1983 generi
852 1908 887 1961 et
910 1896 1027 1960 affines
1044 1907 1253 1961 manserunt.
1277 1896 1352 1962 Illis
1371 1897 1496 1981 quibus
1518 1898 1638 1960 eadem
1655 1894 1742 1960 fides
1757 1899 1878 1960 odiosa

537 2026 597 2087 est,
622 2015 749 2077 avitam
773 2013 971 2096 propinabo.

226 2141 450 2191 Patriacum⁴
469 2154 510 2189 re-
628 2150 655 2209 3.
681 2127 871 2201 Oratorem,
897 2149 975 2192 num
999 2130 1064 2192 hoc
1081 2131 1237 2194 nuntium
1253 2140 1342 2194 esset
1357 2130 1588 2212 Imperatoris,
1608 2129 1813 2193 Patriarcha
1828 2130 1877 2191 in·

190 2226 337 2276 m‘
538 2246 726 2329 terrogavit
748 2254 783 2309 et
806 2244 987 2310 affirmanti
1010 2246 1153 2309 adiecit:
1185 2242 1403 2309 manifestum
1427 2265 1502 2309 esse
1525 2246 1663 2327 culpam
1687 2246 1877 2308 eversionis

538 2362 671 2444 imperii
696 2363 820 2425 nonin
844 2360 956 2433 fidem,
981 2362 1041 2424 sed
1066 2363 1100 2424 in
1123 2362 1320 2425 versatilem
1343 2372 1378 2425 et
1403 2363 1592 2426 novitatum
1617 2361 1875 2443 aucupatoriam

536 2478 752 2560 popularium
776 2478 927 2540 indolem
951 2478 1105 2541 recidere
1115 2497 1123 2550 ;
1146 2498 1235 2560 quae
1250 2477 1395 2560 saepius,
1413 2487 1596 2560 antequam
1612 2476 1778 2541 Romana
1793 2474 1876 2538 fides

537 2595 654 2657 audita
676 2604 776 2666 esset,
792 2595 980 2658 seditiones
995 2603 1031 2657 et
1045 2593 1253 2657 rebelliones
1268 2594 1459 2658 suscitavit.
1475 2592 1580 2656 Cuius
1599 2593 1649 2656 rei
1673 2613 1743 2656 non
1767 2612 1876 2675 pauca

537 2711 697 2792 exempla
720 2710 900 2791 produxit;
925 2709 987 2772 sed
1010 2711 1053 2772 ad
1069 2728 1211 2791 scopum
1228 2708 1422 2792 legationis,
1445 2729 1483 2772 se
1499 2710 1625 2780 statim,
1642 2720 1782 2791 sumpto
1798 2728 1875 2771 con·

536 2826 626 2897 silio,
651 2844 847 2907 responsum
872 2825 1052 2888 editurum.
1076 2822 1247 2888 Omnibus
1269 2825 1372 2887 domo
1389 2824 1548 2908 egressis,
1565 2824 1608 2887 de
1628 2843 1663 2887 re
1680 2825 1875 2887 consultare

537 2943 650 3022 coepit
674 2940 883 3013 Patriarcha‚
907 2941 966 3003 sed
991 2941 1043 3003 illi
1058 2942 1119 3003 vix
1137 2940 1317 3004 incuriam
1333 2941 1455 3023 pedem
1473 2941 1667 3012 intulerant,
1684 2959 1764 3003 cum
1780 2960 1873 3003 sena·

536 3066 591 3120 tor
613 3056 718 3139 Lipsa
739 3054 895 3120 Christds
918 3065 953 3119 et
975 3055 1075 3118 Bella
1105 3054 1267 3127 Christds,
1299 3057 1357 3138 qui
1382 3056 1568 3119 Damotum
1599 3075 1726 3138 prorex
1755 3053 1872 3127 fuerat,

537 3192 614 3235 cum
638 3172 707 3235 alio
731 3173 893 3235 mandato
916 3174 949 3235 in
972 3173 1059 3235 haec
1082 3174 1189 3235 verba
1211 3184 1290 3234 sunt
1317 3174 1461 3235 remissi.
1485 3171 1545 3235 Me
1567 3191 1685 3234 omnes
1709 3173 1873 3236 instanter

537 3298 704 3370 premunt,
729 3300 765 3352 ut
788 3307 904 3351 eorum
929 3298 1061 3352 mentes
1084 3289 1175 3351 iacto
1199 3289 1383 3370 praeconio
1404 3288 1642 3370 tranquillem;
1663 3286 1871 3357 Patriarcha.

538 3405 594 3467 vel
618 3406 751 3468 reddito
775 3405 831 3467 vel
856 3405 961 3468 misso
984 3422 1160 3486 response,
1185 3423 1298 3467 moras
1320 3405 1507 3485 praecidat.

226 3530 403 3592 Ruponsum
433 3528 511 3590 νὴ·
626 3519 676 3600 *4.
701 3520 802 3584 Inter
823 3540 884 3584 nos
906 3525 1105 3584 convenerat
1127 3519 1180 3594 t'a's,
1199 3519 1375 3605 que'fia'em
1392 3519 1583 3583 Romanam
1603 3519 1755 3582 madum
1769 3538 1870 3582 saara·
1893 3524 1912 3577 t.
1926 3532 1972 3582 ¹75·

191 3614 259 3651 num
277 3614 327 3662 per
344 3611 401 3650 tre·
418 3609 511 3663 patres
766 3636 772 3648 .
819 3636 826 3647 .
1096 3636 1102 3648 .
1282 3635 1288 3647 .
1421 3635 1427 3646 .
1778 3634 1785 3646 .

191 3670 319 3722 mmm,
533 3641 661 3721 perant
682 3656 740 3699 nec
755 3642 865 3721 ipsius
879 3636 1097 3722 exomologesi
1112 3641 1147 3699 et
1158 3656 1283 3721 synaxi
1298 3655 1333 3699 se
1347 3633 1556 3708 dedederant
1572 3640 1614 3698 ut
1626 3655 1687 3698 suo
1701 3635 1869 3698 arbitrata

537 3754 687 3817 moerent
698 3759 792 3837 posse
807 3753 1051 3838 Imperatorem
1073 3751 1257 3823 conneaere,
1273 3751 1438 3835 sionim
1461 3752 1508 3816 ad
1526 3771 1580 3814 eos
1601 3748 1793 3815 coercendos
1806 3749 1869 3814 ain

538 3889 605 3931 non
628 3868 773 3944 haberet,
798 3868 841 3931 iis
864 3873 986 3943 antem,
1002 3868 1065 3952 qai
1076 3867 1145 3931 eam
1161 3867 1261 3931 illam
1272 3866 1407 3953 publice
1416 3867 1575 3954 professi
1585 3865 1743 3954 fuerant
1756 3871 1791 3930 et
1807 3866 1869 3930 Ro

537 4005 637 4047 mano
652 3983 824 4067 Pontifici
835 3982 1054 4047 obedeentzam
1069 3983 1129 4046 sab
1143 3983 1334 4046 iuramenti
1345 3987 1380 4047 et
1397 3982 1625 4046 anathematis
1637 3983 1716 4067 [sic]
1735 3990 1870 4070 spopon-

537 4101 669 4175 derant,
692 4098 796 4187 nefas
818 4120 887 4163 esse
909 4099 1072 4163 assentiri
1098 4101 1209 4164 atad
1238 4120 1370 4164 errores
1394 4099 1568 4184 pristinos
1593 4100 1757 4164 rede'rent.
1790 4099 1870 4164 Cum

537 4217 602 4279 hoc
623 4235 786 4297 responso
802 4217 916 4279 statim
933 4226 1047 4296 patres
1063 4214 1277 4287 Emmanuel,
1293 4213 1469 4278 Antonius
1484 4224 1518 4278 et
1538 4214 1691 4279 Didacus
1706 4216 1869 4299 expediti.

538 4329 652 4413 Septa,
677 4332 811 4401 atrium,
836 4330 1044 4394 vestibulum
1067 4340 1101 4394 et
1124 4331 1220 4394 aulas
1242 4331 1462 4394 multitudine
1479 4329 1648 4394 ferventia
1663 4334 1826 4396 invenere
1839 4342 1871 4394 et

538 4449 631 4529 quod
654 4449 788 4530 prandii
812 4457 946 4528 tempus
969 4458 1069 4519 esset,
1093 4448 1270 4528 paululum
1294 4458 1372 4510 sunt
1388 4448 1597 4529 praestolati.
1618 4445 1706 4510 Cum
1721 4460 1802 4513 sunt
1817 4450 1871 4510 ad·

539 4565 645 4636 missi,
669 4563 776 4645 aliqui
799 4584 844 4625 ex
860 4565 1066 4646 proceribus,
1084 4562 1313 4638 ZamarianuS‚
1330 4563 1430 4626 Bella
1445 4560 1610 4635 Christos,
1628 4563 1745 4627 Acabi
1761 4563 1870 4633 Essat.

539 4679 664 4742 Daniel
688 4691 721 4742 et
746 4680 804 4741 alii
829 4689 907 4742 ante
931 4680 1063 4762 regium
1088 4680 1213 4741 lectum
1238 4680 1383 4741 stabant.
1400 4677 1462 4740 Ad
1476 4698 1589 4759 quem,
1606 4680 1640 4741 in
1658 4700 1699 4742 eo
1716 4681 1870 4744 demissis

539 4797 648 4857 oculis
670 4804 704 4858 et
728 4796 878 4857 marcido
902 4795 998 4857 vultu
1021 4794 1206 4865 sedentem,
1231 4795 1281 4856 sic
1314 4795 1450 4858 locutus
1472 4805 1524 4857 est
1547 4813 1581 4876 p.
1604 4793 1830 4858 Emmanuel:

228 4917 456 4969 Dissimulatio
476 4918 513 4966 ad
626 4932 656 4993 5.
674 4910 902 4974 Patriaechae
918 4910 1119 4974 renuntiari
1131 4909 1234 4973 e'assit
1255 4909 1291 4973 V.
1310 4910 1485 4982 Maiestas,
1503 4910 1660 4973 Romana
1675 4908 1755 4994 fide
1776 4931 1869 4973 mum

193 4989 557 5055 eoaqulflnemlam.
659 5027 665 5039 .
777 5026 912 5038 ...
1115 5025 1135 5039 ..
1238 5026 1322 5038 ..
1655 5025 1784 5039 ...

193 5076 376 5124 suscepere
401 5060 511 5109 extendi
540 5034 719 5111 emperiam
742 5028 917 5111 dissepare,
940 5026 1025 5090 aelle
1047 5046 1081 5089 se
1104 5047 1158 5101 ns,
1182 5047 1239 5110 qna
1262 5030 1388 5089 avitam
1411 5025 1624 5100 anhelarent,
1644 5025 1745 5090 allius
1766 5033 1869 5111 ampo

193 5144 365 5270 amisti·
376 5134 512 5182 ΝΜΟ·
540 5143 681 5207 nitatem
705 5143 856 5229 elargiri.
883 5142 1075 5227 Respondet
1088 5141 1316 5206 Patrzarotza:
1344 5142 1457 5204 ‹Non
1476 5142 1591 5205 mnus
1613 5141 1651 5206 V.
1669 5141 1868 5214 Maiestatis,
