<?xml version="1.0" encoding="UTF-8"?>
<!DOCTYPE html PUBLIC "-//W3C//DTD XHTML 1.0 Transitional//EN"
    "http://www.w3.org/TR/xhtml1/DTD/xhtml1-transitional.dtd">
<html xmlns="http://www.w3.org/1999/xhtml" xml:lang="en" lang="en">
 <head>
  <title>
</title>
<meta http-equiv="Content-Type" content="text/html;charset=utf-8" />
  <meta name='ocr-system' content='tesseract 3.04.00' />
  <meta name='ocr-capabilities' content='ocr_page ocr_carea ocr_par ocr_line ocrx_word'/>
</head>
<body>
  <div class='ocr_page' id='page_1' title='image "./rerumaethiopica00beccgoog_0291.png"; bbox 0 0 4058 6178; ppageno 0'>
   <div class='ocr_carea' id='block_1_1' title="bbox 215 1670 499 1734">
    <p class='ocr_par' dir='ltr' id='par_1_1' title="bbox 215 1670 499 1734">
     <span class='ocr_line' id='line_1_1' title="bbox 215 1670 499 1734; baseline 0.007 -16"><span class='ocrx_word' id='word_1_1' title='bbox 215 1672 313 1720; x_wconf 80' lang='lat' dir='ltr'>Patres</span> <span class='ocrx_word' id='word_1_2' title='bbox 319 1685 352 1720; x_wconf 85' lang='lat' dir='ltr'>ex</span> <span class='ocrx_word' id='word_1_3' title='bbox 361 1670 442 1721; x_wconf 75' lang='lat' dir='ltr'>India</span> <span class='ocrx_word' id='word_1_4' title='bbox 450 1686 499 1734; x_wconf 80' lang='lat' dir='ltr'>ap-</span> 
     </span>
    </p>
   </div>
   <div class='ocr_carea' id='block_1_2' title="bbox 179 1741 499 1861">
    <p class='ocr_par' dir='ltr' id='par_1_2' title="bbox 179 1741 499 1861">
     <span class='ocr_line' id='line_1_2' title="bbox 179 1741 499 1803; baseline 0.003 -13"><span class='ocrx_word' id='word_1_5' title='bbox 179 1741 279 1803; x_wconf 81' lang='lat' dir='ltr'>pulsos</span> <span class='ocrx_word' id='word_1_6' title='bbox 290 1751 317 1790; x_wconf 87' lang='lat' dir='ltr'>et</span> <span class='ocrx_word' id='word_1_7' title='bbox 330 1744 499 1792; x_wconf 81' lang='lat' dir='ltr'>Fremonam</span> 
     </span>
     <span class='ocr_line' id='line_1_3' title="bbox 180 1811 248 1861; baseline 0.015 -1"><span class='ocrx_word' id='word_1_8' title='bbox 180 1811 248 1861; x_wconf 81' lang='lat' dir='ltr'>adit.</span> 
     </span>
    </p>
   </div>
   <div class='ocr_carea' id='block_1_3' title="bbox 180 3753 499 3878">
    <p class='ocr_par' dir='ltr' id='par_1_3' title="bbox 180 3753 499 3878">
     <span class='ocr_line' id='line_1_4' title="bbox 196 3753 499 3839; baseline 0.007 -35"><span class='ocrx_word' id='word_1_9' title='bbox 196 3827 202 3839; x_wconf 43' lang='lat'><strong>·</strong></span> <span class='ocrx_word' id='word_1_10' title='bbox 216 3757 249 3804; x_wconf 89' lang='lat' dir='ltr'>In</span> <span class='ocrx_word' id='word_1_11' title='bbox 262 3753 392 3803; x_wconf 79' lang='lat' dir='ltr'>rebellem</span> <span class='ocrx_word' id='word_1_12' title='bbox 405 3754 499 3806; x_wconf 89' lang='lat' dir='ltr'>incur·</span> 
     </span>
     <span class='ocr_line' id='line_1_5' title="bbox 180 3839 225 3878; baseline 0 -1"><span class='ocrx_word' id='word_1_13' title='bbox 180 3839 225 3878; x_wconf 85' lang='lat' dir='ltr'>nt.</span> 
     </span>
    </p>
   </div>
   <div class='ocr_carea' id='block_1_4' title="bbox 214 4797 466 4862">
    <p class='ocr_par' dir='ltr' id='par_1_4' title="bbox 214 4797 466 4862">
     <span class='ocr_line' id='line_1_6' title="bbox 214 4797 466 4862; baseline -0.02 -11"><span class='ocrx_word' id='word_1_14' title='bbox 214 4799 311 4851; x_wconf 75' lang='lat' dir='ltr'>aciem</span> <span class='ocrx_word' id='word_1_15' title='bbox 330 4797 466 4862; x_wconf 83' lang='lat' dir='ltr'>disponit.</span> 
     </span>
    </p>
   </div>
   <div class='ocr_carea' id='block_1_5' title="bbox 525 589 1513 643">
    <p class='ocr_par' dir='ltr' id='par_1_5' title="bbox 525 589 1513 643">
     <span class='ocr_line' id='line_1_7' title="bbox 525 589 1513 643; baseline 0.006 -7"><span class='ocrx_word' id='word_1_16' title='bbox 525 594 584 637; x_wconf 92' lang='grc'>222</span> <span class='ocrx_word' id='word_1_17' title='bbox 856 589 1127 640; x_wconf 80' lang='lat' dir='ltr'><strong>EXPEDITIONIS</strong></span> <span class='ocrx_word' id='word_1_18' title='bbox 1150 590 1410 642; x_wconf 80' lang='lat' dir='ltr'><strong>AETHIOPICAE</strong></span> <span class='ocrx_word' id='word_1_19' title='bbox 1435 593 1513 643; x_wconf 82' lang='lat' dir='ltr'>ETC.</span> 
     </span>
    </p>
   </div>
   <div class='ocr_carea' id='block_1_6' title="bbox 523 736 1990 1393">
    <p class='ocr_par' dir='ltr' id='par_1_6' title="bbox 523 722 1990 939">
     <span class='ocr_line' id='line_1_8' title="bbox 524 736 1847 822; baseline 0.005 -25"><span class='ocrx_word' id='word_1_20' title='bbox 524 754 635 807; x_wconf 84' lang='lat' dir='ltr'>nomo,</span> <span class='ocrx_word' id='word_1_21' title='bbox 659 744 693 797; x_wconf 90' lang='lat' dir='ltr'>et</span> <span class='ocrx_word' id='word_1_22' title='bbox 715 744 835 817; x_wconf 85' lang='lat' dir='ltr'><strong>quater</strong></span> <span class='ocrx_word' id='word_1_23' title='bbox 857 737 1011 805; x_wconf 86' lang='lat' dir='ltr'>centenis</span> <span class='ocrx_word' id='word_1_24' title='bbox 1032 736 1176 800; x_wconf 90' lang='lat' dir='ltr'>hastatis</span> <span class='ocrx_word' id='word_1_25' title='bbox 1198 756 1239 800; x_wconf 90' lang='lat' dir='ltr'>ac</span> <span class='ocrx_word' id='word_1_26' title='bbox 1262 739 1401 801; x_wconf 90' lang='lat' dir='ltr'>cetratis</span> <span class='ocrx_word' id='word_1_27' title='bbox 1435 740 1494 822; x_wconf 91' lang='lat' dir='ltr'>qui</span> <span class='ocrx_word' id='word_1_28' title='bbox 1527 741 1576 803; x_wconf 92' lang='lat' dir='ltr'>ibi</span> <span class='ocrx_word' id='word_1_29' title='bbox 1600 750 1697 804; x_wconf 90' lang='lat' dir='ltr'>erant</span> <span class='ocrx_word' id='word_1_30' title='bbox 1719 743 1753 802; x_wconf 90' lang='lat' dir='ltr'>in</span> <span class='ocrx_word' id='word_1_31' title='bbox 1783 751 1847 804; x_wconf 88' lang='lat' dir='ltr'>sta·</span> 
     </span>
     <span class='ocr_line' id='line_1_9' title="bbox 523 847 1847 939; baseline 0.007 -28"><span class='ocrx_word' id='word_1_32' title='bbox 523 851 613 912; x_wconf 91' lang='lat' dir='ltr'>tivis.</span> <span class='ocrx_word' id='word_1_33' title='bbox 641 847 772 932; x_wconf 80' lang='lat' dir='ltr'><strong>Quibus</strong></span> <span class='ocrx_word' id='word_1_34' title='bbox 803 850 993 934; x_wconf 79' lang='lat' dir='ltr'>Imperator</span> <span class='ocrx_word' id='word_1_35' title='bbox 1023 854 1155 916; x_wconf 86' lang='lat' dir='ltr'>addidit</span> <span class='ocrx_word' id='word_1_36' title='bbox 1185 854 1343 917; x_wconf 86' lang='lat' dir='ltr'>millenos</span> <span class='ocrx_word' id='word_1_37' title='bbox 1373 875 1419 916; x_wconf 85' lang='lat' dir='ltr'>ex</span> <span class='ocrx_word' id='word_1_38' title='bbox 1448 875 1585 919; x_wconf 86' lang='lat' dir='ltr'>suorum</span> <span class='ocrx_word' id='word_1_39' title='bbox 1613 876 1763 929; x_wconf 89' lang='lat' dir='ltr'>numero,</span> <span class='ocrx_word' id='word_1_40' title='bbox 1794 860 1847 939; x_wconf 89' lang='lat' dir='ltr'>qui</span> 
     </span>
    </p>

    <p class='ocr_par' dir='ltr' id='par_1_7' title="bbox 523 926 1990 1483">
     <span class='ocr_line' id='line_1_10' title="bbox 523 963 1847 1051; baseline 0.007 -24"><span class='ocrx_word' id='word_1_41' title='bbox 523 967 680 1028; x_wconf 89' lang='lat' dir='ltr'>dicuntur</span> <span class='ocrx_word' id='word_1_42' title='bbox 703 963 856 1029; x_wconf 89' lang='lat' dir='ltr'>Cocabes</span> <span class='ocrx_word' id='word_1_43' title='bbox 878 969 952 1033; x_wconf 89' lang='lat' dir='ltr'>sive</span> <span class='ocrx_word' id='word_1_44' title='bbox 975 968 1106 1039; x_wconf 89' lang='lat' dir='ltr'>stellae,</span> <span class='ocrx_word' id='word_1_45' title='bbox 1129 989 1216 1051; x_wconf 88' lang='lat' dir='ltr'>quae</span> <span class='ocrx_word' id='word_1_46' title='bbox 1246 979 1327 1032; x_wconf 90' lang='lat' dir='ltr'>tunc</span> <span class='ocrx_word' id='word_1_47' title='bbox 1358 971 1451 1033; x_wconf 84' lang='lat' dir='ltr'>clare</span> <span class='ocrx_word' id='word_1_48' title='bbox 1481 973 1647 1035; x_wconf 79' lang='lat' dir='ltr'>micantes</span> <span class='ocrx_word' id='word_1_49' title='bbox 1669 974 1704 1035; x_wconf 89' lang='lat' dir='ltr'>in</span> <span class='ocrx_word' id='word_1_50' title='bbox 1734 973 1847 1037; x_wconf 89' lang='lat' dir='ltr'>ordine</span> 
     </span>
     <span class='ocr_line' id='line_1_11' title="bbox 523 1082 1949 1169; baseline 0.003 -26"><span class='ocrx_word' id='word_1_51' title='bbox 523 1101 585 1143; x_wconf 91' lang='lat' dir='ltr'>suo</span> <span class='ocrx_word' id='word_1_52' title='bbox 608 1082 756 1145; x_wconf 89' lang='lat' dir='ltr'>viriliter</span> <span class='ocrx_word' id='word_1_53' title='bbox 778 1094 896 1147; x_wconf 88' lang='lat' dir='ltr'>contra</span> <span class='ocrx_word' id='word_1_54' title='bbox 917 1085 1121 1167; x_wconf 87' lang='lat' dir='ltr'>sacrilegum</span> <span class='ocrx_word' id='word_1_55' title='bbox 1144 1098 1390 1168; x_wconf 87' lang='lat' dir='ltr'>pugnaverunt.</span> <span class='ocrx_word' id='word_1_56' title='bbox 1408 1085 1629 1169; x_wconf 77' lang='lat' dir='ltr'>Intelli⁵gens</span> <span class='ocrx_word' id='word_1_57' title='bbox 1652 1107 1734 1151; x_wconf 87' lang='lat' dir='ltr'>vero</span> <span class='ocrx_word' id='word_1_58' title='bbox 1757 1087 1845 1153; x_wconf 74' lang='lat' dir='ltr'>Caua</span> <span class='ocrx_word' id='word_1_59' title='bbox 1870 1100 1949 1161; x_wconf 61' lang='lat' dir='ltr'>trop.</span> 
     </span>
     <span class='ocr_line' id='line_1_12' title="bbox 524 1193 1990 1280; baseline 0.009 -23"><span class='ocrx_word' id='word_1_60' title='bbox 524 1193 676 1259; x_wconf 84' lang='lat' dir='ltr'>Christds</span> <span class='ocrx_word' id='word_1_61' title='bbox 698 1198 842 1280; x_wconf 85' lang='lat' dir='ltr'>primam</span> <span class='ocrx_word' id='word_1_62' title='bbox 867 1200 901 1261; x_wconf 94' lang='lat' dir='ltr'>in</span> <span class='ocrx_word' id='word_1_63' title='bbox 925 1200 1018 1263; x_wconf 90' lang='lat' dir='ltr'>bello</span> <span class='ocrx_word' id='word_1_64' title='bbox 1040 1202 1151 1264; x_wconf 85' lang='lat' dir='ltr'>bonae</span> <span class='ocrx_word' id='word_1_65' title='bbox 1173 1198 1330 1265; x_wconf 84' lang='lat' dir='ltr'>fortunae</span> <span class='ocrx_word' id='word_1_66' title='bbox 1353 1212 1516 1265; x_wconf 79' lang='lat' dir='ltr'><strong>tesseram</strong></span> <span class='ocrx_word' id='word_1_67' title='bbox 1540 1222 1614 1266; x_wconf 89' lang='lat' dir='ltr'>esse</span> <span class='ocrx_word' id='word_1_68' title='bbox 1633 1205 1846 1277; x_wconf 79' lang='lat' dir='ltr'>celeritatem,</span> <span class='ocrx_word' id='word_1_69' title='bbox 1989 1196 1990 1207; x_wconf 42' lang='lat'>¹</span> 
     </span>
     <span class='ocr_line' id='line_1_13' title="bbox 524 1314 1846 1393; baseline 0.009 -20"><span class='ocrx_word' id='word_1_70' title='bbox 524 1321 638 1374; x_wconf 89' lang='lat' dir='ltr'>tantae</span> <span class='ocrx_word' id='word_1_71' title='bbox 661 1332 698 1375; x_wconf 85' lang='lat' dir='ltr'>se</span> <span class='ocrx_word' id='word_1_72' title='bbox 721 1314 816 1375; x_wconf 85' lang='lat' dir='ltr'>dedit</span> <span class='ocrx_word' id='word_1_73' title='bbox 837 1324 886 1385; x_wconf 92' lang='lat' dir='ltr'>ut,</span> <span class='ocrx_word' id='word_1_74' title='bbox 909 1334 985 1377; x_wconf 90' lang='lat' dir='ltr'>curn</span> <span class='ocrx_word' id='word_1_75' title='bbox 1008 1314 1068 1377; x_wconf 90' lang='lat' dir='ltr'>ille</span> <span class='ocrx_word' id='word_1_76' title='bbox 1091 1326 1278 1379; x_wconf 82' lang='lat' dir='ltr'><strong>tercentum</strong></span> <span class='ocrx_word' id='word_1_77' title='bbox 1302 1317 1506 1381; x_wconf 85' lang='lat' dir='ltr'>milliaribus</span> <span class='ocrx_word' id='word_1_78' title='bbox 1522 1317 1694 1383; x_wconf 86' lang='lat' dir='ltr'>Dancazio</span> <span class='ocrx_word' id='word_1_79' title='bbox 1710 1322 1846 1393; x_wconf 86' lang='lat' dir='ltr'>abesset,</span> 
     </span>
    </p>
   </div>
   <div class='ocr_carea' id='block_1_7' title="bbox 525 1427 1990 1535">
    <p class='ocr_par' dir='ltr' id='par_1_8' title="bbox 525 1427 1990 1535">
     <span class='ocr_line' id='line_1_14' title="bbox 525 1427 1990 1535; baseline 0.009 -47"><span class='ocrx_word' id='word_1_80' title='bbox 525 1427 657 1489; x_wconf 87' lang='lat' dir='ltr'>decima</span> <span class='ocrx_word' id='word_1_81' title='bbox 679 1429 798 1510; x_wconf 89' lang='lat' dir='ltr'>quinta</span> <span class='ocrx_word' id='word_1_82' title='bbox 821 1430 876 1493; x_wconf 89' lang='lat' dir='ltr'>die</span> <span class='ocrx_word' id='word_1_83' title='bbox 900 1431 1096 1493; x_wconf 82' lang='lat' dir='ltr'>novembris</span> <span class='ocrx_word' id='word_1_84' title='bbox 1118 1432 1163 1493; x_wconf 91' lang='lat' dir='ltr'>ab</span> <span class='ocrx_word' id='word_1_85' title='bbox 1185 1451 1227 1495; x_wconf 89' lang='lat' dir='ltr'>eo</span> <span class='ocrx_word' id='word_1_86' title='bbox 1246 1432 1427 1496; x_wconf 83' lang='lat' dir='ltr'>discedens</span> <span class='ocrx_word' id='word_1_87' title='bbox 1442 1433 1531 1497; x_wconf 89' lang='lat' dir='ltr'>intra</span> <span class='ocrx_word' id='word_1_88' title='bbox 1546 1454 1698 1498; x_wconf 89' lang='lat' dir='ltr'>mensem</span> <span class='ocrx_word' id='word_1_89' title='bbox 1713 1439 1847 1507; x_wconf 82' lang='lat' dir='ltr'>venerit.</span> <span class='ocrx_word' id='word_1_90' title='bbox 1989 1490 1990 1535; x_wconf 30' lang='lat' dir='ltr'>p</span> 
     </span>
    </p>
   </div>
   <div class='ocr_carea' id='block_1_8' title="bbox 525 1543 989 1625">
    <p class='ocr_par' dir='ltr' id='par_1_9' title="bbox 525 1543 1990 1655">
     <span class='ocr_line' id='line_1_15' title="bbox 525 1543 989 1625; baseline 0.008 -22"><span class='ocrx_word' id='word_1_91' title='bbox 525 1543 660 1616; x_wconf 90' lang='lat' dir='ltr'>viderit,</span> <span class='ocrx_word' id='word_1_92' title='bbox 684 1544 955 1625; x_wconf 89' lang='lat' dir='ltr'>triumphaverit.</span> <span class='ocrx_word' id='word_1_93' title='bbox 986 1567 989 1573; x_wconf 63' lang='grc'><strong><em>’</em></strong></span> 
     </span>
    </p>
   </div>
   <div class='ocr_carea' id='block_1_9' title="bbox 525 1658 1990 5220">
    <p class='ocr_par' dir='ltr' id='par_1_10' title="bbox 525 1658 1990 3714">
     <span class='ocr_line' id='line_1_16' title="bbox 617 1658 1847 1747; baseline 0.008 -27"><span class='ocrx_word' id='word_1_94' title='bbox 617 1678 645 1737; x_wconf 83' lang='lat'>3.</span> <span class='ocrx_word' id='word_1_95' title='bbox 670 1658 876 1742; x_wconf 88' lang='lat' dir='ltr'>Longiorem</span> <span class='ocrx_word' id='word_1_96' title='bbox 900 1669 934 1723; x_wconf 90' lang='lat' dir='ltr'>et</span> <span class='ocrx_word' id='word_1_97' title='bbox 956 1658 1144 1725; x_wconf 84' lang='lat' dir='ltr'>flexuosam</span> <span class='ocrx_word' id='word_1_98' title='bbox 1168 1662 1260 1724; x_wconf 90' lang='lat' dir='ltr'>viam</span> <span class='ocrx_word' id='word_1_99' title='bbox 1287 1682 1348 1744; x_wconf 87' lang='lat' dir='ltr'>per</span> <span class='ocrx_word' id='word_1_100' title='bbox 1370 1660 1555 1747; x_wconf 85' lang='lat' dir='ltr'>Syrensem</span> <span class='ocrx_word' id='word_1_101' title='bbox 1586 1677 1620 1729; x_wconf 88' lang='lat' dir='ltr'>et</span> <span class='ocrx_word' id='word_1_102' title='bbox 1647 1665 1847 1730; x_wconf 84' lang='lat' dir='ltr'>Auxumita·</span> 
     </span>
     <span class='ocr_line' id='line_1_17' title="bbox 526 1776 1990 1864; baseline 0.007 -27"><span class='ocrx_word' id='word_1_103' title='bbox 526 1795 604 1837; x_wconf 90' lang='lat' dir='ltr'>nam</span> <span class='ocrx_word' id='word_1_104' title='bbox 628 1776 787 1858; x_wconf 85' lang='lat' dir='ltr'>regiones</span> <span class='ocrx_word' id='word_1_105' title='bbox 810 1778 1004 1857; x_wconf 88' lang='lat' dir='ltr'>capessivit,</span> <span class='ocrx_word' id='word_1_106' title='bbox 1029 1789 1063 1840; x_wconf 92' lang='lat' dir='ltr'>ut</span> <span class='ocrx_word' id='word_1_107' title='bbox 1086 1780 1209 1841; x_wconf 89' lang='lat' dir='ltr'>obvios</span> <span class='ocrx_word' id='word_1_108' title='bbox 1231 1779 1373 1843; x_wconf 89' lang='lat' dir='ltr'>haberet</span> <span class='ocrx_word' id='word_1_109' title='bbox 1395 1782 1546 1862; x_wconf 90' lang='lat' dir='ltr'>quinque</span> <span class='ocrx_word' id='word_1_110' title='bbox 1572 1792 1696 1864; x_wconf 85' lang='lat' dir='ltr'>patres,</span> <span class='ocrx_word' id='word_1_111' title='bbox 1727 1783 1784 1864; x_wconf 93' lang='lat' dir='ltr'>qui</span> <span class='ocrx_word' id='word_1_112' title='bbox 1805 1804 1846 1845; x_wconf 78' lang='lat' dir='ltr'>ea</span> <span class='ocrx_word' id='word_1_113' title='bbox 1989 1856 1990 1863; x_wconf 8' lang='grc' dir='ltr'>ἵ</span> 
     </span>
     <span class='ocr_line' id='line_1_18' title="bbox 527 1890 1845 1980; baseline 0.006 -27"><span class='ocrx_word' id='word_1_114' title='bbox 527 1890 626 1953; x_wconf 90' lang='lat' dir='ltr'>India</span> <span class='ocrx_word' id='word_1_115' title='bbox 648 1894 859 1973; x_wconf 87' lang='lat' dir='ltr'>appulerant.</span> <span class='ocrx_word' id='word_1_116' title='bbox 884 1890 1016 1973; x_wconf 82' lang='lat' dir='ltr'>Quibus</span> <span class='ocrx_word' id='word_1_117' title='bbox 1039 1896 1243 1975; x_wconf 87' lang='lat' dir='ltr'>conspectis,</span> <span class='ocrx_word' id='word_1_118' title='bbox 1266 1914 1433 1958; x_wconf 92' lang='lat' dir='ltr'>summum</span> <span class='ocrx_word' id='word_1_119' title='bbox 1451 1897 1577 1961; x_wconf 86' lang='lat' dir='ltr'>laboris</span> <span class='ocrx_word' id='word_1_120' title='bbox 1592 1896 1737 1962; x_wconf 87' lang='lat' dir='ltr'>fructum</span> <span class='ocrx_word' id='word_1_121' title='bbox 1752 1901 1845 1980; x_wconf 87' lang='lat' dir='ltr'>cepit,</span> 
     </span>
     <span class='ocr_line' id='line_1_19' title="bbox 527 2005 1847 2095; baseline 0.008 -27"><span class='ocrx_word' id='word_1_122' title='bbox 527 2025 653 2087; x_wconf 88' lang='lat' dir='ltr'>eosque</span> <span class='ocrx_word' id='word_1_123' title='bbox 676 2005 856 2070; x_wconf 88' lang='lat' dir='ltr'>sufficienti</span> <span class='ocrx_word' id='word_1_124' title='bbox 879 2010 1007 2090; x_wconf 89' lang='lat' dir='ltr'>stipatu</span> <span class='ocrx_word' id='word_1_125' title='bbox 1030 2009 1184 2081; x_wconf 91' lang='lat' dir='ltr'>munivit,</span> <span class='ocrx_word' id='word_1_126' title='bbox 1209 2019 1246 2072; x_wconf 90' lang='lat' dir='ltr'>ut</span> <span class='ocrx_word' id='word_1_127' title='bbox 1268 2020 1508 2093; x_wconf 85' lang='lat' dir='ltr'>grassatorum,</span> <span class='ocrx_word' id='word_1_128' title='bbox 1536 2015 1594 2095; x_wconf 93' lang='lat' dir='ltr'>qui</span> <span class='ocrx_word' id='word_1_129' title='bbox 1618 2015 1752 2077; x_wconf 91' lang='lat' dir='ltr'>deserta</span> <span class='ocrx_word' id='word_1_130' title='bbox 1776 2016 1847 2077; x_wconf 92' lang='lat' dir='ltr'>loca</span> 
     </span>
     <span class='ocr_line' id='line_1_20' title="bbox 526 2121 1846 2212; baseline 0.006 -28"><span class='ocrx_word' id='word_1_131' title='bbox 526 2121 698 2194; x_wconf 80' lang='lat' dir='ltr'>infestant,</span> <span class='ocrx_word' id='word_1_132' title='bbox 722 2125 863 2191; x_wconf 88' lang='lat' dir='ltr'>insidias</span> <span class='ocrx_word' id='word_1_133' title='bbox 886 2134 1150 2193; x_wconf 82' lang='lat' dir='ltr'>contemnerent.</span> <span class='ocrx_word' id='word_1_134' title='bbox 1175 2125 1379 2191; x_wconf 91' lang='lat' dir='ltr'>Fremonam</span> <span class='ocrx_word' id='word_1_135' title='bbox 1402 2129 1526 2193; x_wconf 89' lang='lat' dir='ltr'>deinde</span> <span class='ocrx_word' id='word_1_136' title='bbox 1548 2131 1727 2202; x_wconf 88' lang='lat' dir='ltr'>accedens,</span> <span class='ocrx_word' id='word_1_137' title='bbox 1746 2141 1779 2192; x_wconf 89' lang='lat' dir='ltr'>et</span> <span class='ocrx_word' id='word_1_138' title='bbox 1793 2151 1846 2212; x_wconf 91' lang='lat' dir='ltr'>pa-</span> 
     </span>
     <span class='ocr_line' id='line_1_21' title="bbox 525 2240 1847 2328; baseline 0.002 -25"><span class='ocrx_word' id='word_1_139' title='bbox 525 2240 694 2305; x_wconf 89' lang='lat' dir='ltr'>triarchae</span> <span class='ocrx_word' id='word_1_140' title='bbox 718 2241 877 2305; x_wconf 87' lang='lat' dir='ltr'>Andreae</span> <span class='ocrx_word' id='word_1_141' title='bbox 900 2245 1066 2306; x_wconf 91' lang='lat' dir='ltr'>tumulum</span> <span class='ocrx_word' id='word_1_142' title='bbox 1088 2254 1280 2317; x_wconf 89' lang='lat' dir='ltr'>veneratus,</span> <span class='ocrx_word' id='word_1_143' title='bbox 1304 2262 1419 2307; x_wconf 90' lang='lat' dir='ltr'>coram</span> <span class='ocrx_word' id='word_1_144' title='bbox 1442 2242 1685 2309; x_wconf 87' lang='lat' dir='ltr'>Sanctissimae</span> <span class='ocrx_word' id='word_1_145' title='bbox 1702 2244 1847 2328; x_wconf 83' lang='lat' dir='ltr'>Virginis</span> 
     </span>
     <span class='ocr_line' id='line_1_22' title="bbox 526 2356 1847 2442; baseline 0.006 -26"><span class='ocrx_word' id='word_1_146' title='bbox 526 2356 686 2439; x_wconf 84' lang='lat' dir='ltr'>imagine,</span> <span class='ocrx_word' id='word_1_147' title='bbox 709 2377 810 2439; x_wconf 90' lang='lat' dir='ltr'>quam</span> <span class='ocrx_word' id='word_1_148' title='bbox 835 2357 869 2421; x_wconf 91' lang='lat' dir='ltr'>in</span> <span class='ocrx_word' id='word_1_149' title='bbox 892 2360 992 2423; x_wconf 89' lang='lat' dir='ltr'>altari</span> <span class='ocrx_word' id='word_1_150' title='bbox 1015 2362 1205 2442; x_wconf 84' lang='lat' dir='ltr'>conspexit,</span> <span class='ocrx_word' id='word_1_151' title='bbox 1229 2369 1344 2423; x_wconf 91' lang='lat' dir='ltr'>votum</span> <span class='ocrx_word' id='word_1_152' title='bbox 1373 2361 1593 2442; x_wconf 88' lang='lat' dir='ltr'>nuncupavit,</span> <span class='ocrx_word' id='word_1_153' title='bbox 1622 2381 1669 2434; x_wconf 87' lang='lat' dir='ltr'>se,</span> <span class='ocrx_word' id='word_1_154' title='bbox 1694 2364 1723 2424; x_wconf 92' lang='lat' dir='ltr'>si</span> <span class='ocrx_word' id='word_1_155' title='bbox 1746 2363 1847 2424; x_wconf 92' lang='lat' dir='ltr'>victor</span> 
     </span>
     <span class='ocr_line' id='line_1_23' title="bbox 526 2475 1845 2558; baseline 0.004 -24"><span class='ocrx_word' id='word_1_156' title='bbox 526 2482 760 2546; x_wconf 84' lang='lat' dir='ltr'>reverteretur,</span> <span class='ocrx_word' id='word_1_157' title='bbox 783 2486 820 2538; x_wconf 91' lang='lat' dir='ltr'>ut</span> <span class='ocrx_word' id='word_1_158' title='bbox 844 2476 950 2558; x_wconf 90' lang='lat' dir='ltr'>ipsius</span> <span class='ocrx_word' id='word_1_159' title='bbox 973 2478 1161 2540; x_wconf 89' lang='lat' dir='ltr'>intercursu</span> <span class='ocrx_word' id='word_1_160' title='bbox 1184 2485 1217 2538; x_wconf 89' lang='lat' dir='ltr'>et</span> <span class='ocrx_word' id='word_1_161' title='bbox 1240 2475 1469 2558; x_wconf 83' lang='lat' dir='ltr'>potentissimi</span> <span class='ocrx_word' id='word_1_162' title='bbox 1499 2477 1651 2539; x_wconf 83' lang='lat' dir='ltr'>eiusdem</span> <span class='ocrx_word' id='word_1_163' title='bbox 1682 2475 1744 2539; x_wconf 86' lang='lat' dir='ltr'>filii</span> <span class='ocrx_word' id='word_1_164' title='bbox 1773 2497 1845 2539; x_wconf 87' lang='lat' dir='ltr'>oon-</span> 
     </span>
     <span class='ocr_line' id='line_1_24' title="bbox 526 2590 1846 2674; baseline 0.005 -27"><span class='ocrx_word' id='word_1_165' title='bbox 526 2590 679 2651; x_wconf 87' lang='lat' dir='ltr'>cessione</span> <span class='ocrx_word' id='word_1_166' title='bbox 702 2591 872 2671; x_wconf 89' lang='lat' dir='ltr'>sperabat,</span> <span class='ocrx_word' id='word_1_167' title='bbox 896 2591 948 2655; x_wconf 90' lang='lat' dir='ltr'>illi</span> <span class='ocrx_word' id='word_1_168' title='bbox 971 2611 1008 2654; x_wconf 89' lang='lat' dir='ltr'>se</span> <span class='ocrx_word' id='word_1_169' title='bbox 1030 2592 1196 2672; x_wconf 88' lang='lat' dir='ltr'>templum</span> <span class='ocrx_word' id='word_1_170' title='bbox 1219 2612 1260 2653; x_wconf 92' lang='lat' dir='ltr'>eo</span> <span class='ocrx_word' id='word_1_171' title='bbox 1284 2591 1361 2654; x_wconf 92' lang='lat' dir='ltr'>loco</span> <span class='ocrx_word' id='word_1_172' title='bbox 1384 2611 1430 2655; x_wconf 83' lang='lat' dir='ltr'>ex</span> <span class='ocrx_word' id='word_1_173' title='bbox 1446 2591 1562 2674; x_wconf 87' lang='lat' dir='ltr'>lapide</span> <span class='ocrx_word' id='word_1_174' title='bbox 1577 2592 1673 2654; x_wconf 88' lang='lat' dir='ltr'>calce</span> <span class='ocrx_word' id='word_1_175' title='bbox 1692 2591 1846 2674; x_wconf 86' lang='lat' dir='ltr'>colligato</span> 
     </span>
     <span class='ocr_line' id='line_1_25' title="bbox 526 2700 1846 2790; baseline 0.002 -24"><span class='ocrx_word' id='word_1_176' title='bbox 526 2700 792 2766; x_wconf 88' lang='lat' dir='ltr'>aedificaturum.</span> <span class='ocrx_word' id='word_1_177' title='bbox 816 2704 882 2767; x_wconf 92' lang='lat' dir='ltr'>Die</span> <span class='ocrx_word' id='word_1_178' title='bbox 906 2707 1064 2787; x_wconf 84' lang='lat' dir='ltr'>proxima</span> <span class='ocrx_word' id='word_1_179' title='bbox 1087 2725 1256 2790; x_wconf 85' lang='lat' dir='ltr'>egressus,</span> <span class='ocrx_word' id='word_1_180' title='bbox 1280 2725 1412 2789; x_wconf 90' lang='lat' dir='ltr'>nequa</span> <span class='ocrx_word' id='word_1_181' title='bbox 1435 2707 1707 2788; x_wconf 88' lang='lat' dir='ltr'>interponeretur</span> <span class='ocrx_word' id='word_1_182' title='bbox 1725 2725 1846 2768; x_wconf 89' lang='lat' dir='ltr'>moraa</span> 
     </span>
     <span class='ocr_line' id='line_1_26' title="bbox 525 2816 1846 2904; baseline 0.002 -23"><span class='ocrx_word' id='word_1_183' title='bbox 525 2840 557 2900; x_wconf 94' lang='lat' dir='ltr'>p.</span> <span class='ocrx_word' id='word_1_184' title='bbox 583 2816 734 2901; x_wconf 88' lang='lat' dir='ltr'>Gaspare</span> <span class='ocrx_word' id='word_1_185' title='bbox 758 2819 879 2883; x_wconf 80' lang='lat' dir='ltr'>Passio</span> <span class='ocrx_word' id='word_1_186' title='bbox 902 2822 1010 2903; x_wconf 88' lang='lat' dir='ltr'>petiit,</span> <span class='ocrx_word' id='word_1_187' title='bbox 1035 2830 1071 2883; x_wconf 92' lang='lat' dir='ltr'>ut</span> <span class='ocrx_word' id='word_1_188' title='bbox 1094 2841 1132 2885; x_wconf 89' lang='lat' dir='ltr'>se</span> <span class='ocrx_word' id='word_1_189' title='bbox 1153 2823 1198 2884; x_wconf 86' lang='lat' dir='ltr'>ad</span> <span class='ocrx_word' id='word_1_190' title='bbox 1213 2841 1392 2904; x_wconf 85' lang='lat' dir='ltr'>vesperum</span> <span class='ocrx_word' id='word_1_191' title='bbox 1410 2822 1458 2884; x_wconf 93' lang='lat' dir='ltr'>ibi</span> <span class='ocrx_word' id='word_1_192' title='bbox 1474 2823 1682 2892; x_wconf 89' lang='lat' dir='ltr'>conveniret,</span> <span class='ocrx_word' id='word_1_193' title='bbox 1705 2823 1763 2884; x_wconf 93' lang='lat' dir='ltr'>ubi</span> <span class='ocrx_word' id='word_1_194' title='bbox 1776 2840 1846 2903; x_wconf 89' lang='lat' dir='ltr'>per·</span> 
     </span>
     <span class='ocr_line' id='line_1_27' title="bbox 526 2934 1845 3020; baseline 0.002 -23"><span class='ocrx_word' id='word_1_195' title='bbox 526 2936 731 2998; x_wconf 88' lang='lat' dir='ltr'>noctandum</span> <span class='ocrx_word' id='word_1_196' title='bbox 766 2946 865 3000; x_wconf 88' lang='lat' dir='ltr'>esset.</span> <span class='ocrx_word' id='word_1_197' title='bbox 890 2935 959 2999; x_wconf 91' lang='lat' dir='ltr'>Hic</span> <span class='ocrx_word' id='word_1_198' title='bbox 982 2948 1119 3018; x_wconf 87' lang='lat' dir='ltr'>peracta</span> <span class='ocrx_word' id='word_1_199' title='bbox 1141 2938 1293 3020; x_wconf 84' lang='lat' dir='ltr'>generali</span> <span class='ocrx_word' id='word_1_200' title='bbox 1317 2934 1534 3003; x_wconf 83' lang='lat' dir='ltr'>confessione</span> <span class='ocrx_word' id='word_1_201' title='bbox 1556 2947 1590 3000; x_wconf 89' lang='lat' dir='ltr'>et</span> <span class='ocrx_word' id='word_1_202' title='bbox 1615 2938 1756 2999; x_wconf 86' lang='lat' dir='ltr'>coelesti</span> <span class='ocrx_word' id='word_1_203' title='bbox 1782 2938 1845 2999; x_wconf 81' lang='lat' dir='ltr'>via·</span> 
     </span>
     <span class='ocr_line' id='line_1_28' title="bbox 525 3051 1844 3135; baseline 0.001 -22"><span class='ocrx_word' id='word_1_204' title='bbox 525 3053 604 3122; x_wconf 93' lang='lat' dir='ltr'>tico,</span> <span class='ocrx_word' id='word_1_205' title='bbox 629 3052 663 3113; x_wconf 91' lang='lat' dir='ltr'>in</span> <span class='ocrx_word' id='word_1_206' title='bbox 686 3051 811 3134; x_wconf 87' lang='lat' dir='ltr'>pignus</span> <span class='ocrx_word' id='word_1_207' title='bbox 833 3054 999 3134; x_wconf 87' lang='lat' dir='ltr'>auspicati</span> <span class='ocrx_word' id='word_1_208' title='bbox 1022 3072 1197 3115; x_wconf 88' lang='lat' dir='ltr'>successus</span> <span class='ocrx_word' id='word_1_209' title='bbox 1219 3064 1296 3134; x_wconf 91' lang='lat' dir='ltr'>post</span> <span class='ocrx_word' id='word_1_210' title='bbox 1318 3064 1397 3115; x_wconf 93' lang='lat' dir='ltr'>octo</span> <span class='ocrx_word' id='word_1_211' title='bbox 1420 3053 1494 3115; x_wconf 88' lang='lat' dir='ltr'>dies</span> <span class='ocrx_word' id='word_1_212' title='bbox 1515 3054 1703 3126; x_wconf 89' lang='lat' dir='ltr'>obtinendi,</span> <span class='ocrx_word' id='word_1_213' title='bbox 1718 3054 1844 3135; x_wconf 88' lang='lat' dir='ltr'>partici-</span> 
     </span>
     <span class='ocr_line' id='line_1_29' title="bbox 525 3167 1844 3251; baseline -0.001 -21"><span class='ocrx_word' id='word_1_214' title='bbox 525 3179 616 3249; x_wconf 91' lang='lat' dir='ltr'>pat0,</span> <span class='ocrx_word' id='word_1_215' title='bbox 651 3178 720 3230; x_wconf 89' lang='lat' dir='ltr'>tam</span> <span class='ocrx_word' id='word_1_216' title='bbox 759 3168 872 3251; x_wconf 88' lang='lat' dir='ltr'>longis</span> <span class='ocrx_word' id='word_1_217' title='bbox 899 3167 1061 3250; x_wconf 88' lang='lat' dir='ltr'>deinceps</span> <span class='ocrx_word' id='word_1_218' title='bbox 1091 3169 1270 3233; x_wconf 86' lang='lat' dir='ltr'>itineribus</span> <span class='ocrx_word' id='word_1_219' title='bbox 1300 3169 1485 3237; x_wconf 87' lang='lat' dir='ltr'>contendit,</span> <span class='ocrx_word' id='word_1_220' title='bbox 1516 3179 1553 3231; x_wconf 97' lang='lat' dir='ltr'>ut</span> <span class='ocrx_word' id='word_1_221' title='bbox 1589 3170 1691 3231; x_wconf 89' lang='lat' dir='ltr'>trium</span> <span class='ocrx_word' id='word_1_222' title='bbox 1723 3170 1844 3231; x_wconf 85' lang='lat' dir='ltr'>dierum</span> 
     </span>
     <span class='ocr_line' id='line_1_30' title="bbox 526 3282 1846 3367; baseline 0.002 -22"><span class='ocrx_word' id='word_1_223' title='bbox 526 3285 617 3347; x_wconf 90' lang='lat' dir='ltr'>viam</span> <span class='ocrx_word' id='word_1_224' title='bbox 641 3285 675 3345; x_wconf 90' lang='lat' dir='ltr'>in</span> <span class='ocrx_word' id='word_1_225' title='bbox 698 3303 801 3346; x_wconf 91' lang='lat' dir='ltr'>unam</span> <span class='ocrx_word' id='word_1_226' title='bbox 824 3282 1014 3366; x_wconf 86' lang='lat' dir='ltr'>colligeret,</span> <span class='ocrx_word' id='word_1_227' title='bbox 1037 3304 1104 3366; x_wconf 92' lang='lat' dir='ltr'>quo</span> <span class='ocrx_word' id='word_1_228' title='bbox 1127 3284 1291 3348; x_wconf 88' lang='lat' dir='ltr'>rebellem</span> <span class='ocrx_word' id='word_1_229' title='bbox 1314 3284 1540 3366; x_wconf 81' lang='lat' dir='ltr'>interciperet,</span> <span class='ocrx_word' id='word_1_230' title='bbox 1562 3293 1746 3367; x_wconf 85' lang='lat' dir='ltr'>antequam</span> <span class='ocrx_word' id='word_1_231' title='bbox 1770 3302 1846 3365; x_wconf 86' lang='lat' dir='ltr'>rupe</span> 
     </span>
     <span class='ocr_line' id='line_1_31' title="bbox 526 3396 1846 3482; baseline 0 -22"><span class='ocrx_word' id='word_1_232' title='bbox 526 3396 721 3472; x_wconf 88' lang='lat' dir='ltr'>fortissima,</span> <span class='ocrx_word' id='word_1_233' title='bbox 745 3399 867 3463; x_wconf 75' lang='lat' dir='ltr'>Masbai</span> <span class='ocrx_word' id='word_1_234' title='bbox 889 3402 991 3473; x_wconf 90' lang='lat' dir='ltr'>dicta,</span> <span class='ocrx_word' id='word_1_235' title='bbox 1008 3420 1045 3463; x_wconf 87' lang='lat' dir='ltr'>se</span> <span class='ocrx_word' id='word_1_236' title='bbox 1062 3419 1102 3462; x_wconf 92' lang='lat' dir='ltr'>ac</span> <span class='ocrx_word' id='word_1_237' title='bbox 1123 3420 1203 3463; x_wconf 88' lang='lat' dir='ltr'>suas</span> <span class='ocrx_word' id='word_1_238' title='bbox 1225 3399 1342 3482; x_wconf 88' lang='lat' dir='ltr'>copias</span> <span class='ocrx_word' id='word_1_239' title='bbox 1357 3408 1516 3471; x_wconf 90' lang='lat' dir='ltr'>tueretur,</span> <span class='ocrx_word' id='word_1_240' title='bbox 1533 3399 1686 3482; x_wconf 87' lang='lat' dir='ltr'>inquam</span> <span class='ocrx_word' id='word_1_241' title='bbox 1701 3402 1846 3463; x_wconf 88' lang='lat' dir='ltr'>audierat</span> 
     </span>
     <span class='ocr_line' id='line_1_32' title="bbox 526 3514 1844 3599; baseline -0.001 -22"><span class='ocrx_word' id='word_1_242' title='bbox 526 3514 590 3578; x_wconf 91' lang='lat' dir='ltr'>iter</span> <span class='ocrx_word' id='word_1_243' title='bbox 614 3518 682 3579; x_wconf 89' lang='lat' dir='ltr'>iam</span> <span class='ocrx_word' id='word_1_244' title='bbox 713 3517 924 3579; x_wconf 87' lang='lat' dir='ltr'>convertisse</span> <span class='ocrx_word' id='word_1_245' title='bbox 947 3517 1002 3578; x_wconf 91' lang='lat' dir='ltr'>die</span> <span class='ocrx_word' id='word_1_246' title='bbox 1032 3517 1134 3579; x_wconf 88' lang='lat' dir='ltr'>lunae</span> <span class='ocrx_word' id='word_1_247' title='bbox 1156 3517 1359 3579; x_wconf 88' lang='lat' dir='ltr'>duodecima</span> <span class='ocrx_word' id='word_1_248' title='bbox 1382 3517 1581 3579; x_wconf 86' lang='lat' dir='ltr'>decembris.</span> <span class='ocrx_word' id='word_1_249' title='bbox 1609 3515 1733 3599; x_wconf 87' lang='lat' dir='ltr'>Ignavi</span> <span class='ocrx_word' id='word_1_250' title='bbox 1761 3514 1844 3577; x_wconf 88' lang='lat' dir='ltr'>enim</span> 
     </span>
     <span class='ocr_line' id='line_1_33' title="bbox 525 3632 1289 3714; baseline -0.001 -20"><span class='ocrx_word' id='word_1_251' title='bbox 525 3632 636 3714; x_wconf 84' lang='lat' dir='ltr'>magis</span> <span class='ocrx_word' id='word_1_252' title='bbox 657 3633 801 3714; x_wconf 90' lang='lat' dir='ltr'>pedibus</span> <span class='ocrx_word' id='word_1_253' title='bbox 824 3652 925 3713; x_wconf 89' lang='lat' dir='ltr'>quarn</span> <span class='ocrx_word' id='word_1_254' title='bbox 948 3634 1105 3695; x_wconf 91' lang='lat' dir='ltr'>manibus</span> <span class='ocrx_word' id='word_1_255' title='bbox 1129 3633 1289 3695; x_wconf 89' lang='lat' dir='ltr'>nituntur.</span> 
     </span>
    </p>

    <p class='ocr_par' dir='ltr' id='par_1_11' title="bbox 525 3745 1844 4755">
     <span class='ocr_line' id='line_1_34' title="bbox 615 3745 1843 3828; baseline -0.002 -19"><span class='ocrx_word' id='word_1_256' title='bbox 615 3770 645 3825; x_wconf 87' lang='lat'>4.</span> <span class='ocrx_word' id='word_1_257' title='bbox 670 3747 747 3809; x_wconf 89' lang='lat' dir='ltr'>Non</span> <span class='ocrx_word' id='word_1_258' title='bbox 769 3747 852 3810; x_wconf 87' lang='lat' dir='ltr'>nihil</span> <span class='ocrx_word' id='word_1_259' title='bbox 876 3748 1194 3828; x_wconf 87' lang='lat' dir='ltr'>impedimentorum</span> <span class='ocrx_word' id='word_1_260' title='bbox 1210 3748 1332 3811; x_wconf 90' lang='lat' dir='ltr'>iubens</span> <span class='ocrx_word' id='word_1_261' title='bbox 1346 3766 1388 3809; x_wconf 86' lang='lat' dir='ltr'>eo</span> <span class='ocrx_word' id='word_1_262' title='bbox 1412 3748 1489 3810; x_wconf 92' lang='lat' dir='ltr'>loco</span> <span class='ocrx_word' id='word_1_263' title='bbox 1512 3748 1633 3813; x_wconf 87' lang='lat' dir='ltr'>sistere</span> <span class='ocrx_word' id='word_1_264' title='bbox 1649 3745 1742 3812; x_wconf 73' lang='lat' dir='ltr'>Cabzi</span> <span class='ocrx_word' id='word_1_265' title='bbox 1755 3745 1843 3808; x_wconf 84' lang='lat' dir='ltr'>Chri-</span> 
     </span>
     <span class='ocr_line' id='line_1_35' title="bbox 525 3862 1842 3943; baseline -0.002 -18"><span class='ocrx_word' id='word_1_266' title='bbox 525 3863 597 3929; x_wconf 84' lang='lat' dir='ltr'>stds</span> <span class='ocrx_word' id='word_1_267' title='bbox 621 3863 788 3926; x_wconf 88' lang='lat' dir='ltr'>militibus</span> <span class='ocrx_word' id='word_1_268' title='bbox 810 3864 921 3925; x_wconf 80' lang='lat' dir='ltr'>edixit</span> <span class='ocrx_word' id='word_1_269' title='bbox 943 3873 991 3936; x_wconf 89' lang='lat' dir='ltr'>ut,</span> <span class='ocrx_word' id='word_1_270' title='bbox 1013 3864 1159 3943; x_wconf 88' lang='lat' dir='ltr'>sumptis</span> <span class='ocrx_word' id='word_1_271' title='bbox 1182 3864 1286 3925; x_wconf 90' lang='lat' dir='ltr'>armis</span> <span class='ocrx_word' id='word_1_272' title='bbox 1309 3873 1343 3926; x_wconf 89' lang='lat' dir='ltr'>et</span> <span class='ocrx_word' id='word_1_273' title='bbox 1367 3863 1498 3926; x_wconf 84' lang='lat' dir='ltr'>duabus</span> <span class='ocrx_word' id='word_1_274' title='bbox 1522 3864 1557 3926; x_wconf 93' lang='lat' dir='ltr'>in</span> <span class='ocrx_word' id='word_1_275' title='bbox 1581 3882 1657 3926; x_wconf 88' lang='lat' dir='ltr'>eam</span> <span class='ocrx_word' id='word_1_276' title='bbox 1673 3863 1761 3925; x_wconf 90' lang='lat' dir='ltr'>diem</span> <span class='ocrx_word' id='word_1_277' title='bbox 1775 3862 1842 3943; x_wconf 92' lang='lat' dir='ltr'>pla·</span> 
     </span>
     <span class='ocr_line' id='line_1_36' title="bbox 525 3979 1843 4061; baseline -0.003 -20"><span class='ocrx_word' id='word_1_278' title='bbox 525 3981 644 4051; x_wconf 90' lang='lat' dir='ltr'>centis,</span> <span class='ocrx_word' id='word_1_279' title='bbox 660 3982 753 4043; x_wconf 90' lang='lat' dir='ltr'>viam</span> <span class='ocrx_word' id='word_1_280' title='bbox 765 3988 837 4042; x_wconf 92' lang='lat' dir='ltr'>tota</span> <span class='ocrx_word' id='word_1_281' title='bbox 848 3980 1065 4042; x_wconf 89' lang='lat' dir='ltr'>contentione</span> <span class='ocrx_word' id='word_1_282' title='bbox 1080 3981 1307 4042; x_wconf 89' lang='lat' dir='ltr'>emetirentur.</span> <span class='ocrx_word' id='word_1_283' title='bbox 1323 3979 1539 4061; x_wconf 88' lang='lat' dir='ltr'>Tantumque</span> <span class='ocrx_word' id='word_1_284' title='bbox 1554 3989 1633 4042; x_wconf 90' lang='lat' dir='ltr'>sunt</span> <span class='ocrx_word' id='word_1_285' title='bbox 1649 3979 1794 4049; x_wconf 83' lang='lat' dir='ltr'>connixi,</span> <span class='ocrx_word' id='word_1_286' title='bbox 1809 3986 1843 4038; x_wconf 91' lang='lat' dir='ltr'>ut</span> 
     </span>
     <span class='ocr_line' id='line_1_37' title="bbox 525 4094 1840 4177; baseline -0.004 -20"><span class='ocrx_word' id='word_1_287' title='bbox 525 4096 632 4158; x_wconf 87' lang='lat' dir='ltr'>altera</span> <span class='ocrx_word' id='word_1_288' title='bbox 653 4097 710 4159; x_wconf 90' lang='lat' dir='ltr'>die</span> <span class='ocrx_word' id='word_1_289' title='bbox 734 4097 801 4158; x_wconf 92' lang='lat' dir='ltr'>duo</span> <span class='ocrx_word' id='word_1_290' title='bbox 823 4096 964 4177; x_wconf 82' lang='lat' dir='ltr'>equites,</span> <span class='ocrx_word' id='word_1_291' title='bbox 992 4096 1050 4176; x_wconf 90' lang='lat' dir='ltr'>qui</span> <span class='ocrx_word' id='word_1_292' title='bbox 1077 4095 1351 4176; x_wconf 88' lang='lat' dir='ltr'>praecurrebant,</span> <span class='ocrx_word' id='word_1_293' title='bbox 1368 4096 1490 4157; x_wconf 90' lang='lat' dir='ltr'>obvios</span> <span class='ocrx_word' id='word_1_294' title='bbox 1505 4096 1658 4176; x_wconf 89' lang='lat' dir='ltr'>quinque</span> <span class='ocrx_word' id='word_1_295' title='bbox 1673 4094 1840 4157; x_wconf 88' lang='lat' dir='ltr'>habuerint</span> 
     </span>
     <span class='ocr_line' id='line_1_38' title="bbox 525 4209 1842 4292; baseline -0.002 -19"><span class='ocrx_word' id='word_1_296' title='bbox 525 4232 570 4273; x_wconf 84' lang='lat' dir='ltr'>ex</span> <span class='ocrx_word' id='word_1_297' title='bbox 593 4212 733 4274; x_wconf 85' lang='lat' dir='ltr'>rebellis</span> <span class='ocrx_word' id='word_1_298' title='bbox 755 4211 966 4280; x_wconf 90' lang='lat' dir='ltr'>commilitio,</span> <span class='ocrx_word' id='word_1_299' title='bbox 990 4211 1047 4291; x_wconf 92' lang='lat' dir='ltr'>qui</span> <span class='ocrx_word' id='word_1_300' title='bbox 1071 4210 1183 4273; x_wconf 90' lang='lat' dir='ltr'>eidem</span> <span class='ocrx_word' id='word_1_301' title='bbox 1213 4211 1294 4271; x_wconf 83' lang='lat' dir='ltr'>novi</span> <span class='ocrx_word' id='word_1_302' title='bbox 1323 4210 1478 4292; x_wconf 83' lang='lat' dir='ltr'>protegis</span> <span class='ocrx_word' id='word_1_303' title='bbox 1507 4210 1692 4275; x_wconf 89' lang='lat' dir='ltr'>adveutum</span> <span class='ocrx_word' id='word_1_304' title='bbox 1723 4209 1842 4275; x_wconf 88' lang='lat' dir='ltr'>nuntia·</span> 
     </span>
     <span class='ocr_line' id='line_1_39' title="bbox 525 4321 1844 4408; baseline -0.006 -18"><span class='ocrx_word' id='word_1_305' title='bbox 525 4336 613 4390; x_wconf 89' lang='lat' dir='ltr'>runt.</span> <span class='ocrx_word' id='word_1_306' title='bbox 637 4323 767 4408; x_wconf 80' lang='lat' dir='ltr'>Quibus</span> <span class='ocrx_word' id='word_1_307' title='bbox 790 4325 860 4395; x_wconf 89' lang='lat' dir='ltr'>ille,</span> <span class='ocrx_word' id='word_1_308' title='bbox 883 4344 950 4405; x_wconf 91' lang='lat' dir='ltr'>qua</span> <span class='ocrx_word' id='word_1_309' title='bbox 966 4333 1039 4387; x_wconf 89' lang='lat' dir='ltr'>erat</span> <span class='ocrx_word' id='word_1_310' title='bbox 1055 4323 1189 4387; x_wconf 90' lang='lat' dir='ltr'>inscitia</span> <span class='ocrx_word' id='word_1_311' title='bbox 1202 4334 1237 4388; x_wconf 90' lang='lat' dir='ltr'>et</span> <span class='ocrx_word' id='word_1_312' title='bbox 1253 4326 1462 4408; x_wconf 85' lang='lat' dir='ltr'>arrogantia:</span> <span class='ocrx_word' id='word_1_313' title='bbox 1477 4321 1652 4405; x_wconf 82' lang='lat' dir='ltr'>Quamvis,</span> <span class='ocrx_word' id='word_1_314' title='bbox 1670 4326 1727 4398; x_wconf 84' lang='lat' dir='ltr'>ait,</span> <span class='ocrx_word' id='word_1_315' title='bbox 1742 4325 1844 4389; x_wconf 86' lang='lat' dir='ltr'>alatus</span> 
     </span>
     <span class='ocr_line' id='line_1_40' title="bbox 525 4439 1843 4521; baseline -0.007 -14"><span class='ocrx_word' id='word_1_316' title='bbox 525 4453 615 4507; x_wconf 88' lang='lat' dir='ltr'>esset</span> <span class='ocrx_word' id='word_1_317' title='bbox 637 4440 731 4505; x_wconf 75' lang='lat' dir='ltr'>Caua</span> <span class='ocrx_word' id='word_1_318' title='bbox 753 4439 918 4512; x_wconf 82' lang='lat' dir='ltr'>Christds,</span> <span class='ocrx_word' id='word_1_319' title='bbox 941 4440 997 4501; x_wconf 87' lang='lat' dir='ltr'>hic</span> <span class='ocrx_word' id='word_1_320' title='bbox 1020 4441 1140 4502; x_wconf 88' lang='lat' dir='ltr'>adesse</span> <span class='ocrx_word' id='word_1_321' title='bbox 1163 4460 1231 4505; x_wconf 86' lang='lat' dir='ltr'>non</span> <span class='ocrx_word' id='word_1_322' title='bbox 1253 4449 1380 4521; x_wconf 82' lang='lat' dir='ltr'>posset,</span> <span class='ocrx_word' id='word_1_323' title='bbox 1403 4459 1467 4503; x_wconf 87' lang='lat' dir='ltr'>nec</span> <span class='ocrx_word' id='word_1_324' title='bbox 1498 4440 1557 4502; x_wconf 87' lang='lat' dir='ltr'>ille</span> <span class='ocrx_word' id='word_1_325' title='bbox 1580 4460 1715 4504; x_wconf 88' lang='lat' dir='ltr'>mecum</span> <span class='ocrx_word' id='word_1_326' title='bbox 1743 4457 1843 4521; x_wconf 87' lang='lat' dir='ltr'>aequo</span> 
     </span>
     <span class='ocr_line' id='line_1_41' title="bbox 526 4556 1842 4640; baseline -0.006 -18"><span class='ocrx_word' id='word_1_327' title='bbox 526 4570 633 4622; x_wconf 90' lang='lat' dir='ltr'>marte</span> <span class='ocrx_word' id='word_1_328' title='bbox 656 4560 839 4621; x_wconf 88' lang='lat' dir='ltr'>decernere</span> <span class='ocrx_word' id='word_1_329' title='bbox 862 4557 1011 4620; x_wconf 84' lang='lat' dir='ltr'>audebit.</span> <span class='ocrx_word' id='word_1_330' title='bbox 1039 4556 1161 4636; x_wconf 89' lang='lat' dir='ltr'>Aliqui</span> <span class='ocrx_word' id='word_1_331' title='bbox 1191 4577 1236 4619; x_wconf 80' lang='lat' dir='ltr'>ex</span> <span class='ocrx_word' id='word_1_332' title='bbox 1266 4558 1392 4620; x_wconf 91' lang='lat' dir='ltr'>nostris</span> <span class='ocrx_word' id='word_1_333' title='bbox 1420 4557 1598 4640; x_wconf 84' lang='lat' dir='ltr'>segniores</span> <span class='ocrx_word' id='word_1_334' title='bbox 1627 4566 1734 4627; x_wconf 89' lang='lat' dir='ltr'>erunt,</span> <span class='ocrx_word' id='word_1_335' title='bbox 1765 4572 1842 4635; x_wconf 93' lang='lat' dir='ltr'>quos</span> 
     </span>
     <span class='ocr_line' id='line_1_42' title="bbox 526 4673 1249 4755; baseline -0.008 -16"><span class='ocrx_word' id='word_1_336' title='bbox 526 4677 625 4741; x_wconf 90' lang='lat' dir='ltr'>nobis</span> <span class='ocrx_word' id='word_1_337' title='bbox 647 4675 732 4738; x_wconf 81' lang='lat' dir='ltr'>hora</span> <span class='ocrx_word' id='word_1_338' title='bbox 754 4674 949 4755; x_wconf 83' lang='lat' dir='ltr'>vespertina</span> <span class='ocrx_word' id='word_1_339' title='bbox 971 4673 1249 4753; x_wconf 85' lang='lat' dir='ltr'>repraesentabit.</span> 
     </span>
    </p>

    <p class='ocr_par' dir='ltr' id='par_1_12' title="bbox 525 4784 1942 5220">
     <span class='ocr_line' id='line_1_43' title="bbox 617 4784 1841 4869; baseline -0.007 -18"><span class='ocrx_word' id='word_1_340' title='bbox 617 4809 645 4869; x_wconf 80' lang='lat'>5.</span> <span class='ocrx_word' id='word_1_341' title='bbox 670 4788 764 4853; x_wconf 73' lang='lat' dir='ltr'>caue</span> <span class='ocrx_word' id='word_1_342' title='bbox 786 4786 948 4859; x_wconf 74' lang='lat' dir='ltr'>Christos,</span> <span class='ocrx_word' id='word_1_343' title='bbox 972 4806 1050 4850; x_wconf 89' lang='lat' dir='ltr'>cum</span> <span class='ocrx_word' id='word_1_344' title='bbox 1074 4786 1268 4869; x_wconf 84' lang='lat' dir='ltr'>proximum</span> <span class='ocrx_word' id='word_1_345' title='bbox 1290 4806 1367 4851; x_wconf 85' lang='lat' dir='ltr'>esse</span> <span class='ocrx_word' id='word_1_346' title='bbox 1390 4787 1520 4851; x_wconf 88' lang='lat' dir='ltr'>hostem</span> <span class='ocrx_word' id='word_1_347' title='bbox 1545 4798 1640 4850; x_wconf 89' lang='lat' dir='ltr'>certo</span> <span class='ocrx_word' id='word_1_348' title='bbox 1663 4786 1708 4851; x_wconf 87' lang='lat' dir='ltr'>ab</span> <span class='ocrx_word' id='word_1_349' title='bbox 1733 4784 1841 4865; x_wconf 80' lang='lat' dir='ltr'>explo-</span> 
     </span>
     <span class='ocr_line' id='line_1_44' title="bbox 526 4900 1842 4986; baseline -0.008 -16"><span class='ocrx_word' id='word_1_350' title='bbox 526 4908 696 4971; x_wconf 86' lang='lat' dir='ltr'>ratoribus</span> <span class='ocrx_word' id='word_1_351' title='bbox 718 4905 947 4986; x_wconf 86' lang='lat' dir='ltr'>comperisset,</span> <span class='ocrx_word' id='word_1_352' title='bbox 972 4905 1081 4971; x_wconf 87' lang='lat' dir='ltr'>aciem</span> <span class='ocrx_word' id='word_1_353' title='bbox 1104 4905 1275 4984; x_wconf 89' lang='lat' dir='ltr'>tripartito</span> <span class='ocrx_word' id='word_1_354' title='bbox 1303 4903 1488 4985; x_wconf 87' lang='lat' dir='ltr'>disposuit:</span> <span class='ocrx_word' id='word_1_355' title='bbox 1519 4904 1554 4965; x_wconf 91' lang='lat' dir='ltr'>in</span> <span class='ocrx_word' id='word_1_356' title='bbox 1581 4902 1687 4984; x_wconf 87' lang='lat' dir='ltr'>priori</span> <span class='ocrx_word' id='word_1_357' title='bbox 1718 4900 1842 4985; x_wconf 89' lang='lat' dir='ltr'>agmine</span> 
     </span>
     <span class='ocr_line' id='line_1_45' title="bbox 525 5013 1942 5093; baseline -0.016 -8"><span class='ocrx_word' id='word_1_358' title='bbox 525 5024 731 5085; x_wconf 89' lang='lat' dir='ltr'>domesticos</span> <span class='ocrx_word' id='word_1_359' title='bbox 753 5021 834 5083; x_wconf 81' lang='lat' dir='ltr'>*suo</span> <span class='ocrx_word' id='word_1_360' title='bbox 857 5024 949 5085; x_wconf 91' lang='lat' dir='ltr'>dicto</span> <span class='ocrx_word' id='word_1_361' title='bbox 976 5032 1010 5085; x_wconf 91' lang='lat' dir='ltr'>et</span> <span class='ocrx_word' id='word_1_362' title='bbox 1034 5022 1171 5083; x_wconf 91' lang='lat' dir='ltr'>nutibus</span> <span class='ocrx_word' id='word_1_363' title='bbox 1193 5021 1378 5093; x_wconf 88' lang='lat' dir='ltr'>audientes,</span> <span class='ocrx_word' id='word_1_364' title='bbox 1403 5019 1604 5093; x_wconf 88' lang='lat' dir='ltr'>collocavit;</span> <span class='ocrx_word' id='word_1_365' title='bbox 1637 5018 1673 5080; x_wconf 93' lang='lat' dir='ltr'>in</span> <span class='ocrx_word' id='word_1_366' title='bbox 1704 5013 1841 5081; x_wconf 88' lang='lat' dir='ltr'>secundo</span> <span class='ocrx_word' id='word_1_367' title='bbox 1868 5021 1885 5071; x_wconf 80' lang='lat' dir='ltr'>t.</span> <span class='ocrx_word' id='word_1_368' title='bbox 1898 5028 1942 5081; x_wconf 79' lang='lat'>105.</span> 
     </span>
     <span class='ocr_line' id='line_1_46' title="bbox 525 5129 1841 5220; baseline -0.01 -18"><span class='ocrx_word' id='word_1_369' title='bbox 525 5141 696 5202; x_wconf 88' lang='lat' dir='ltr'>stellatam</span> <span class='ocrx_word' id='word_1_370' title='bbox 721 5138 940 5220; x_wconf 87' lang='lat' dir='ltr'>Imperatoris</span> <span class='ocrx_word' id='word_1_371' title='bbox 963 5139 1156 5211; x_wconf 88' lang='lat' dir='ltr'>cohortem;</span> <span class='ocrx_word' id='word_1_372' title='bbox 1181 5139 1214 5199; x_wconf 93' lang='lat' dir='ltr'>in</span> <span class='ocrx_word' id='word_1_373' title='bbox 1242 5135 1345 5198; x_wconf 88' lang='lat' dir='ltr'>tertio</span> <span class='ocrx_word' id='word_1_374' title='bbox 1367 5135 1534 5219; x_wconf 86' lang='lat' dir='ltr'>Tigraeos</span> <span class='ocrx_word' id='word_1_375' title='bbox 1547 5154 1597 5197; x_wconf 83' lang='lat' dir='ltr'>ex</span> <span class='ocrx_word' id='word_1_376' title='bbox 1613 5135 1733 5199; x_wconf 88' lang='lat' dir='ltr'>itinere</span> <span class='ocrx_word' id='word_1_377' title='bbox 1748 5129 1841 5194; x_wconf 91' lang='lat' dir='ltr'>colle·</span> 
     </span>
    </p>
   </div>
   <div class='ocr_carea' id='block_1_10' title="bbox 0 0 2034 6178">
    <p class='ocr_par' dir='ltr' id='par_1_13' title="bbox 0 0 2034 6178">
     <span class='ocr_line' id='line_1_47' title="bbox 0 0 2034 6178; baseline 0 0"><span class='ocrx_word' id='word_1_378' title='bbox 0 0 2034 6178; x_wconf 95' lang='lat' dir='ltr'> </span> 
     </span>
    </p>
   </div>
  </div>
 </body>
</html>
