4124 6182
537 548 576 622 36
869 557 1143 608 EXPEDITIONIS
1167 560 1428 611 AETHIOPICAE
1452 562 1531 609 ETC.

532 708 622 770 unde
645 707 756 767 securi
780 707 915 787 lapides
937 708 1107 787 palmares
1129 718 1164 769 et
1187 710 1296 772 tribus
1320 709 1353 771 in
1378 710 1545 790 quadrum
1569 709 1688 791 digitis
1711 708 1772 770 lati
1792 726 1866 770 cae·

531 824 665 893 duntur,
689 841 833 903 quorum
858 842 965 903 prope
988 825 1163 886 matricem
1196 827 1268 887 auri
1301 826 1473 896 drachma,
1501 844 1589 905 quae
1616 843 1792 886 nummum
1815 843 1866 886 ar·

531 949 693 1021 genteum
717 937 930 1020 hispanicum
960 940 1123 1003 maiorem
1154 944 1315 1013 continet,
1347 941 1524 1024 octoginta
1554 941 1610 1002 vel
1641 950 1778 1002 centum
1809 960 1865 1001 ve·

531 1068 652 1118 neunt:
676 1058 710 1118 in
735 1075 842 1139 regno
865 1055 1013 1138 Tigraeo
1039 1059 1288 1139 quinquaginta
1311 1058 1368 1120 vel
1391 1058 1592 1139 sexaginta3
1624 1055 1658 1117 in
1690 1056 1866 1117 Dambaea

531 1172 653 1252 viginti
678 1173 826 1253 quinque
848 1182 881 1234 et
904 1173 1063 1255 triginta;
1088 1174 1266 1253 pauciores
1289 1174 1323 1234 in
1340 1172 1501 1245 Goiama;
1519 1174 1552 1233 iu
1576 1171 1713 1234 Naraea
1732 1192 1794 1233 sex
1811 1172 1865 1234 vel

529 1289 647 1349 decem
671 1289 715 1349 ad
738 1308 918 1350 summum.
943 1289 1140 1351 Baiulorum
1164 1299 1199 1351 et
1222 1290 1448 1351 iumentorum
1465 1286 1658 1350 infortuniis
1677 1288 1815 1369 plurimi
1832 1288 1864 1349 in

530 1404 709 1465 itineribus
733 1401 937 1485 franguntur
960 1414 994 1466 et
1018 1423 1095 1465 cum
1118 1405 1162 1466 ad
1186 1404 1415 1467 condiendum
1432 1401 1581 1466 fractura
1597 1404 1783 1466 deteriores
1799 1422 1864 1464 non

529 1520 723 1589 reddantur,
748 1521 781 1580 in
807 1517 916 1581 frusta
939 1530 1053 1581 tamen
1077 1521 1170 1591 secti,
1195 1521 1334 1582 viliores
1357 1522 1515 1581 evadunt.

218 1643 370 1690 Frumenu
385 1643 502 1702 etlegu-
619 1640 650 1697 8.
675 1633 791 1697 Bifera
815 1646 848 1697 et
871 1633 989 1697 trifera
1011 1636 1096 1698 haec
1119 1646 1171 1697 est
1193 1637 1290 1718 regio
1314 1635 1472 1716 quamvis
1495 1637 1528 1697 in
1552 1656 1594 1697 ea
1616 1635 1809 1697 excolenda
1832 1644 1865 1696 et

181 1713 269 1761 mina.
531 1762 642 1811 aratro
666 1751 767 1812 altius
792 1751 1020 1831 imprimendo
1048 1771 1115 1813 non
1148 1752 1291 1813 multum
1323 1751 1458 1813 insudet
1489 1752 1700 1834 agricolatio,
1725 1750 1864 1820 Tritico,

529 1865 668 1935 hordeo,
694 1864 785 1927 fabis
816 1877 850 1927 et
881 1866 991 1947 sinapi
1022 1869 1166 1929 celsiora
1197 1877 1230 1929 et
1254 1865 1452 1949 frigidiora;
1484 1869 1581 1930 milio
1604 1868 1647 1929 ad
1671 1867 1863 1947 quindecim

531 1982 706 2043 ueletiam
726 1983 852 2062 viginti
875 1985 1017 2064 species
1034 1983 1196 2065 gossipio,
1214 1985 1334 2055 cicere,
1352 1984 1452 2055 lente,
1470 1984 1570 2055 vicia,
1588 1985 1675 2064 piso,
1691 1983 1864 2051 nasturtio,

530 2095 678 2169 faseolis,
703 2117 836 2160 sesamo
860 2109 895 2160 et
919 2099 1091 2179 plerisque
1115 2110 1306 2162 nostrorum
1331 2100 1543 2183 leguminum
1566 2097 1732 2161 inferiora
1754 2106 1789 2158 et
1812 2115 1866 2158 ca·

529 2214 651 2275 lidiora
676 2224 824 2276 tument:
849 2214 956 2276 linum
980 2226 1014 2277 et
1038 2215 1191 2296 lupinum
1216 2235 1387 2278 macerare
1412 2217 1576 2285 nesciunt,
1601 2225 1717 2277 serunt
1741 2224 1864 2281 tamen,

527 2340 565 2392 ut
588 2331 656 2392 sint
672 2331 749 2393 aliis
765 2331 940 2412 segetibus
955 2330 1146 2412 sepimento
1156 2350 1164 2403 ;
1188 2332 1249 2392 lini
1269 2333 1373 2393 etiam
1389 2333 1519 2394 semine
1536 2332 1570 2392 in
1588 2332 1700 2411 pultes
1723 2339 1865 2390 contuso

183 2524 188 2535 ι
215 2452 499 2504 Tertaudaussimum
527 2444 715 2508 fluitantem
739 2447 951 2508 stomachum
979 2447 1198 2527 restringunt.
1224 2446 1512 2509 Laudatissimum
1537 2448 1689 2527 ipsorum
1717 2441 1864 2505 frumen-

179 2524 499 2586 ipsorumrrumentum.
527 2576 599 2625 tum
624 2564 789 2645 estquod
814 2561 880 2625 Tei
900 2565 1027 2635 dicunt,
1050 2563 1179 2644 sinapis
1201 2583 1310 2645 grano
1337 2564 1480 2633 tenuius,
1504 2562 1566 2624 sed
1591 2562 1745 2643 longius:
1770 2561 1865 2639 legu-

528 2681 667 2749 minum,
691 2681 735 2741 ad
759 2681 813 2741 ius
833 2681 977 2761 nigrum,
1000 2681 1093 2761 quod
1109 2690 1233 2741 vocant
1257 2679 1395 2747 Abaxe,
1420 2680 1453 2740 in
1478 2678 1570 2759 quod
1594 2678 1767 2747 intinctae,
1791 2672 1863 2735 Teii

528 2795 706 2875 placentae
730 2796 929 2876 potissimae
952 2807 1030 2857 sunt
1054 2797 1205 2876 ipsorum
1229 2794 1404 2875 cupediae.
1421 2793 1504 2875 Nug
1518 2794 1631 2856 oleum
1648 2792 1693 2853 ad
1709 2793 1865 2854 lucernas

527 2921 562 2972 et
586 2904 765 2992 picturam,
789 2908 856 2974 Sui
869 2930 1026 2974 croceum
1051 2913 1201 2973 colorem
1226 2912 1349 2991 pannis
1364 2921 1398 2972 et
1413 2910 1525 2991 pultes
1540 2909 1669 2971 mensis
1685 2908 1863 2969 ministrat.

527 3025 665 3089 Uxixes
696 3039 730 3089 et
754 3027 928 3089 Daniches
957 3030 1055 3109 napis
1086 3038 1163 3090 sunt
1194 3027 1342 3099 similes;
1373 3026 1517 3107 praealti
1550 3025 1659 3086 caulis
1685 3024 1863 3089 brassicas,

527 3155 561 3205 et
584 3143 713 3205 saccari
738 3144 919 3205 arundines
943 3143 1033 3205 horti
1065 3141 1187 3213 ferunt,
1219 3145 1279 3204 sed
1312 3144 1404 3204 illius
1427 3141 1641 3223 excoquendi
1666 3138 1790 3201 inertia
1816 3138 1864 3198 la·

527 3260 656 3321 borant.
672 3259 824 3321 Zinziber
840 3258 971 3321 insulae
983 3260 1139 3340 gignunt.
1152 3259 1248 3320 Mala
1259 3259 1374 3331 citrea,
1391 3259 1534 3327 medica,
1549 3257 1700 3327 limonia,
1714 3254 1864 3336 per*sica
1892 3270 1911 3320 r.
1932 3279 1996 3328 ²3³·

526 3387 560 3437 et
576 3373 659 3438 ficus
675 3375 809 3437 indicae
826 3394 893 3436 non
910 3372 1158 3455 infrequentem
1182 3384 1317 3436 nostrae
1334 3377 1377 3436 ab
1392 3375 1521 3456 exiguo
1541 3386 1694 3453 tempore
1707 3372 1863 3433 usitatae.

529 3488 682 3552 Uvarum
705 3491 798 3570 quod
813 3491 897 3551 satis
913 3500 964 3550 est
980 3491 1024 3551 ad
1041 3491 1220 3551 missarum
1239 3490 1404 3551 libamina
1419 3499 1454 3550 et
1471 3488 1756 3570 quadragesimae
1773 3505 1864 3547 men·

527 3625 599 3677 sas;
624 3616 695 3667 tum
712 3608 801 3668 enim
819 3616 1058 3668 maturescunt.
1076 3605 1247 3667 Arborem
1264 3607 1430 3667 escariam
1445 3614 1547 3676 terra,
1564 3604 1592 3666 si
1610 3604 1680 3665 late
1696 3603 1864 3683 irrigetur,

215 3732 348 3813 repsere
366 3732 449 3778 arbor
470 3744 499 3777 e·
527 3721 660 3782 indicae
676 3720 753 3782 ficui
770 3723 993 3791 simillimam,
1009 3721 1137 3783 Ensete
1154 3722 1292 3793 dictam,
1310 3722 1461 3783 caudicis
1480 3722 1567 3783 adeo
1584 3720 1689 3782 crassi
1710 3727 1866 3799 procreat

177 3815 278 3850 ’Μ’
528 3847 563 3898 ut
589 3838 650 3898 vix
674 3858 694 3899 a
718 3838 850 3899 duobus
867 3838 1063 3899 hominibus
1079 3857 1199 3900 manus
1215 3839 1482 3900 extendentibus
1501 3837 1688 3918 aliquando
1712 3852 1866 3915 compre·

527 3954 705 4025 bendatur,
728 3973 816 4034 quae
839 3955 874 4015 in
897 3954 1047 4033 quadras
1070 3964 1229 4016 consecta
1245 3954 1302 4014 vel
1329 3955 1364 4014 in
1387 3949 1533 4014 farinam
1557 3953 1696 4013 redacta
1712 3961 1746 4012 et
1761 3951 1865 4010 humo

527 4070 675 4140 condita,
701 4068 734 4130 in
760 4071 885 4132 multos
901 4088 1009 4131 annos
1024 4070 1194 4150 perdurat,
1216 4066 1419 4148 famemque,
1438 4069 1471 4129 in
1488 4070 1664 4148 placentas
1681 4067 1737 4128 vel
1754 4065 1866 4147 pultes

528 4186 671 4267 digesta,
685 4187 839 4266 expellit,
854 4186 956 4267 idque
973 4186 1061 4247 inter
1072 4185 1285 4247 Naraeenses
1297 4185 1571 4267 vulgatissimum
1584 4174 1636 4246 est
1648 4184 1865 4252 alimentum3

528 4301 619 4363 illius
635 4302 843 4382 propagines
859 4310 893 4362 et
911 4299 995 4362 folia
1008 4302 1041 4362 iu
1059 4298 1190 4362 funium
1208 4310 1241 4361 et
1257 4310 1409 4382 tegetum
1422 4311 1592 4362 texturam
1616 4300 1864 4360 carminantur:

526 4428 647 4478 trunco
664 4426 804 4487 resecto,
818 4418 995 4497 quingenti
1008 4418 1065 4478 vel
1080 4418 1290 4498 septingenti
1314 4416 1478 4496 palmites
1501 4426 1692 4496 erumpunt.
1718 4413 1866 4475 Aethio·

527 4532 596 4611 pici
613 4529 775 4593 frumenti
791 4533 917 4611 triplex
935 4544 987 4593 est
1005 4550 1149 4613 vorago:
1167 4534 1372 4611 propinatio,
1389 4550 1477 4611 quae
1494 4551 1562 4592 non
1586 4530 1753 4592 minorem
1774 4530 1867 4591 illius

527 4648 561 4709 in
591 4645 674 4709 Sala
707 4651 805 4728 (quae
830 4649 980 4728 ipsorum
1004 4659 1056 4709 est
1080 4648 1200 4725 sicera)
1225 4649 1359 4709 decocti
1383 4648 1519 4728 copiam
1543 4666 1647 4728 quam
1671 4647 1783 4708 victus
1807 4646 1868 4706 ab·

526 4765 640 4833 sumit,
665 4763 829 4832 locustae,
853 4782 941 4842 quae
968 4766 1106 4825 serratis
1132 4764 1293 4825 dentibus
1324 4765 1475 4844 integras
1505 4759 1704 4843 frequenter
1729 4770 1870 4843 segetes

526 4888 718 4961 prosecant,
743 4889 778 4939 et
801 4878 958 4940 assiduae
983 4879 1141 4950 militum,
1158 4878 1242 4940 nulli
1260 4880 1385 4941 sationi
1401 4878 1626 4959 parcentium,
1650 4878 1870 4958 irruptiones.

176 4996 181 5003 ’
214 5008 354 5054 Arborum
384 5004 498 5053 utilium
617 5016 646 5073 9.
672 4994 827 5055 Arbores
850 5013 918 5055 non
942 4995 990 5056 ita
1013 4995 1102 5056 laete
1126 4995 1159 5055 in
1183 4994 1248 5055 hoc
1271 4994 1347 5056 solo
1370 4991 1586 5075 proveniunt.
1603 4990 1793 5055 Cedrorum
1813 5011 1871 5054 sa·

178 5090 266 5139 parva
283 5074 434 5138 estcopla.
544 5112 549 5121 .
987 5110 992 5122 .
1436 5110 1442 5121 .
1558 5110 1563 5122 .
1681 5110 1687 5121 .
1774 5110 1780 5122 .
1833 5110 1841 5122 .

527 5121 677 5172 uvarum
701 5129 809 5190 prope
833 5110 961 5189 templa
984 5128 1106 5191 mgens
1137 5119 1189 5171 est
1219 5129 1388 5181 numerus,
1416 5109 1625 5172 silvestrmm
1654 5109 1801 5171 diversis
1830 5128 1872 5171 in
