4058 6178
625 606 741 655 LIBER
764 607 803 665 11,
827 606 952 656 CAPUT
975 608 1026 656 VI.
1425 615 1484 675 199

152 750 281 815 festum
314 754 407 816 beati
432 752 605 816 Francisci
628 752 784 837 Borgiae,
808 774 850 818 eo
873 754 987 837 elogio
1011 755 1113 836 paulo
1136 765 1214 818 ante
1239 754 1377 819 Romae
1406 775 1485 819 con·

151 867 319 941 decorati,
349 868 436 931 illud
460 888 513 942 eo,
536 869 736 932 honestante
766 869 975 952 Imperatore
1005 882 1039 933 et
1069 878 1142 933 toto
1173 870 1281 953 ipsius
1311 873 1486 943 comitatu,

151 985 306 1047 secundo
329 986 499 1048 edendum
522 986 705 1057 videretur,
729 986 902 1049 actoribus
924 984 958 1048 in
981 1006 1059 1049 eum
1081 984 1184 1049 finem
1208 1008 1228 1049 a
1247 985 1391 1051 Goiama
1406 1007 1485 1049 con·

151 1100 273 1162 vectis.
299 1099 481 1165 Lusitanus
503 1120 596 1183 puer,
621 1100 679 1182 qui
701 1110 783 1163 tunc
807 1100 960 1164 Isaacum
984 1102 1065 1185 egit,
1089 1112 1210 1185 postea
1233 1103 1377 1185 sumptis
1395 1104 1486 1166 ordi·

150 1215 266 1287 nibus,
290 1213 497 1279 sacrificium
519 1226 553 1279 et
568 1213 778 1280 sacrificulus
793 1215 860 1279 Dei
875 1216 1037 1290 redditus,
1055 1217 1286 1281 Patriarcham
1302 1219 1337 1280 in
1353 1217 1485 1281 Indiam

150 1342 204 1392 est
228 1341 442 1412 prosecutus,
467 1332 591 1413 inqua
614 1332 853 1394 honestissime
883 1334 990 1396 vitam
1020 1336 1202 1399 traducens
1231 1335 1428 1417 praebenda
1451 1336 1484 1396 in

150 1444 277 1510 Diensi
302 1465 380 1510 arce
403 1447 548 1511 donatus
572 1445 647 1520 fuit,
663 1448 752 1510 unde
768 1448 811 1510 ad
827 1450 1042 1529 procuranda
1067 1450 1375 1514 ecclesiasticorum
1395 1469 1483 1513 com·

150 1562 256 1625 moda
281 1560 392 1626 Goam
415 1564 460 1626 ab
483 1563 526 1626 iis
549 1563 682 1633 missus.
707 1575 814 1645 nuper
836 1564 881 1626 ab
903 1563 1022 1627 Indiae
1044 1584 1189 1648 protege
1216 1567 1345 1629 electus
1375 1575 1426 1628 est
1449 1576 1486 1627 ut

150 1679 193 1739 ad
218 1680 354 1741 maiora
375 1688 485 1742 status
508 1678 649 1763 negotia
671 1680 909 1761 pertractanda
932 1682 976 1744 ad
1002 1679 1175 1749 Idalcanis
1201 1682 1330 1764 regiam
1353 1701 1390 1743 se
1407 1700 1485 1743 con·

150 1791 269 1867 ferret,
293 1797 340 1858 ob
354 1797 505 1876 aliquam
522 1794 819 1867 necessitudinem,
838 1813 925 1875 quae
941 1795 992 1858 illi
1009 1815 1086 1858 curn
1102 1796 1278 1869 Abassino
1293 1796 1484 1867 intercedit,

150 1911 209 1991 qui
233 1913 407 1975 secundus
429 1921 482 1975 est
505 1932 525 1973 a
548 1911 660 1994 Rege,
683 1931 770 1994 quae
794 1911 853 1973 ille
877 1911 961 1974 satis
983 1912 1125 1975 dextere
1148 1921 1182 1981 et
1205 1908 1390 1974 honorifice
1405 1931 1485 1975 con·

150 2024 235 2090 fecit
260 2038 296 2091 et
318 2037 501 2111 propterea
524 2024 618 2090 Goae
641 2024 705 2091 fuit
729 2027 911 2109 parochiae
934 2046 1015 2089 eura
1037 2029 1192 2095 donatus

243 2161 275 2222 5.
304 2143 345 2206 In
379 2145 546 2226 templum
575 2143 642 2206 hoc
673 2139 827 2206 Collelae
857 2140 1104 2205 aedificandum
1132 2142 1291 2224 symbola
1313 2142 1485 2205 contulere
1548 2158 1581 2205 Ρ.
1605 2153 1748 2204 Franci-cl
1771 2156 1830 2204 An-

152 2258 230 2323 Ras
254 2255 340 2322 Sela
362 2257 517 2323 Christds
541 2270 576 2322 et
600 2255 748 2322 universi
773 2259 880 2341 ipsius
910 2259 1013 2320 duces
1043 2276 1085 2320 eo
1112 2258 1235 2329 animo,
1267 2268 1303 2321 ut
1334 2259 1369 2319 in
1399 2258 1486 2320 illud
1512 2224 1831 2347 ffifffflhm

150 2394 231 2438 ossa
256 2394 291 2457 p.
319 2375 493 2438 Francisei
517 2375 663 2438 Antonii
698 2375 742 2436 ab
765 2373 915 2458 Angelis
938 2371 1210 2446 transferrentur,
1237 2393 1337 2459 quem
1361 2373 1428 2454 ipsi
1451 2384 1486 2436 ct

151 2500 265 2553 totum
301 2488 467 2554 Goiamae
501 2509 654 2574 regnum,
678 2499 715 2552 ut
742 2487 822 2552 fidei
853 2497 887 2551 et
917 2489 1150 2551 conversionis
1180 2508 1261 2551 suae
1295 2488 1485 2570 apostolum

151 2607 390 2669 venerabatur.
416 2605 517 2668 Felix
540 2625 623 2668 sane
646 2623 800 2688 regnum,
823 2604 914 2687 quod
938 2615 974 2666 ut
998 2603 1069 2665 Nili
1090 2600 1194 2675 fonte,
1211 2603 1344 2686 origine
1359 2624 1405 2665 ex
1420 2612 1487 2665 ter-

150 2721 253 2784 restri
277 2722 437 2802 paradiso
460 2741 520 2803 per
542 2722 781 2783 subterraneos
805 2729 937 2782 meatus
960 2721 1062 2782 ducta
1088 2719 1263 2802 gloriatur,
1295 2727 1330 2781 et
1360 2718 1486 2780 celebri

150 2856 242 2919 gyro
267 2856 336 2919 quo
359 2846 467 2899 toturn
491 2856 579 2918 pene
601 2836 759 2900 dulcibus
782 2836 880 2918 aquis
903 2837 1024 2919 irrigat
1048 2849 1081 2898 et
1105 2846 1225 2908 tuetur,
1254 2835 1361 2897 multo
1377 2836 1487 2918 magis

150 2955 185 3014 in
210 2953 412 3035 superbiam
436 2950 549 3015 efferri
572 2962 695 3034 potest,
720 2954 811 3035 quod
835 2952 992 3035 angelico
1014 2952 1076 3014 illo
1099 2950 1257 3014 coelestis
1273 2951 1487 3032 eloquentiae

149 3067 293 3131 flumine
317 3088 362 3130 ex
385 3068 535 3131 romanis
558 3066 710 3131 sontibus
733 3069 887 3131 derivato
911 3067 1088 3150 irrigatum
1112 3064 1214 3129 fuerit
1241 3076 1274 3129 et
1300 3066 1486 3149 expiatum.

150 3183 272 3247 Prima
291 3185 428 3266 augusti
452 3183 508 3246 die
523 3185 650 3247 ossium
674 3180 766 3246 facta
786 3183 965 3247 translatio
981 3202 1070 3246 novo
1086 3183 1314 3263 lacrymarum
1330 3183 1486 3254 solemni,

150 3320 239 3380 quas
265 3297 342 3361 Ras
365 3318 490 3381 prorex
514 3310 548 3362 et
572 3301 699 3362 coeteri
722 3299 868 3362 ubertim
896 3296 1093 3369 fundebant,
1117 3318 1160 3360 ex
1184 3299 1270 3360 tanti
1298 3299 1364 3359 viri
1398 3298 1486 3361 desi·

150 3417 265 3487 derio;
289 3416 381 3497 quod
405 3416 527 3477 merito
551 3416 586 3477 in
609 3434 687 3477 eum
711 3417 802 3478 diem
826 3414 956 3487 incidit,
986 3435 1055 3497 quo
1086 3414 1194 3476 sancti
1225 3413 1319 3477 Petri
1349 3414 1487 3476 vincula

151 3541 397 3603 memorantur,
421 3532 512 3611 quod
543 3531 623 3593 illos
653 3531 725 3610 ipse
756 3551 777 3592 a
806 3541 1024 3611 peccatorum
1054 3528 1200 3592 vinculis
1230 3529 1417 3592 absolverit
1451 3541 1485 3591 et

149 3649 235 3710 divo
260 3647 364 3709 Petro
388 3646 561 3728 ipsiusque
583 3644 760 3709 Ecclesiae
782 3645 913 3709 catenis
935 3645 1137 3709 arctioribus
1167 3645 1372 3727 alligaverit.

243 3766 276 3827 ό.
303 3761 358 3824 De
392 3761 583 3824 conditorio
617 3762 831 3844 patriarchae
854 3762 1016 3825 Andreae
1046 3760 1171 3826 Oviedi
1198 3761 1387 3823 Fremonae
1418 3779 1484 3822 non
1547 3772 1696 3836 Templum
1717 3775 1832 3823 Freme-

150 3881 269 3941 minus
291 3887 457 3940 curatum.
481 3876 569 3940 Nam
595 3879 628 3939 in
652 3879 739 3949 loco,
764 3879 822 3940 ubi
850 3879 1021 3959 quondam
1044 3889 1116 3941 erat
1147 3878 1255 3958 ipsius
1281 3876 1486 3938 domuncula
1512 3843 1833 3979 mitrifflffdffi

150 4006 184 4058 et
210 3992 411 4066 oratorium,
435 3994 470 4055 in
494 4013 562 4073 quo
585 3994 658 4075 ipse
682 4004 715 4056 et
739 3996 889 4075 quinque
906 3995 1013 4076 ipsius
1027 3992 1121 4065 socii,
1138 3993 1262 4075 quibus
1277 3992 1402 4074 dignus
1419 4012 1486 4054 non
1513 3988 1595 4037 ureae
1614 3994 1755 4036 mm·

36 4155 42 4168 .
91 4155 124 4178 ,.
150 4123 228 4174 erat
253 4110 410 4179 mundus,
434 4109 533 4171 litare
556 4106 742 4180 *solebant
762 4121 955 4172 extructum
984 4106 1048 4170 fuit
1071 4108 1238 4189 templum
1261 4109 1488 4190 quadraginta

150 4226 290 4309 palmos
313 4225 420 4287 latum
443 4234 479 4287 et
502 4226 702 4288 commodae
718 4225 815 4288 iuxta
829 4216 918 4287 hanc
933 4223 1180 4287 dimensionem
1197 4224 1387 4287 latitudinis
1402 4223 1485 4306 [sr'c],

150 4344 195 4406 ad
208 4342 310 4405 cuius
326 4338 490 4403 fabricam
506 4351 680 4422 spectatus
696 4341 885 4403 catholicus
900 4340 995 4422 Apte
1011 4339 1106 4402 Iesus
1122 4337 1343 4422 Samagarad,
1361 4340 1403 4402 de
1419 4359 1486 4419 quo

151 4457 249 4529 alibi,
273 4455 419 4539 triginta
437 4456 510 4518 auri
526 4456 644 4518 uncias
660 4455 826 4539 erogavit.
842 4455 921 4517 Non
937 4456 1031 4518 ealce
1046 4457 1107 4518 sed
1122 4455 1196 4518 luto
1212 4474 1337 4517 nexum
1354 4466 1405 4517 est
1421 4456 1486 4518 hoc

151 4593 252 4656 opus,
276 4584 351 4634 tum
374 4573 465 4652 quod
489 4572 595 4634 calcis
617 4572 717 4653 copia
734 4592 800 4634 non
824 4582 925 4643 esset,
948 4584 1021 4633 tum
1045 4572 1126 4654 quia
1150 4572 1257 4634 lutum
1274 4554 1486 4634 fremonense

151 4690 235 4753 latis
258 4697 294 4751 et
318 4687 476 4750 laevibus
499 4680 673 4769 lapidibus
695 4688 797 4750 trium
821 4698 855 4750 et
885 4696 1035 4768 'quatuor
1069 4687 1254 4768 digitorum
1285 4686 1486 4755 altitudinis,

151 4807 210 4887 qui
236 4804 312 4866 illic
336 4803 558 4883 reperiuntur,
583 4796 754 4865 adiectum
778 4796 864 4865 adeo
887 4815 993 4865 tenax
1016 4792 1077 4874 est,
1101 4813 1138 4865 ut
1161 4802 1400 4865 aeternitatem
1431 4816 1487 4865 ae‘·

151 4922 313 4984 muletur.
338 4917 398 4980 Ad
422 4918 601 4981 dexteram
625 4919 805 4980 eonditum·
823 4918 997 4991 sacellum,
1021 4930 1223 4998 erectusque
1250 4918 1284 4980 in
1300 4919 1413 4980 medio
1428 4937 1486 4999 pa-

151 5037 309 5100 vimento
332 5034 484 5096 tumulus
506 5035 645 5116 egregie
678 5035 824 5097 tectorio
847 5035 1001 5106 vestitus,
1026 5035 1061 5096 in
1084 5052 1185 5115 quem
1213 5034 1429 5096 Patriarchae
1452 5046 1487 5095 et

151 5153 328 5216 sociorum
350 5170 429 5213 ossa
452 5149 616 5221 coniecta,
640 5152 763 5232 quibus
787 5169 921 5231 semper
936 5152 1121 5213 maximam
1139 5150 1402 5221 venerationem,
1420 5170 1484 5212 non
