4124 6182
707 2200 896 2277 CAPUT
923 2201 995 2274 VI.

227 2495 532 2570 Abassinorum
561 2504 707 2570 contra
734 2494 982 2589 religionem
1009 2492 1263 2568 catholicam
1291 2515 1462 2570 errores.

269 2878 295 2919 r.
321 2855 479 2920 Auream
503 2858 599 2921 illam
622 2858 844 2940 evangelicae
867 2855 1133 2939 praedicationis
1156 2877 1290 2927 venam,
1318 2858 1451 2919 illibate
1475 2857 1518 2919 ad
1581 2856 1764 2921 Aethiopiam
1789 2856 1864 2939 [sifi]

172 2974 237 3036 illa
260 2992 371 3054 usque
395 2983 549 3055 tempora
565 2975 810 3045 decurrentem,
826 2973 1077 3036 invalescentes
1092 2982 1172 3035 tunc
1188 2972 1517 3043 Alexandrinorum,
1545 2931 1867 3050 gmfflemffl

170 3091 358 3171 episcopos
381 3090 595 3151 continenter
618 3090 653 3151 in
677 3087 903 3170 Aethiopiam
921 3087 1136 3161 mittentium,
1160 3108 1293 3151 errores
1310 3086 1516 3157 minearum,

172 3215 206 3268 et
233 3204 391 3286 inprimis
414 3204 606 3267 rusticanus
628 3205 697 3277 ille,
722 3214 842 3267 contra
864 3224 965 3287 quem
989 3205 1091 3267 divus
1113 3202 1264 3287 Cyrillus
1280 3204 1426 3285 scripsit,
1443 3203 1514 3265 An-

171 3320 536 3402 tropomorphitarum‚
560 3318 672 3382 Deum
694 3319 918 3402 tricorporem
942 3321 1211 3383 existimantium
1235 3332 1269 3382 et
1300 3317 1518 3385 Graecorum,

172 3436 404 3517 pervicaciter
427 3433 593 3517 Spiritum
617 3434 781 3498 Sanctum
805 3458 826 3499 a
849 3437 923 3499 solo
947 3436 1059 3507 Patre,
1076 3445 1275 3498 nouantem
1294 3456 1313 3497 a
1334 3435 1424 3496 Filio
1441 3455 1517 3516 pro·

173 3551 299 3614 cedere
315 3550 604 3623 contendentium,
621 3552 848 3633 eumdemque
866 3553 977 3615 Patris
990 3563 1024 3615 et
1040 3552 1120 3614 Filii
1137 3551 1243 3614 vitam
1260 3570 1345 3621 esse,
1361 3571 1428 3613 non
1445 3551 1519 3631 qui-

173 3667 253 3729 dem
278 3678 314 3728 ut
346 3667 391 3728 ab
422 3666 505 3748 ipsis
536 3665 770 3747 profluentem,
794 3669 855 3730 sed
886 3668 983 3748 quasi
1011 3668 1199 3747 anticipato
1230 3668 1264 3728 in
1297 3667 1437 3729 eosdem
1469 3666 1518 3727 in·

173 3780 338 3845 fluentem
363 3800 489 3862 eosque
513 3792 743 3864 vegetantem.
760 3780 829 3846 Sed
846 3785 961 3865 plures
976 3792 1009 3845 et
1025 3783 1266 3845 obstinatiores
1286 3782 1423 3844 illorum
1440 3790 1519 3843 sunt
1582 3783 1868 3867 ufromcontraoo-

174 3898 210 3960 in
243 3897 452 3959 dominicam
482 3898 753 3960 incarnationem
781 3899 979 3979 positiones.
1004 3897 1043 3959 In
1072 3898 1192 3979 primis
1223 3899 1314 3960 enim
1346 3897 1518 3979 duplicem
1546 3856 1680 3978 ῗέἓῗω
1697 3854 1867 3903 {mmm

174 4011 306 4076 Christi
324 4024 479 4074 naturam
495 4032 573 4074 cum
589 4012 784 4095 Eutychete
799 4011 1003 4087 diffitentur3
1020 4033 1123 4076 unam
1139 4031 1231 4085 vere,
1247 4033 1390 4094 eamque
1409 4014 1518 4075 solam

175 4131 330 4192 divinam
347 4148 395 4191 ex
411 4130 543 4191 duabus
560 4128 698 4201 factam,
722 4139 760 4192 ut
783 4131 817 4191 in
842 4130 1037 4192 hominibus
1059 4127 1098 4192 fit
1120 4151 1166 4192 ex
1185 4147 1329 4210 corpore
1345 4139 1379 4192 et
1395 4131 1518 4197 anima.

175 4265 257 4309 cum
281 4243 549 4326 Monophysitis‚
572 4255 607 4308 et
630 4265 732 4308 unam
757 4247 967 4308 voluntatem
999 4256 1033 4307 et
1064 4246 1254 4308 naturalem
1286 4247 1519 4326 operationem

175 4381 254 4424 cum
286 4358 526 4423 Monothelitis
549 4370 694 4433 tuentur,
719 4372 752 4424 et
783 4362 905 4423 eodem
928 4362 1031 4423 modo
1063 4380 1139 4423 cum
1172 4360 1387 4424 Nestorianis
1417 4380 1518 4423 unam

173 4494 356 4558 personam
381 4494 428 4537 ex
452 4475 584 4538 duabus
607 4476 858 4558 conglobatam,
884 4477 973 4538 inter
996 4485 1150 4539 naturam
1173 4485 1208 4538 et
1230 4495 1412 4557 personam
1433 4476 1519 4537 nihil

176 4591 388 4654 discriminis
412 4599 649 4674 agnoscentes.
674 4591 859 4654 Personam
883 4611 966 4654 vero
989 4603 1105 4654 rentur
1127 4592 1237 4673 ipsam
1261 4611 1336 4654 esse
1362 4609 1520 4672 corpora-

175 4716 300 4778 turam,
318 4725 382 4769 nec
398 4706 495 4769 illam
512 4706 596 4769 solis
619 4708 819 4770 substantiis
844 4708 1079 4778 rationalibus,
1096 4707 1277 4771 sedetiam
1298 4708 1466 4777 inanimis,
1484 4716 1520 4769 ut

43 4841 63 4895 t.
81 4851 148 4904 3²³.
178 4823 336 4895 navibuS,
359 4822 540 4885 arboribus
562 4832 596 4885 et
624 4822 796 4884 montibus
823 4823 1011 4904 assignant.
1038 4821 1267 4885 Divinitatem
1291 4832 1325 4885 et
1349 4819 1521 4886 hu*mani·

178 4947 286 5002 tatem
310 4959 356 5000 ex
379 4957 490 5019 aequo
513 4946 732 5019 componunt,
757 4939 853 4999 illam
871 4946 997 5010 natam,
1013 4948 1149 5000 unctam
1166 4958 1206 4999 ac
1223 4949 1401 5008 mortuam,
1420 4937 1520 4999 istam

178 5057 451 5138 omnipotentem
475 5063 509 5117 et
532 5055 646 5115 omnia
669 5055 746 5115 loca
768 5055 1016 5135 pervadentem
1039 5054 1141 5115 stulte
1165 5054 1395 5115 buccinantes.
1413 5052 1520 5134 Euty·

180 5171 315 5235 chetem
339 5171 386 5233 ob
418 5170 606 5232 leviuscula
628 5188 728 5232 sensa
751 5169 943 5241 haereticis,
960 5168 1163 5230 Dioscorum
1189 5170 1294 5249 ipsius
1311 5168 1345 5230 in
1362 5168 1521 5230 omnibus
