4066 6174
548 584 610 661 358
879 590 1153 644 exerenmoms
1176 589 1440 643 AETHIOPICAE
1464 589 1546 642 ere.

547 744 684 806 obsides
706 742 892 826 praemisit.
916 742 983 806 Tot
998 752 1105 813 erant,
1121 743 1179 823 qui
1195 741 1261 804 hoc
1283 740 1491 803 translatitio
1507 739 1649 802 humore
1670 739 1875 809 laborabant,

546 869 583 923 ut
605 860 763 922 credatur
778 860 940 921 maiorem
957 859 1129 921 exercitus
1144 868 1276 939 partem
1299 876 1341 919 eo
1358 854 1462 919 fuisse
1478 854 1639 938 contagio
1654 855 1874 937 purulentam.

546 975 684 1038 Illorum
712 977 803 1037 enim
823 975 948 1057 plures,
966 975 1046 1036 licet
1062 993 1121 1036 ore
1136 993 1174 1036 se
1189 972 1377 1036 catholicos
1400 972 1561 1043 dicerent,
1586 971 1755 1033 haeresim
1779 970 1875 1032 corde

547 1089 720 1163 fovebant,
744 1100 778 1154 et
809 1092 843 1154 in
865 1091 931 1153 hoc
955 1102 1089 1172 tempus
1116 1090 1288 1153 conditam
1312 1092 1504 1158 servabant,
1528 1088 1875 1170 praeterquamquod

545 1208 623 1271 huic
647 1209 741 1290 genti
776 1208 928 1270 innatum
963 1217 996 1270 et
1019 1225 1154 1288 semper
1177 1205 1211 1268 in
1236 1223 1348 1268 mores
1371 1205 1545 1267 inductum
1569 1200 1650 1266 fuit:
1685 1201 1793 1265 Vivat
1822 1204 1875 1285 qui

545 1322 681 1395 *vincit
706 1343 849 1406 cumque
871 1334 1053 1405 tyrannum
1077 1330 1284 1384 crescentem
1309 1331 1496 1393 cernerent,
1520 1329 1555 1383 et
1583 1316 1779 1402 Seguedum
1800 1316 1875 1381 defi·
1898 1323 1963 1383 lus

546 1440 703 1512 cientem,
727 1440 891 1502 orientem
915 1439 1023 1501 solem
1046 1457 1148 1521 quarn
1173 1438 1352 1501 cadentem
1376 1436 1488 1500 colere
1511 1437 1694 1499 malebant.

234 1562 341 1612 causae
359 1561 519 1612 ematuru-
636 1575 664 1635 3.
689 1553 902 1636 Quamquam
926 1556 1049 1617 iustum
1082 1554 1147 1616 hoc
1170 1550 1276 1616 fuisse
1298 1562 1437 1634 putetur
1466 1552 1533 1615 Dei
1565 1553 1597 1614 in
1633 1551 1875 1633 Imperatorem

199 1632 267 1682 tiam
295 1633 372 1682 Deus
399 1632 517 1683 manile·
637 1669 643 1684 .
1167 1670 1174 1683 .
1419 1670 1424 1681 .
1481 1670 1488 1682 .
1543 1667 1550 1681 .
1584 1668 1590 1680 .
1812 1669 1818 1680 .

198 1704 292 1754 m„
545 1667 611 1732 fide
635 1691 701 1734 iam
725 1679 967 1753 tepescentem,
997 1678 1032 1731 et
1061 1687 1239 1751 superlore
1267 1686 1449 1750 praecoma
1479 1687 1514 1729 ur
1540 1668 1634 1730 illius
1655 1669 1873 1749 opprobrium

544 1912 579 1965 et
602 1901 786 1966 liberorum
810 1901 930 1964 domos
953 1901 1090 1983 publice
1113 1909 1147 1962 et
1171 1902 1307 1982 impune
1339 1898 1561 1971 incestabant,
1590 1900 1663 1980 ipse
1692 1909 1817 1967 tamen.
1840 1907 1873 1960 ut

544 2037 667 2085 causae
691 2037 771 2080 suae
795 2019 957 2080 iustitiam
980 2013 1198 2099 patefaceret,
1222 2026 1258 2078 ut
1281 2016 1445 2099 prodigus
1467 2027 1519 2078 est
1539 2016 1751 2087 clementiae,
1767 2013 1873 2096 Impe

544 2143 689 2196 ratorem
715 2153 781 2195 non
805 2133 922 2195 iudicii
945 2134 1056 2216 virga,
1079 2132 1140 2195 sed
1162 2141 1304 2214 paterna
1327 2150 1428 2194 manu
1451 2132 1570 2213 punire
1594 2131 1789 2202 constituit;
1816 2150 1874 2193 nec

545 2249 711 2320 deserere,
724 2250 785 2312 sed
797 2250 941 2321 erudire,
958 2249 1108 2311 laborem
1125 2248 1222 2310 illum
1239 2248 1434 2329 respiciens,
1447 2266 1546 2328 quem
1564 2246 1638 2328 ipse
1653 2247 1688 2308 in
1703 2244 1771 2308 fide
1783 2247 1872 2328 plan·
2003 2220 2004 2311 i

544 2366 648 2427 tanda
671 2376 704 2427 et
727 2365 950 2448 propaganda
973 2364 1213 2434 collocaverat,
1236 2364 1411 2443 talemque
1434 2362 1612 2425 victoriam
1640 2362 1768 2445 largiri,
1795 2381 1873 2444 qua·
2003 2314 2004 2389 i

544 2482 612 2543 lem
629 2500 814 2562 nunquam,
828 2481 949 2543 eodem
967 2490 1065 2552 teste,
1081 2487 1326 2561 reportaverat.
1349 2475 1449 2559 Quod
1465 2478 1531 2541 hoc
1545 2479 1613 2541 ritu
1627 2478 1812 2541 ordinavit.

232 2604 359 2654 snum
395 2606 518 2668 imper»
633 2619 663 2675 4.
688 2595 819 2660 Lumen
842 2598 877 2658 in
901 2597 994 2659 illius
1017 2606 1162 2659 mentem
1188 2596 1320 2669 indidit,
1344 2614 1412 2677 quo
1435 2604 1609 2658 assecutus
1632 2605 1684 2657 est
1707 2594 1831 2657 erroris
1854 2614 1872 2655 a

196 2675 266 2726 Μ’
283 2673 445 2726 mum
544 2733 581 2776 se
604 2714 744 2776 admissi
768 2714 804 2776 iu
827 2713 1025 2775 deserendis
1048 2713 1214 2775 montium
1239 2709 1388 2794 fastigiis
1408 2709 1677 2783 deformitatem
1703 2711 1873 2791 inquibus

543 2839 580 2893 ut
603 2830 720 2913 plures
742 2830 958 2912 scopulorum
982 2848 1161 2892 mucrones
1183 2830 1394 2907 attollantur,
1419 2848 1486 2890 non
1510 2848 1638 2910 paucae
1660 2827 1873 2909 expatiantur

542 2945 712 3030 planities,
736 2965 898 3028 equorum
924 2943 1142 3018 discursibus,
1165 2964 1307 3025 quorum
1332 2963 1470 3007 numero
1494 2953 1527 3006 et
1543 2942 1751 3025 praestantia
1774 2943 1872 3024 longe

542 3062 781 3134 antecellebat,
830 3061 1103 3143 percommodae,
1141 3061 1311 3143 simulque
1349 3070 1385 3124 ut
1423 3062 1634 3142 perspiceret
1666 3060 1871 3140 superiorem

543 3178 638 3240 illam
661 3186 755 3241 recta
777 3187 813 3240 et
835 3175 997 3259 expedite
1024 3176 1235 3239 Dancazium
1262 3178 1396 3247 ducere,
1420 3176 1513 3257 quod
1542 3174 1572 3238 si
1598 3185 1766 3257 tyrannus
1789 3176 1870 3237 obti-

542 3304 644 3366 neret,
669 3294 712 3355 de
735 3313 773 3356 se
795 3302 830 3356 et
853 3292 997 3375 imperio
1013 3293 1273 3357 conclamatum.
1290 3291 1414 3355 Robur
1434 3301 1610 3374 praeterea
1633 3291 1816 3373 impressit,
1832 3309 1870 3351 ne

541 3429 618 3472 eum
642 3430 682 3472 eo
706 3412 741 3472 in
764 3411 872 3472 aciem
898 3410 1103 3472 descendere
1126 3419 1308 3472 vereretur.
1340 3406 1440 3491 Quod
1464 3428 1540 3472 cum
1564 3409 1679 3471 animo
1702 3409 1773 3471 alte
1795 3403 1870 3469 defi·

541 3527 659 3597 xisset,
685 3524 839 3587 inferiori
862 3522 1014 3588 Enfrazii
1036 3527 1094 3587 via
1118 3544 1178 3607 per
1200 3524 1397 3588 Dambaeae
1421 3525 1525 3607 plana
1548 3533 1739 3587 retroactus
1761 3535 1795 3586 et
1811 3522 1870 3585 Pa-

540 3641 711 3703 triarchae
734 3641 836 3703 domo
860 3641 904 3702 ad
920 3640 1087 3704 orientem
1103 3641 1147 3703 ad
1163 3642 1340 3704 dexteram
1358 3649 1393 3703 et
1420 3660 1502 3703 mox
1518 3642 1553 3702 in
1569 3650 1722 3703 austrum
1738 3638 1868 3709 omissa.

541 3757 662 3820 eodem
685 3767 796 3839 portu,
821 3759 908 3819 inter
931 3757 1074 3819 duorum
1098 3758 1263 3819 montium
1287 3757 1504 3819 devexitates
1534 3753 1673 3818 facilem
1697 3773 1868 3818 ascensum

541 3874 735 3955 praebente,
760 3892 826 3955 quo
851 3872 933 3934 olim
951 3870 1088 3935 Granha
1111 3872 1225 3944 subiit,
1249 3891 1326 3935 cum
1350 3891 1469 3935 caesus
1485 3881 1538 3934 est
1557 3870 1768 3934 aLusitanis
1790 3870 1868 3933 etin

544 3986 626 4050 facti
649 3988 848 4051 memoriam
871 4008 960 4052 nunc
983 3987 1184 4052 Granhaber
1207 3988 1342 4060 dicitur,
1373 3989 1407 4050 in
1432 3989 1578 4051 celsiora
1605 3988 1727 4050 iterum
1755 3987 1866 4056 evasit,

541 4115 575 4166 et
599 4105 749 4167 medium
773 4124 811 4167 se
833 4123 1020 4186 opponens,
1048 4103 1140 4167 hosti
1163 4103 1370 4167 Dancazium
1402 4102 1646 4187 progrediendi
1676 4100 1866 4166 facultatem

541 4219 724 4282 intercidit.

212 4344 410 4427 ¹imperatoris
437 4358 513 4428 exer·
631 4354 660 4413 5.
685 4334 817 4397 Eodem
842 4345 994 4416 tempore
1025 4333 1112 4397 Libo
1143 4345 1276 4397 montes
1306 4344 1472 4417 tyrannus
1502 4344 1740 4417 occupaverat,
1764 4342 1798 4396 et
1818 4352 1867 4395 su·

193 4417 514 4551 ffiffieffiwffid:
541 4451 639 4513 blimi
674 4460 777 4532 atque
811 4451 982 4532 aequabili
1013 4448 1237 4533 Oinadeguae
1267 4451 1370 4513 dorso
1405 4450 1614 4513 Dancazium
1648 4451 1804 4533 petebat:
1837 4458 1867 4510 et

192 4558 297 4608 mmm·
541 4586 619 4629 cum
643 4567 741 4630 multi
765 4568 808 4629 ad
832 4586 908 4629 eum
924 4587 970 4628 ex
993 4566 1116 4628 vicinis
1132 4567 1267 4649 oppidis
1290 4567 1403 4629 vicani
1419 4563 1675 4636 confluxissent,
1691 4566 1867 4647 sexaginta

540 4702 627 4764 pene
651 4682 808 4745 cohortes
830 4683 1004 4754 educebat,
1030 4683 1062 4744 in
1086 4683 1211 4763 quibus
1232 4682 1322 4745 ultra
1344 4680 1468 4766 viginti
1490 4681 1640 4763 quinque
1668 4681 1778 4743 millia
1800 4697 1866 4742 cor·

540 4818 661 4881 porum
686 4800 806 4880 magis,
830 4817 931 4880 quam
955 4798 1112 4869 militum,
1131 4796 1201 4860 lere
1217 4797 1396 4860 inermium
1412 4806 1447 4859 et
1469 4797 1773 4860 inexercitatorum
1795 4814 1866 4858 cen·

540 4915 711 4977 sebantur.
736 4912 867 4995 Quibus
890 4933 954 4994 pro
978 4912 1195 4976 munimentis
1218 4922 1253 4975 et
1282 4913 1360 4975 telis
1383 4922 1455 4975 erat
1480 4912 1624 4995 insignis
1657 4910 1865 4989 confidentia,

540 5030 631 5112 quod
643 5050 689 5093 ex
701 5030 857 5112 repetitis
869 5030 997 5092 nuntiis
1009 5030 1183 5102 rescirent,
1204 5030 1415 5110 imperialem
1431 5030 1621 5092 exercitum
1637 5028 1748 5091 invito
1760 5028 1864 5091 Marte

540 5147 621 5208 illuc
633 5154 851 5227 pertractum,
868 5154 902 5207 et
918 5145 1106 5207 umbratice
1123 5155 1251 5208 tantum
1269 5154 1497 5228 pugnaturum
1513 5154 1557 5217 et,
1573 5145 1602 5207 si
1618 5164 1707 5227 quae
1725 5143 1865 5208 fenestra
