4124 6182
656 553 773 602 meaa
797 553 820 607 1,
853 552 977 601 cneus
1002 552 1052 601 rr.
1479 541 1521 616 63

186 718 257 761 ram
280 699 429 761 sabbato
453 699 635 764 inararent.
660 697 733 761 Nec
758 696 937 770 foeminae,
954 719 1041 780 quae
1057 700 1246 762 masculum
1263 709 1377 762 essent
1400 700 1526 762 enixae

188 825 264 877 ante
288 814 382 878 diem
407 815 717 897 quadragesimum,
743 834 805 877 nec
827 835 915 897 quae
938 816 990 877 sui
1013 835 1117 878 sexus
1132 826 1275 897 partum,
1292 824 1372 877 ante
1389 825 1527 897 octoge-

186 933 323 1003 simum,
347 950 409 993 nec
434 942 606 993 menstruo
629 932 836 1004 sordidatae,
855 941 939 993 ante
962 931 1056 993 illius
1079 933 1313 1004 abolitionem,
1336 952 1374 994 se
1398 932 1527 1013 templo

189 1046 364 1108 sistebant.
389 1046 429 1108 In
453 1046 624 1128 aliquibus
647 1047 799 1109 delubris
822 1047 962 1129 duplex,
988 1049 1023 1110 in
1043 1047 1121 1109 aliis
1137 1049 1265 1129 triplex
1281 1049 1396 1110 velum
1412 1050 1526 1129 adyta,

187 1160 275 1224 sicut
298 1160 394 1233 olim,
419 1159 547 1225 Sancta
570 1174 604 1225 et
627 1161 756 1225 Sancta
783 1161 985 1226 Sanctorum
1010 1185 1030 1226 a
1061 1164 1219 1246 populari
1249 1163 1454 1226 commercio
1477 1163 1528 1225 di-

188 1275 343 1339 rimebat.
368 1277 409 1340 In
433 1279 592 1340 omnibus
615 1298 714 1340 arcae
737 1279 937 1341 visebantur
962 1289 996 1342 et
1026 1281 1116 1342 intra
1139 1299 1196 1342 eas
1219 1298 1298 1342 arae
1323 1279 1468 1361 ligneae,
1493 1289 1527 1341 et
1592 1288 1678 1367 Areae
1689 1285 1720 1334 tn
1732 1285 1878 1349 templiset

187 1392 221 1453 in
243 1392 486 1456 Auxumitano
509 1394 636 1465 tabula,
657 1413 760 1475 quam
779 1395 866 1476 legis
889 1413 964 1456 esse
987 1395 1153 1474 putabant
1177 1414 1198 1455 a
1219 1395 1351 1475 templo
1375 1393 1529 1455 ierosoli·
1555 1370 1619 1404 ⁸¹⁸⁸
1639 1356 1760 1418 ¹¹g⁰⁸⁸⁸‘

187 1509 317 1571 mitano
343 1518 540 1578 mutuatam,
564 1520 598 1571 et
623 1510 657 1571 in
675 1508 827 1572 Abbatis
850 1507 1015 1572 Guarimai
1038 1507 1119 1572 fano
1142 1508 1243 1591 virga
1265 1518 1397 1590 septem
1421 1508 1529 1572 invol-

187 1625 301 1687 vocris
317 1624 391 1706 [sic]
415 1623 535 1687 sericis
558 1635 591 1686 et
615 1625 739 1706 xylino
762 1625 921 1687 crassiori
944 1636 1115 1706 cooperta,
1139 1644 1226 1706 quae
1258 1625 1438 1686 aaronicae
1453 1626 1529 1687 visa

186 1751 237 1802 est
254 1741 516 1803 imitamentum.
541 1736 703 1803 Carentes
719 1743 871 1822 squamis
887 1741 999 1822 pisces
1022 1751 1056 1803 et
1071 1759 1166 1803 suem
1183 1739 1327 1821 (nonita
1345 1759 1476 1822 aprum,
1493 1752 1529 1803 ut

187 1865 267 1937 pote
292 1856 325 1918 in
352 1856 428 1938 lege
451 1877 520 1918 non
544 1855 701 1939 vetitum)
725 1876 809 1919 cane
832 1858 930 1938 peius
953 1865 988 1919 et
1011 1875 1123 1939 angue
1148 1856 1406 1919 execrabantur.
1424 1855 1529 1917 Dete·

186 1972 345 2035 stabilius
368 1992 452 2035 vero
476 1975 627 2054 leporem
651 1983 685 2035 et
708 1972 903 2034 cuniculum
927 1982 961 2034 et
984 1972 1029 2033 ob
1053 1971 1189 2033 illorum
1213 1991 1320 2042 esum,
1337 1971 1529 2043 Lusitanos,

185 2108 273 2168 quos
297 2089 343 2149 ob
367 2108 443 2150 eam
466 2090 575 2151 solam
601 2108 728 2151 noxam
752 2088 873 2151 Turcis
898 2090 1141 2171 adiungebant,
1157 2108 1235 2150 eum
1251 2089 1318 2169 ipsi
1334 2100 1368 2151 et
1385 2090 1530 2172 polyga-

185 2203 254 2266 mia
279 2214 314 2266 et
338 2203 610 2267 circumcisionis
633 2224 696 2266 usu
719 2214 752 2266 et
777 2206 932 2285 pluribus
957 2205 1035 2266 aliis
1058 2204 1181 2266 ritibus
1212 2224 1289 2266 cum
1317 2205 1446 2267 eisdem
1474 2224 1530 2266 co-

185 2322 360 2401 pulentur.

276 2457 309 2514 4.
334 2434 549 2499 Sacramenti
566 2435 852 2505 Confirmationis,
868 2435 1055 2498 Extremae
1072 2435 1254 2498 Unctionis
1269 2446 1428 2499 extrema
1443 2456 1530 2498 sem·
1594 2439 1776 2521 confirmado
1786 2449 1813 2489 et
1825 2442 1878 2489 ex·

185 2572 247 2634 per
271 2553 444 2614 intereos
467 2562 501 2614 et
524 2549 656 2614 formae
680 2552 847 2633 Baptismi
872 2570 1004 2613 summa
1028 2550 1092 2614 luit
1117 2552 1297 2634 ignoratio
1315 2552 1415 2614 Illam
1439 2562 1531 2614 recte
1558 2512 1780 2644 ἶῗῃῗζέηωο
1808 2511 1880 2574 ¹⁹⁵ss

185 2668 291 2749 pauci
315 2665 552 2749 proferebant:
578 2688 618 2730 ea
642 2667 813 2750 vulgatior
828 2676 912 2739 erat,
928 2688 1015 2748 quae
1032 2667 1066 2729 in
1083 2668 1213 2748 templo
1241 2665 1422 2749 Ganjabet.
1442 2668 1530 2730 idest

185 2784 405 2847 attalicarum
430 2782 576 2846 vestium
606 2784 773 2855 conclavi,
806 2786 840 2846 in
875 2785 998 2847 dextro
1030 2801 1164 2863 semper
1195 2792 1383 2845 castrorum
1414 2802 1529 2857 cornu,

185 2899 320 2962 Beatae
343 2898 481 2981 Virgini
505 2900 631 2971 dicato,
655 2910 804 2981 reperta:
828 2898 943 2963 Semel
967 2910 1001 2961 te
1025 2899 1060 2961 in
1083 2898 1195 2969 Patre,
1212 2900 1362 2960 secundo
1378 2899 1412 2961 in
1429 2898 1530 2972 Filio,
1593 2904 1627 2953 ln
1645 2903 1792 2966 Baptismo
1807 2902 1880 2954 vani

185 3017 292 3077 tertio
316 3017 352 3077 in
375 3011 507 3096 Spiritu
530 3013 659 3079 Sancto
683 3017 830 3097 baptizo
853 3014 931 3077 Alii
961 3014 1135 3078 dicebant:
1159 3012 1237 3096 Ego
1267 3024 1301 3076 te
1333 3014 1367 3076 in
1398 3011 1530 3096 Spiritu
1558 2988 1677 3024 ‘mm'

183 3128 338 3203 Sancto;
362 3130 439 3192 alii:
465 3130 504 3192 In
529 3130 685 3193 Iordanis
709 3151 798 3211 aqua
813 3130 967 3211 baptizo;
992 3129 1068 3191 alii:
1093 3128 1188 3191 Deus
1212 3139 1246 3192 te
1262 3130 1431 3211 baptizet;
1455 3128 1530 3192 alii:

184 3246 349 3310 Accedat
373 3246 436 3310 tibi
460 3247 676 3328 Baptismus;
708 3247 779 3319 alii,
810 3248 966 3309 demerso
998 3245 1138 3317 infante,
1170 3246 1378 3308 dominicam
1405 3248 1531 3309 oratio-

185 3382 278 3435 nem,
303 3362 362 3424 vel
385 3364 543 3443 quamvis
566 3363 711 3425 alicuius
734 3362 905 3444 evangelii
929 3372 1060 3443 partem
1084 3363 1286 3424 recitabant.

280 3496 311 3557 5.
336 3477 635 3559 Rebaptizationis
659 3479 745 3540 mira
769 3478 939 3541 intereos
962 3477 1081 3540 libido.
1107 3477 1163 3539 Illi
1186 3477 1345 3540 studebat
1376 3477 1532 3558 quisquis
1580 3479 1833 3566 'uebaptizauonis
1850 3496 1881 3531 ⁸·

185 3593 351 3657 monachi
375 3593 433 3656 vel
456 3593 616 3656 monialis
639 3594 793 3657 habitum
826 3595 990 3666 indueret,
1015 3593 1169 3675 quisquis
1196 3594 1240 3655 ad
1268 3592 1444 3657 Gallarum
1474 3594 1531 3655 vel
1557 3556 1671 3604 ”dm

184 3710 507 3772 mahometanorum
538 3709 696 3791 regiones
730 3709 940 3780 accessisset,
976 3709 1039 3771 etsi
1067 3709 1203 3770 illorum
1234 3708 1532 3790 superstitionibus

185 3845 257 3888 non
282 3823 514 3906 pollueretur;
539 3825 624 3887 satis
647 3825 738 3888 enim
762 3835 835 3888 erat
859 3845 934 3887 cum
966 3825 1086 3887 iisdem
1119 3822 1226 3887 fuisse
1257 3822 1447 3887 fabulatum
1474 3826 1531 3887 vel

184 3942 378 4023 epulatum.
410 3939 594 4002 Faeminae
626 3939 789 4003 clariores
821 3941 1024 4003 monachum
1056 3960 1190 4021 semper
1219 3941 1313 4002 dorni
1340 3941 1487 4011 alebant,
1512 3962 1533 4002 a

184 4076 258 4139 quo
291 4055 439 4139 singulis
470 4056 590 4118 diebus
621 4058 665 4119 ad
692 4056 776 4119 solis
804 4067 973 4127 exortum,
1004 4057 1163 4118 omnibus
1193 4057 1347 4118 vestibus
1374 4056 1530 4127 nudatae,

186 4172 430 4235 abluebantur.
456 4169 547 4253 Quin
571 4181 604 4234 et
629 4191 752 4235 vaccas
776 4173 933 4254 luporum
957 4173 1116 4235 dentibus
1140 4172 1273 4234 saucias
1302 4171 1347 4233 ad
1370 4172 1532 4233 clericum

186 4287 376 4357 ducebant,
400 4306 525 4369 easque
550 4286 622 4368 ipse
645 4289 785 4359 eisdem,
810 4289 933 4369 quibus
957 4285 1115 4358 infantes
1139 4287 1254 4348 verbis
1278 4306 1318 4348 ac
1342 4286 1463 4348 ritibus
1484 4286 1533 4347 lu-

186 4403 334 4465 strabat.
359 4399 554 4465 Solemnior
577 4404 728 4484 ipsorum
752 4415 824 4466 erat
848 4404 904 4465 die
926 4401 1151 4484 Epiphaniae,
1175 4402 1233 4464 vel
1260 4404 1295 4465 in
1319 4403 1405 4465 mari
1428 4402 1532 4465 Dam-

161 4521 299 4614 .baeae
322 4517 381 4578 vel
405 4517 440 4578 in
463 4519 636 4580 luculento
660 4520 775 4600 aliquo
799 4518 953 4591 flumine,
975 4529 1032 4581 aut
1057 4519 1090 4580 in
1115 4538 1217 4580 manu
1240 4519 1403 4580 laboratis
1429 4538 1532 4599 aqua·

188 4653 267 4695 rum
301 4632 575 4704 deductionibus,
607 4633 642 4695 in
678 4634 784 4716 regiis
815 4634 937 4697 castris
971 4635 1016 4696 ab
1046 4633 1184 4704 Abuna,
1216 4635 1249 4695 in
1281 4633 1358 4695 aliis
1392 4636 1478 4697 locis
1513 4655 1532 4696 a

189 4768 321 4832 magno
338 4747 484 4811 alicuius
500 4749 658 4811 caenobii
674 4751 730 4811 vel
747 4750 914 4813 ecclesiae
938 4751 1104 4832 magistro
1120 4759 1236 4812 curata
1260 4749 1397 4812 lavatio.
1422 4751 1532 4831 Prope

43 4872 66 4920 f·
87 4882 158 4933 33³.
188 4884 317 4946 aquam
342 4863 378 4925 in
403 4864 573 4946 perviglio
598 4861 761 4927 *divitum
787 4866 944 4936 tentoria,
968 4866 1159 4926 tenuiorum
1184 4866 1382 4926 umbracula
1401 4875 1435 4927 et
1450 4885 1531 4946 pau-

189 5000 313 5062 perum
338 4979 476 5042 casulae
498 4976 700 5062 figebantur.
725 4979 958 5043 Commodiori
982 4981 1128 5042 statione
1151 4980 1257 5042 altare
1281 5000 1358 5041 cum
1381 5000 1439 5042 ara
1454 4999 1531 5061 por·

190 5097 284 5159 tatili
309 5096 498 5165 Iocabatur,
522 5106 556 5157 et
580 5114 752 5156 sacrorum
787 5096 934 5157 ministri
963 5097 1027 5157 sub
1057 5114 1234 5175 vesperum
1266 5094 1532 5174 elegantioribus
1594 5101 1761 5184 vespertina
1788 5117 1882 5166 prae·

1559 5185 1678 5238 paratio.
