4124 6182
702 2110 890 2188 CAPUT
918 2111 1007 2186 XV.

403 2368 673 2444 Patriarchae
702 2369 939 2444 Dancalino
966 2390 1096 2465 regno
1124 2392 1315 2445 excursus

589 2513 631 2579 et
658 2504 719 2613 ad⁴
740 2506 901 2599 Regem
930 2525 1130 2581 accessus,

276 2844 307 2887 1.
332 2822 561 2886 Dancalinum
585 2841 727 2906 regnum
751 2825 796 2886 ab
822 2821 1007 2905 Erythraei
1031 2824 1134 2885 maris
1157 2821 1314 2886 faucibus
1337 2825 1372 2886 in
1395 2824 1523 2887 duode·
1585 2832 1873 2895 Daneatiniregnin·

49 2948 66 3003 t,
84 2947 148 3015 61,v.
176 2943 273 3003 cirno
290 2938 403 3001 *inter
416 2938 652 3021 Aequatorem
668 2950 703 3002 et
717 2940 863 3003 Boream
879 2942 988 3023 gradu
1005 2939 1172 3022 incipiens
1184 2941 1228 3003 ad
1244 2940 1414 3003 decimum
1426 2941 1523 3023 quin·
1550 2920 1598 2959 ¹¹¹⁸
1616 2917 1643 2957 ‘t
1661 2918 1769 2956 ΜΨ*

176 3067 253 3120 tum
280 3057 318 3118 in
342 3053 489 3118 Adefali
511 3057 804 3139 propugnaculum
827 3056 970 3140 triginta
991 3076 1152 3139 passuum
1177 3056 1330 3120 millibus
1352 3078 1373 3120 a
1399 3056 1525 3135 Macua

175 3174 319 3236 distans
344 3172 378 3233 in
403 3168 628 3235 Occidentem
652 3182 686 3235 et
709 3173 744 3235 in
767 3171 934 3236 Austrum
958 3193 1019 3255 per
1042 3173 1293 3237 mediterranea
1316 3175 1359 3235 ad
1379 3174 1525 3236 ducenta

176 3287 351 3351 milliaria
374 3286 449 3350 solo
472 3286 656 3351 macilento
678 3299 713 3351 et
736 3289 862 3371 ubique
885 3291 1053 3372 glareoso,
1078 3299 1113 3352 et
1138 3291 1289 3352 solorum
1306 3290 1524 3351 rhamnorum

176 3404 396 3467 immanibus
422 3405 551 3467 aculeis
580 3414 789 3467 armatorum
821 3403 935 3476 feraci,
967 3404 1188 3486 protenditur.
1222 3404 1327 3466 Pauci
1358 3412 1526 3466 torrentes

175 3523 352 3603 exiguam
387 3520 478 3582 inter
507 3529 641 3583 montes
670 3521 848 3603 planitiem
878 3523 1003 3602 hyeme
1034 3520 1188 3604 irrigant,
1211 3521 1283 3593 sed,
1307 3522 1368 3583 illa
1391 3530 1524 3592 exacta,

178 3656 311 3718 aquam
337 3636 402 3697 sub
425 3635 538 3698 arenis
560 3638 743 3707 occultant,
767 3656 867 3717 quam
893 3639 957 3698 iter
980 3635 1155 3708 facientes,
1183 3636 1253 3699 illis
1270 3656 1371 3699 manu
1387 3637 1526 3719 egestis,

175 3762 392 3824 scrutantur,
405 3762 440 3814 ut
457 3752 548 3815 sitim
563 3754 791 3836 restinguant.
807 3750 845 3815 Si
861 3752 944 3834 quid
961 3753 1103 3835 liquoris
1118 3754 1205 3815 alias
1220 3771 1283 3835 per
1305 3753 1525 3816 solitudinem

175 3870 345 3941 exsudat,
371 3868 545 3951 salsugine
576 3878 610 3931 et
641 3869 867 3932 amaritudine
897 3869 1064 3951 pallescit.
1097 3868 1194 3932 Raro
1224 3869 1407 3930 herbarum
1438 3869 1526 3931 ridet

175 3986 379 4050 amoenitas
402 3994 435 4047 et
459 3986 538 4047 ideo
560 3985 668 4048 solius
690 3986 808 4069 gregis
823 3983 953 4066 caprini
970 3986 1075 4046 altrix
1090 3985 1213 4047 humus
1227 4004 1357 4066 paucos
1371 3994 1527 4066 pastores

175 4101 367 4182 (Biduinos
390 4099 528 4182 vocant)
553 4101 660 4183 ipsius
684 4102 772 4163 lacte
798 4101 924 4163 educit.
940 4099 1013 4162 Nec
1030 4099 1137 4163 ullum
1154 4101 1279 4183 glebae
1298 4102 1450 4181 palmum
1466 4119 1527 4182 per

174 4228 277 4283 totos
308 4216 384 4278 dies
414 4216 669 4298 septemdecim,
692 4217 817 4298 quibus
847 4235 988 4298 regnum
1020 4216 1105 4278 illud
1137 4214 1344 4287 traiecimus,
1375 4216 1527 4279 cuiusvis

174 4332 351 4397 frumenti
373 4351 537 4413 capacem
561 4331 782 4405 offendimus;
806 4334 866 4395 sed
891 4352 952 4395 nec
975 4332 1138 4414 oppidum
1162 4333 1311 4414 aliquod,
1343 4352 1461 4396 verum
1477 4342 1526 4395 te·

177 4460 261 4513 ctas
284 4447 388 4530 palea
410 4450 545 4511 casulas
568 4457 603 4509 et
625 4450 741 4531 gregis
765 4436 943 4511 custodum
976 4449 1126 4530 mapalia
1149 4468 1194 4510 ex
1221 4450 1366 4531 agrestis
1389 4449 1526 4531 palmae

176 4564 283 4629 foliis
307 4563 424 4627 textili
447 4561 586 4645 opificio
608 4573 857 4646 coagmentata.

278 4700 307 4743 2.
332 4677 417 4741 Tam
442 4678 643 4743 Patriarcha
665 4699 767 4762 quam
795 4682 880 4742 socii
911 4682 1063 4764 regionis
1085 4679 1178 4742 illius
1205 4680 1327 4742 notitia
1357 4680 1524 4749 destituti,
1589 4690 1650 4772 ctat
1678 4700 1705 4739 er
1734 4689 1875 4739 iumento-

175 4805 427 4867 commeatum,
450 4794 576 4877 ubique
600 4815 667 4858 non
695 4794 922 4877 secus'atque
946 4798 981 4859 in
1003 4796 1143 4878 Europa
1166 4805 1336 4877 repertum
1361 4798 1402 4859 iri
1428 4815 1527 4878 repu·
1554 4776 1622 4884 ἓξ,
1641 4760 1739 4824 ¹¹²⁰p¹⁸
1766 4760 1876 4811 labora·

176 4921 311 4983 tantes,
336 4929 496 4994 magnam
520 4911 624 4981 illius,
649 4931 751 4992 quam
775 4911 1024 4984 convehebant,
1044 4913 1187 4994 copiam,
1209 4932 1229 4975 a
1252 4913 1441 4976 rectoribus
1457 4912 1525 4974 col-

176 5030 361 5112 legiorum
383 5024 568 5091 Societatis
590 5026 668 5090 Iesu
691 5028 914 5107 Bacainensis
929 5039 963 5091 et
978 5029 1170 5091 Tannensis
1186 5029 1320 5091 abunde
1340 5037 1526 5111 erogatam,

178 5147 219 5210 in
246 5142 400 5227 navigiis
422 5142 650 5223 reliquerunt;
675 5143 937 5206 sarcinarlorum
961 5145 1064 5206 etiarn
1089 5145 1286 5207 animalium
1311 5144 1427 5225 inopia
1449 5151 1527 5205 sunt
