4124 6182
676 695 791 742 ninere
816 696 838 751 1,
864 696 988 744 cneus
1013 698 1066 745 111.
1494 707 1529 763 41

196 861 308 923 neque
333 843 369 904 id
393 843 548 923 mysterii
578 841 793 905 sanctitatem
821 844 970 926 amplius
1000 846 1146 917 elevare,
1178 865 1279 927 quarn
1312 846 1444 929 (eodem
1476 866 1535 908 an·
1647 898 1649 903 .

195 956 333 1039 nuente)
363 957 510 1019 Davidis
534 978 610 1020 cum
633 955 829 1021 Salomonis
860 969 967 1021 matre
998 958 1208 1043 coniugium,
1239 962 1309 1023 imo
1340 971 1373 1024 et
1404 963 1534 1024 adulte·

195 1074 294 1144 rium,
321 1072 357 1136 in
380 1083 501 1155 typum
524 1072 702 1137 Ecclesiae
717 1076 761 1137 ad
778 1073 950 1138 Christum
965 1073 1192 1159 profugientis
1208 1078 1289 1159 quin
1313 1099 1359 1139 ex
1382 1079 1533 1141 ciusdem

195 1188 395 1252 Salomonis
418 1209 495 1252 cum
519 1187 591 1252 filia
613 1188 803 1253 Pharaonis
825 1192 972 1271 nuptias,
1000 1193 1045 1253 ob
1075 1193 1231 1254 eamdem
1261 1192 1533 1267 similitudinem,

195 1305 337 1368 Patrum
361 1305 581 1368 excusatione
604 1304 911 1389 cohonestatash).

285 1442 315 1498 4.
341 1419 416 1484 Iam
441 1421 532 1503 quod
556 1420 627 1502 ipse
651 1432 782 1484 asserat
805 1423 923 1484 decem
946 1442 1021 1486 esse
1044 1422 1143 1485 huius
1166 1422 1349 1506 legationis
1369 1443 1530 1506 parerga:
1597 1434 1710 1494 Decem,
1733 1449 1804 1499 quae
1832 1436 1882 1488 Pi-

194 1535 287 1600 Saba
312 1556 447 1609 nomen,
471 1534 584 1598 famae
607 1538 771 1609 volatum,
795 1538 1005 1610 comitatum,
1028 1541 1190 1610 camelos,
1215 1548 1378 1611 aromata,
1403 1558 1532 1611 aurum,
1560 1505 1883 1643 ffioffimffiss

193 1673 360 1736 gemmas,
385 1651 506 1716 Austri
538 1672 690 1735 regnum,
722 1673 742 1714 a
772 1662 883 1715 terrae
913 1651 1038 1717 finibus
1065 1656 1258 1726 aduentum,
1282 1664 1316 1718 et
1339 1656 1472 1738 regium
1498 1655 1533 1717 in
1560 1656 1615 1697 ‘¹¹¹-

193 1769 347 1833 foemina
369 1769 593 1839 dominatum,
617 1786 704 1848 quae
728 1768 823 1830 illam
847 1788 914 1830 non
938 1769 1165 1850 aethiopicam
1189 1771 1251 1831 sed
1278 1769 1450 1832 arabicam
1475 1772 1532 1833 de·

194 1894 397 1956 monstrent,
422 1904 463 1947 ea
485 1884 693 1965 percurrenti
710 1884 880 1946 constabit
896 1904 997 1965 quam
1013 1886 1059 1947 sit
1074 1882 1237 1947 infestum
1261 1886 1398 1948 veritati
1411 1884 1466 1968 (2).
1491 1885 1531 1949 In

193 1999 315 2082 primis
337 1998 432 2063 Saba
455 2019 589 2071 nomen,
602 1999 632 2061 si
647 1998 813 2072 Arabiae,
830 2020 898 2062 non
915 2001 1027 2063 minus
1042 2020 1222 2064 commune
1242 2012 1295 2064 est
1309 2001 1531 2083 Aethiopiae,

193 2120 281 2180 sicut
305 2125 339 2178 et
364 2116 474 2196 ipsum
498 2114 706 2196 Aethiopiae
730 2116 934 2178 vocabulum
957 2117 1047 2179 ultra
1069 2125 1104 2178 et
1127 2118 1213 2179 citra
1228 2117 1456 2200 Erythraeum
1473 2140 1532 2202 pe·

193 2234 294 2316 lagus
318 2231 486 2294 discurrit.
512 2230 566 2293 De
589 2227 682 2293 Saba
697 2232 789 2293 enim
806 2231 1000 2312 aethiopica
1014 2231 1181 2316 Aegypto
1205 2218 1422 2298 contermina*
1441 2237 1532 2299 dixit

194 2346 316 2410 Vates:
334 2347 430 2410 Dedi
437 2346 715 2432 propitiationem
730 2351 826 2410 tieem
837 2346 1029 2433 Aegyptum
1044 2353 1078 2411 et
1092 2348 1306 2434 Aethiopiam
1322 2355 1355 2414 et
1365 2352 1397 2414 S
1395 2351 1456 2414 aba
1464 2358 1530 2436 pro

193 2469 225 2526 te
236 2466 290 2545 (3).
316 2462 363 2526 Et
387 2465 523 2526 iterum:
549 2462 660 2526 Labor
682 2461 832 2548 Aegypti
850 2468 884 2526 et
904 2463 1088 2549 negotiatio
1113 2464 1313 2549 Aethiopiae
1335 2471 1370 2530 et
1390 2467 1529 2531 Sebei'm

192 2579 267 2643 oi'ri'
284 2579 443 2642 sublimes
457 2579 505 2643 ad
517 2584 549 2642 te
563 2578 761 2643 trensi'biint
771 2581 822 2660 (4).
840 2576 879 2642 Si
895 2600 977 2642 vero
994 2582 1097 2643 maris
1112 2579 1227 2643 Rubri
1252 2582 1530 2664 navigationibus

193 2698 309 2759 delata
339 2697 447 2757 estin
480 2695 649 2758 Arabiam
679 2693 875 2758 Salomonis
903 2693 1005 2768 fama,
1038 2715 1098 2758 cur
1129 2717 1196 2759 non
1227 2698 1262 2759 in
1293 2697 1527 2780 Aethiopiam,

192 2832 295 2894 quam
320 2831 388 2873 non
412 2811 523 2874 secius
546 2812 638 2873 idem
663 2808 788 2874 fretum
812 2833 832 2873 a
855 2812 1126 2893 septemtrionali
1151 2815 1258 2876 latere
1280 2813 1394 2896 tingit,
1426 2833 1528 2894 quam

192 2928 363 2990 Arabiam
380 2929 424 2990 ab
441 2929 580 2990 australi
596 2936 629 2989 et
645 2928 745 2990 unius
761 2928 830 2991 diei
854 2929 1071 2991 intervallum
1095 2928 1281 3011 disiungit?
1300 2927 1528 2993 Salutantium

192 3057 225 3108 et
249 3044 511 3125 obsequentium
535 3044 716 3106 comitatus
747 3045 868 3106 nullibi
899 3046 1124 3116 ambitiosius
1155 3065 1257 3126 quam
1282 3046 1316 3107 in
1340 3044 1530 3128 Aethiopia

192 3158 382 3223 affectatur.
400 3155 635 3220 *Camelorum
651 3157 686 3220 in
703 3159 788 3220 locis
802 3160 996 3240 tepentibus
1011 3170 1125 3222 tantus
1145 3179 1304 3223 numerus
1319 3171 1357 3223 ut
1372 3163 1407 3224 in
1423 3180 1529 3244 regno

191 3275 308 3339 Doard
332 3295 395 3357 per
417 3284 524 3337 totum
550 3294 729 3356 vesperum
745 3276 967 3356 contemplati
984 3274 1149 3338 fuerimus
1166 3275 1332 3341 infinitum
1353 3297 1468 3340 eorum
1485 3280 1527 3339 ad

190 3394 274 3455 salis
293 3388 431 3454 fodinas
447 3400 599 3453 actorum
622 3401 858 3453 commeatum.
875 3391 999 3454 Thuris
1017 3392 1125 3455 maior
1141 3395 1242 3474 copia
1258 3394 1292 3456 in
1309 3393 1450 3465 Arabia,
1467 3395 1528 3457 sed

190 3509 332 3589 aliquod
357 3508 391 3569 in
416 3506 607 3587 Aethiopia
633 3506 786 3569 Arabiae
812 3505 907 3570 felici
931 3509 1085 3579 adversa,
1110 3510 1199 3571 sicut
1222 3519 1255 3572 et
1279 3510 1419 3590 myrrha
1449 3529 1528 3590 pro·

189 3625 370 3688 batissima
393 3633 427 3686 et
451 3620 612 3704 profusus
635 3624 740 3685 sudor
761 3620 880 3686 felium
904 3625 1132 3686 odoratorum.
1164 3625 1258 3687 Thus
1288 3635 1400 3688 autem
1433 3625 1526 3687 avi·

188 3742 276 3804 cinis
301 3740 448 3802 mutuari
472 3739 529 3801 vel
552 3757 675 3808 emere,
701 3737 766 3800 nisi
789 3739 926 3802 tributis
950 3740 1131 3802 collectum
1155 3740 1340 3813 habuisset,
1364 3740 1527 3824 Reginae

188 3877 256 3919 non
281 3855 412 3918 eratin
436 3854 591 3937 proclivi.
624 3852 759 3916 Aurum
790 3855 913 3916 nullibi
943 3856 1054 3936 magis
1085 3875 1188 3935 quam
1220 3856 1253 3918 in
1281 3856 1469 3938 Aethiopia
1492 3867 1526 3920 et

187 3970 310 4034 Sofala
326 3972 395 4053 ipsi
409 3971 524 4033 vicina
551 3970 745 4033 crebrescit.
765 3968 983 4033 Gemmarum
1008 3973 1167 4054 princeps
1190 3973 1301 4055 gloria
1324 3972 1527 4054 aethiopicis

187 4099 223 4150 ut
239 4088 469 4157 carbunculis,
486 4086 581 4159 nilio,
597 4085 803 4167 hyacinthis
820 4086 1028 4167 chrysolitis,
1045 4088 1249 4169 helotropi0‚
1272 4088 1426 4157 hamniti,
1446 4087 1527 4151 hae·

187 4203 310 4274 matiti,
335 4202 527 4273 obsidian0,
551 4201 704 4283 syderiti,
721 4223 741 4263 a
756 4202 870 4265 Plinio
890 4203 1047 4275 laudatis,
1063 4212 1097 4265 et
1113 4203 1248 4284 topazio
1266 4205 1310 4265 ab
1333 4206 1452 4267 eodem
1469 4203 1527 4286 (5),

186 4330 220 4382 et
244 4340 265 4381 a
288 4317 376 4381 Iobo
393 4318 531 4380 arabico
543 4316 587 4401 (6)
604 4338 666 4379 nec
690 4320 735 4381 ob
750 4319 897 4381 viciniae
921 4318 1184 4382 aemulationem
1201 4320 1385 4383 invidente.
1402 4319 1526 4382 Austri

186 4436 307 4518 regina
319 4436 435 4497 verius
446 4444 499 4497 est
511 4433 581 4507 illa,
594 4454 681 4515 quae
694 4434 903 4517 Aethiopiae
918 4436 1053 4517 penitus
1065 4435 1100 4497 in
1116 4436 1340 4497 meridianum
1354 4436 1398 4518 (7)
1412 4439 1525 4517 (quem

186 4553 220 4614 in
246 4552 348 4613 Actis
364 4549 613 4631 Apostolorum
634 4549 803 4613 Candacis
826 4552 965 4633 reginae
989 4550 1202 4632 Aethiopum
1226 4551 1400 4613 eunuchus
1424 4572 1526 4632 quae·

186 4668 296 4751 rebat)
321 4666 545 4747 lerosolymis
568 4667 723 4729 obiectae
746 4667 985 4734 dominaretur,
1010 4686 1111 4747 quam
1135 4687 1221 4747 quae
1246 4666 1409 4740 Arabiae,
1430 4667 1526 4730 cuius

186 4784 267 4855 licet
293 4780 436 4845 inferior
457 4792 492 4844 et
515 4784 650 4844 tenuior
673 4802 753 4863 pars
775 4782 938 4845 Idumaea
957 4782 1121 4845 Austrum
1150 4784 1320 4864 respiciat,
1344 4784 1457 4865 potior
1484 4803 1524 4846 ae

275 4996 553 5061 (1)Pinedn,lib.
576 5008 597 5055 1,
616 5013 672 5061 cap.
694 5011 718 5059 4,
737 5014 761 5050 n.
784 5010 830 5057 10;
850 4998 895 5050 lib.
917 5008 940 5059 7.
960 5015 1016 5063 cip.
1036 5012 1060 5061 4,
1080 5015 1104 5051 n.
1128 5000 1246 5059 1.—(2)
1265 4998 1417 5055 Pineda,
1439 4998 1484 5050 lib.
1498 5011 1523 5063 5,

186 5103 241 5152 cip.
265 5100 306 5150 14,
325 5095 390 5138 sect.
411 5099 435 5150 5,
455 5103 479 5138 n.
501 5098 531 5150 25
553 5096 578 5136 et
596 5099 657 5139 secr,
678 5085 693 5134 b
712 5103 758 5152 per
775 5097 821 5140 tot.
845 5117 869 5125 —
894 5089 930 5151 (3)
950 5090 1022 5145 lsai,
1042 5099 1084 5149 43,
1104 5105 1128 5139 n.
1149 5099 1172 5149 3.
1193 5115 1226 5124 -
1246 5090 1282 5148 (4)
1300 5088 1371 5143 Isai',
1385 5098 1427 5150 45,
1441 5102 1466 5139 n.
1483 5099 1523 5151 14.

184 5206 219 5215 —
242 5177 283 5244 (5)
305 5177 414 5233 Ptin..
436 5176 481 5227 lib.
503 5187 544 5237 37,
563 5192 619 5242 cip.
641 5187 668 5237 73
689 5178 761 5236 ibid,
781 5194 838 5244 cap.
859 5174 889 5234 8,·
909 5179 981 5235 ibid,
1001 5194 1056 5242 cap,
1080 5191 1124 5233 ro;
1144 5177 1216 5234 ibid,
1235 5192 1291 5241 cap.
1312 5173 1335 5228 8.
1359 5204 1393 5213 -
1407 5174 1446 5243 (6)
1460 5178 1523 5235 lvi,

186 5266 226 5323 2²,
247 5285 271 5318 u.
296 5281 336 5328 ¹9·
364 5295 397 5303 ·-
418 5273 459 5325 17)
478 5267 544 5322 Ace,
565 5265 588 5323 8,
607 5283 631 5318 n.
653 5279 693 5318 21.

264 5391 290 5430 C.
307 5389 410 5429 Beccattt
436 5389 493 5429 A'er.
508 5389 574 5429 Aere.
589 5389 683 5440 Scri'pt.
697 5403 742 5431 occ.
758 5390 824 5432 tired.
840 5413 861 5419 -
883 5390 945 5430 ΠΗ.
1404 5390 1416 5425 6
