4058 6178
631 535 747 585 LIBER
770 536 808 595 11,
833 535 958 586 CAPUT
981 537 1020 586 11.
1428 544 1484 604 171

163 680 359 764 multiplicis
388 684 584 764 sponsionis
614 684 714 746 clavo
751 684 853 764 apud
874 685 1110 748 serenissimos
1127 684 1336 748 Lusitaniae
1367 685 1488 768 Reges

162 794 315 871 defixas,
331 798 479 865 liberare
501 808 627 880 potest.
650 797 788 862 Nemini
811 799 903 862 enim
926 819 994 862 non
1013 809 1070 882 est
1091 802 1328 883 pervulgatum
1360 803 1394 864 in
1418 800 1489 863 Ae·

163 911 288 994 thiopia
322 932 491 996 proavum
525 923 620 977 tuum
653 914 823 977 Davidem
846 923 881 977 et
905 924 1065 996 patruum
1097 913 1277 979 Claudium
1307 916 1488 980 Insitanos

162 1030 194 1091 in
219 1048 318 1092 suum
342 1030 509 1097 auxilium
539 1030 730 1094 concivisse
761 1032 825 1093 sub
854 1051 896 1094 ea
926 1030 1122 1095 conditione
1152 1034 1214 1096 eis'
1229 1052 1267 1096 se
1297 1033 1396 1096 tertia
1427 1033 1489 1095 im-

162 1146 243 1226 perii
259 1155 358 1226 parte
380 1164 546 1218 cessuros,
570 1155 604 1209 et
627 1164 803 1209 romanam
825 1144 928 1209 fidem
952 1147 1183 1228 amplexuros,
1207 1147 1235 1210 si
1259 1167 1339 1211 suos
1361 1145 1446 1210 fines
1466 1168 1486 1210 a

162 1259 479 1325 Mahometanorum
502 1271 537 1324 et
559 1261 704 1324 aliorum
727 1262 876 1325 hostium
900 1262 1032 1326 iniuriis
1050 1264 1273 1327 vindicarent.
1290 1261 1387 1345 Quae
1410 1282 1489 1326 con-

161 1377 244 1439 ditio
270 1378 316 1440 ab
346 1375 615 1458 Imperatoribus
645 1377 794 1450 adiecta,
812 1387 890 1449 eta
913 1377 1068 1460 dynastis
1098 1397 1138 1440 ac
1168 1380 1389 1460 popularibus
1407 1389 1489 1442 tunc

160 1493 319 1563 admissa,
344 1494 380 1555 in
407 1511 526 1555 omnes
555 1502 710 1575 posteros
740 1493 1005 1577 *obligationem
1037 1494 1215 1557 derivavit.
1239 1493 1355 1578 Igitur·
1371 1503 1490 1577 quater

161 1617 293 1670 centum
317 1627 365 1670 ex
387 1607 560 1672 Lusitanis
582 1610 677 1672 velut
708 1611 851 1673 totidem
881 1611 1009 1683 leones,
1033 1611 1096 1674 sub
1118 1610 1311 1673 clarissimo
1337 1619 1372 1674 et
1393 1629 1490 1692 prae·

160 1725 370 1787 stantissimo
392 1724 479 1787 duce
502 1722 749 1807 Christophoro
773 1747 794 1789 a
817 1723 936 1798 Gama,
959 1727 1025 1789 huc
1055 1746 1092 1790 se
1123 1727 1278 1800 intulere,
1308 1728 1366 1808 qui
1396 1726 1490 1807 prius

160 1840 354 1903 universam
383 1839 608 1921 Aethiopiam
637 1860 699 1904 suo
730 1843 897 1925 sanguine
924 1854 1149 1915 conserentes,
1173 1842 1491 1907 Mahometanorum

95 1958 97 1963 '
160 1955 275 2038 iugum
300 1965 336 2018 et
358 1955 511 2035 gladium
539 1957 583 2019 ab
614 1957 721 2037 ipsius
751 1958 943 2021 cervicibus
974 1958 1187 2039 depulerunt,
1217 1977 1318 2020 caeso
1348 1955 1488 2021 Granha

160 2070 339 2141 Adelensi,
364 2072 422 2154 qui
446 2073 514 2136 iam
538 2092 599 2154 per
621 2092 729 2136 annos
751 2073 1005 2156 quatuordecim
1034 2083 1141 2137 totum
1173 2074 1353 2156 imperium
1384 2073 1492 2137 instar

159 2184 314 2251 fulminis
337 2190 517 2251 attriverat
540 2198 574 2252 et
597 2189 832 2252 devoraverat.
857 2188 971 2253 Huius
993 2188 1180 2272 sanguinis,
1207 2190 1294 2252 adeo
1324 2207 1489 2273 generose

159 2315 191 2365 et
213 2304 406 2366 liberaliter
428 2301 537 2376 effusi,
562 2305 736 2368 debitores
758 2304 852 2377 estis,
875 2304 1052 2373 Abassini.
1076 2306 1148 2370 Nec
1167 2307 1315 2370 mediam
1345 2305 1490 2368 necdum

159 2419 293 2483 tertiam
316 2429 461 2501 partem,
484 2440 594 2502 neque
617 2422 702 2485 adeo
725 2421 824 2503 pedis
838 2441 976 2503 passum
992 2432 1181 2486 vestrorum
1196 2420 1314 2484 finium
1330 2439 1488 2502 umquam

158 2534 313 2598 Lusitani
337 2537 568 2617 quaesierunt:
603 2546 676 2601 tota
698 2538 849 2619 ipsorum
880 2556 1010 2602 merces
1040 2548 1074 2601 et
1105 2538 1311 2619 stipendium
1343 2535 1408 2600 fuit
1438 2555 1490 2598 ro-

158 2672 257 2716 mana
281 2650 385 2727 fides;
409 2652 498 2716 hanc
520 2655 768 2736 amplectimini
791 2662 826 2716 et
847 2662 922 2717 toto
945 2674 1008 2717 vos
1031 2655 1147 2717 debito
1170 2654 1379 2718 exsolvistis.

247 2773 302 2849 36.
326 2769 466 2834 Praeter
490 2770 635 2833 Davidis
658 2780 692 2832 et
715 2767 850 2832 Claudii
873 2768 1134 2851 promissionem
1154 2768 1335 2850 (siquidem
1350 2770 1490 2832 alterius
1551 2777 1772 2862 tubernaculum
1782 2779 1838 2829 Da·

156 2884 316 2955 Davidis,
341 2882 536 2948 Salomonis
558 2893 594 2947 et
616 2884 766 2947 Menilec
789 2885 833 2948 ab
856 2904 897 2947 eo
920 2886 1017 2947 iuxta
1040 2895 1188 2948 vestram
1203 2884 1420 2948 traditionem
1444 2906 1489 2948 ex
1516 2849 1635 2971 affe
1659 2850 1838 2901 mmm

156 3003 280 3084 regina
301 2997 395 3063 Saba
417 3000 511 3070 editi,
531 2999 697 3083 sanguine
712 3000 921 3083 gloriamini)
938 3010 1054 3063 curate
1069 3010 1106 3063 ut
1127 3003 1162 3063 in
1185 3002 1285 3063 vohis
1309 3002 1490 3082 impleatur

156 3117 241 3179 illud
265 3115 380 3178 Amos
395 3114 590 3198 Prophetae
605 3115 806 3179 vaticinium
821 3116 882 3201 (1):
905 3116 953 3179 In
968 3115 1032 3179 illo
1047 3116 1102 3181 die
1119 3115 1283 3180 srrscitabo
1298 3115 1489 3180 tabernacu-

155 3231 228 3293 lum
251 3230 383 3305 David,
406 3231 495 3315 quod
513 3229 637 3303 cecedit,
660 3236 694 3295 et
715 3231 934 3316 reaedificabo
964 3236 1146 3316 aperturas
1167 3252 1342 3295 murorum
1364 3230 1437 3295 eries
1459 3236 1493 3297 et

155 3369 194 3411 ea
216 3368 306 3434 quae
328 3352 531 3411 corruerant
551 3347 747 3412 instaurabo
774 3353 807 3413 et
832 3346 1051 3434 reaedificabo
1078 3347 1178 3421 illud,
1208 3347 1298 3411 srkut
1318 3348 1357 3411 in
1380 3345 1492 3411 dr'ebur

155 3464 320 3550 antiquo.
344 3461 438 3526 Satis
460 3463 682 3527 dilaceratum
707 3462 771 3526 fuit
789 3464 954 3528 hactenus
969 3473 1120 3528 vestrum
1135 3458 1220 3549 ⁹(non
1236 3463 1405 3547 Ecclesia)
1429 3465 1490 3527 sed

155 3601 262 3644 arena
286 3577 395 3642 fixum
418 3580 684 3651 tabernaculum,
708 3581 825 3643 multis
850 3580 1007 3644 scissuris
1030 3590 1065 3644 et
1087 3579 1236 3643 hiatibus
1252 3577 1490 3642 deformatum.

156 3697 230 3759 lmo
254 3716 326 3758 non
349 3697 418 3757 iam
441 3696 713 3768 tabernaculum3
736 3696 798 3758 sed
821 3697 866 3759 ob
887 3698 1012 3759 multas
1027 3698 1203 3766 scissuras,
1220 3695 1440 3758 tabernacula
1456 3696 1490 3757 in

154 3829 300 3892 quarum
326 3809 547 3891 punitionem,
571 3830 659 3891 quae
682 3812 855 3893 appendix
876 3820 928 3874 est
950 3810 1149 3895 iniquitatis,
1169 3819 1266 3873 vates
1282 3811 1371 3874 alius
1386 3810 1489 3882 dolet,

153 3948 191 3990 se
200 3933 273 4013 pro
288 3925 473 4010 thz'qur'tote
486 3923 608 3990 hedure
622 3926 842 3989 tabernacula
856 3925 1056 4011 Aethiopiae
1066 3926 1121 4009 (2).
1139 3925 1217 3988 Hoc
1233 3926 1490 3988 tabernaculum

154 4054 296 4125 tempus
319 4051 372 4104 est
395 4042 592 4115 consuendi,
623 4043 802 4114 sarciendi,
833 4041 1045 4105 instaurandi
1074 4050 1109 4104 et
1130 4038 1381 4111 reaedificandi,
1403 4041 1494 4104 st‘cut

153 4159 192 4222 t’n
214 4157 332 4223 dachus
355 4156 516 4242 antiquas.
539 4155 607 4239 Qui
630 4168 709 4221 sunt
731 4159 805 4221 dies
827 4160 968 4239 antiqui,
992 4158 1057 4221 nisi
1080 4156 1328 4239 Apostolorum
1359 4165 1394 4219 et
1416 4154 1491 4220 fun·

153 4276 309 4339 dationis
332 4273 565 4339 Ecclesiarum
590 4276 854 4356 apostolicarum
871 4283 1037 4355 tempora,
1054 4285 1090 4336 ut
1106 4275 1170 4337 sub
1186 4273 1289 4335 Petro
1305 4283 1339 4335 et
1359 4271 1487 4344 Marco,

153 4389 359 4455 Frumentio
381 4399 416 4453 et
438 4389 655 4453 Athanasio?
678 4388 752 4452 Nec
767 4391 859 4471 quod
878 4398 972 4452 tanta
989 4387 1092 4452 fuerit
1108 4407 1273 4452 annorum
1289 4399 1322 4450 et
1338 4407 1491 4451 errorum

153 4505 390 4587 intercapedo,
414 4506 564 4568 animum
584 4505 828 4587 dispendeatis.
854 4505 928 4568 Has
951 4506 1117 4568 scissuras
1139 4523 1281 4567 romana
1303 4501 1387 4566 fides
1410 4523 1491 4566 con·

152 4632 241 4693 suet,
266 4621 401 4691 sarciet,
430 4619 678 4703 redintegrabit
708 4630 742 4683 et
773 4621 968 4683 cicatricem
1000 4620 1049 4682 ita
1078 4621 1236 4691 obducet,
1267 4630 1303 4682 ut
1333 4619 1491 4683 Ecclesia

152 4747 275 4803 vestra
297 4737 427 4819 absque
449 4737 521 4799 ullo
543 4738 712 4800 scissurae
734 4738 893 4820 vestigio,
916 4739 1076 4818 antiquae
1099 4736 1287 4810 Ecclesiae,
1311 4747 1380 4801 tarn
1405 4734 1490 4797 Ale·

155 4853 350 4918 xandrinae
373 4853 437 4915 sub
458 4850 664 4925 Athanasio
691 4871 793 4933 quam
824 4851 1005 4915 Romanae
1035 4861 1222 4934 coaptetur,
1247 4854 1328 4933 quin
1352 4852 1490 4914 abillis

244 5102 285 5169 (ι)
304 5100 370 5166 οη»-
390 5112 415 5162 9·
436 5128 467 5140 -
487 5103 524 5165 ‹²›
542 5101 653 5158 nanc„
673 5110 697 5162 3.
716 5116 741 5153 n.
762 5110 775 5159 7
