4066 6184
619 579 736 640 trualt
759 582 800 650 11,
824 578 949 639 caput
973 580 1040 640 xv.
1433 570 1493 655 267

153 737 309 811 incurrit,
333 739 393 821 qui
416 739 648 802 coniectantes
663 759 708 802 ex
732 740 917 821 improviso
940 740 1103 812 adventu,
1127 749 1368 822 tympanorum
1384 739 1497 803 sonitu

154 861 188 916 et
212 855 373 918 tubarum
397 856 559 940 clangore
583 855 660 917 Ras
682 852 764 919 Sela
787 853 940 918 Christos
964 857 1095 929 adesse,
1115 855 1149 918 in
1167 866 1316 918 montem
1333 853 1497 938 confuge·

154 981 244 1043 runt,
269 970 366 1053 prius
389 991 410 1034 a
433 991 469 1035 se
492 974 535 1035 ad
551 973 745 1054 repentinas
761 970 971 1037 incursiones
987 975 1136 1037 maceria
1151 975 1328 1037 vallatum.
1350 972 1421 1036 Eos
1439 974 1498 1035 ille

155 1085 250 1149 laxis
272 1086 419 1151 habenis
442 1098 493 1151 est
517 1090 699 1163 insecutus,
716 1090 788 1161 sed,
805 1109 881 1152 cum
898 1090 1035 1152 illorum
1056 1091 1202 1173 pedibus
1217 1089 1408 1153 velociores
1423 1091 1497 1152 alas

154 1202 260 1266 timor
282 1203 483 1278 addidisset,
507 1203 609 1267 citius
632 1203 666 1267 in
690 1223 802 1267 arcem
829 1215 1101 1288 praecurrerunt,
1126 1215 1160 1269 et
1184 1180 1316 1268 fortiter
1347 1205 1497 1268 molliori

156 1320 307 1400 quodam
330 1319 425 1383 aditu
449 1321 624 1393 instantes,
640 1320 819 1403 plusquam
837 1321 952 1385 decies
975 1322 1182 1404 repulerunt.
1204 1322 1278 1394 Ille,
1295 1320 1498 1385 difficultate

156 1445 354 1518 conspecta,
378 1457 464 1520 equo
488 1436 651 1501 desiliens
674 1446 708 1501 et
730 1437 884 1520 gladium
909 1439 1071 1501 dexterae
1095 1448 1128 1501 et
1151 1439 1310 1502 sinistrae
1338 1438 1497 1519 clypeum

156 1552 337 1625 insertans,
362 1572 402 1615 ac
425 1572 506 1616 suos
529 1553 563 1616 in
587 1572 736 1636 pugnam
768 1572 831 1635 pro
861 1552 1042 1617 Romanae
1068 1552 1147 1617 fidei
1179 1552 1378 1617 defensione
1402 1554 1497 1615 insti·

156 1668 303 1740 mulans,
326 1670 548 1749 sequentibus
579 1688 716 1732 suorum
740 1667 947 1743 fortissimis,
971 1667 1087 1733 fauces
1110 1671 1302 1751 occupavit.
1327 1667 1493 1741 Montani,

156 1792 229 1847 tam
254 1785 377 1848 martia
399 1783 624 1868 impressione
646 1786 831 1859 conterriti,
855 1786 1000 1849 adverso
1023 1786 1149 1849 montis
1175 1795 1274 1869 tergo
1297 1784 1416 1868 fugam
1441 1805 1496 1847 ca·

156 1911 309 1982 pessunt,
334 1902 394 1964 sed
411 1901 445 1964 in
463 1910 578 1965 monte
597 1912 632 1965 et
648 1902 813 1965 descensu
829 1902 942 1965 cuncti
960 1900 1029 1965 fere
1045 1903 1089 1964 ab
1105 1904 1309 1965 instantibus
1325 1901 1498 1964 vulnerati

157 2026 368 2081 corruerunt.
392 2015 562 2081 Omnibus
578 2017 822 2081 iucundissima
845 2016 910 2081 fuit
926 2018 1012 2081 haec
1035 2018 1190 2091 victoria,
1214 2029 1387 2100 tamquam
1410 2015 1498 2080 felix

157 2133 376 2218 praesagium
400 2133 542 2197 aliarum
566 2133 721 2214 sequenti
744 2153 825 2197 vere
849 2136 1162 2216 comparandarum.

252 2271 281 2330 9.
294 2249 395 2314 Illam
412 2251 448 2313 in
464 2249 649 2313 Amarensi
665 2269 772 2333 regno
787 2261 865 2332 post
881 2251 1053 2314 modicum
1070 2250 1287 2314 intervallum
1303 2250 1372 2314 alia
1387 2249 1498 2313 nihilo

158 2363 304 2429 inferior
327 2367 481 2448 excepit:
506 2367 564 2429 ubi
588 2367 780 2449 tyrannidis
803 2377 981 2430 coementa
1005 2368 1151 2431 iaciebat
1174 2365 1267 2430 Lace
1285 2366 1430 2429 Mariam
1446 2387 1497 2429 re·

158 2481 239 2565 giae
264 2481 379 2544 domui
396 2480 619 2565 propinquior
635 2500 737 2562 quam
754 2479 867 2544 Melea
884 2480 1037 2546 Christds
1052 2491 1087 2545 et
1103 2482 1172 2565 qui,
1188 2484 1217 2545 si
1234 2483 1498 2555 convalesceret,

159 2617 229 2660 non
253 2597 366 2661 minus
389 2607 462 2661 erat
491 2596 642 2680 Imperio
673 2599 994 2662 incommodatums.
1026 2596 1134 2661 Cursu
1165 2598 1271 2681 igitur
1297 2598 1498 2662 citatissimo

159 2713 245 2777 illuc
267 2713 345 2777 Ras
368 2733 445 2777 cum
469 2714 590 2778 eodem
613 2713 798 2778 Damotum
822 2734 966 2798 protege
981 2735 1018 2778 se
1034 2716 1189 2788 coniecit,
1209 2725 1353 2797 quatuor
1368 2714 1498 2778 diemm

160 2829 282 2893 itinere
305 2830 441 2893 diecula
464 2850 612 2893 emenso.
638 2828 714 2912 Qua
729 2829 927 2894 festinantia
951 2832 1000 2893 sic
1022 2830 1158 2894 hostem
1181 2833 1375 2913 praevertit,
1393 2840 1429 2893 ut
1444 2840 1499 2912 ty-

160 2964 287 3009 rannus
310 2945 403 3028 prius
426 2965 463 3009 se
486 2947 667 3027 perditum,
691 2967 794 3029 quam
818 2947 914 3009 illum
938 2947 1155 3010 accedentem
1182 2944 1342 3010 seniscrit
1365 2957 1399 3010 et
1422 2966 1499 3009 cum

159 3064 232 3127 suis
255 3063 291 3126 in
313 3081 431 3145 rupem
462 3083 499 3126 se
523 3063 714 3146 collegerit,
745 3082 865 3144 equa,
890 3083 965 3125 cum
997 3063 1134 3126 illorum
1166 3074 1235 3127 tres
1264 3063 1321 3126 vel
1356 3073 1500 3144 quatuor

158 3179 332 3262 plumbeis
354 3179 469 3262 globis
493 3177 773 3242 aiistulatoribus
789 3181 923 3242 emissis
946 3181 980 3241 in
997 3189 1121 3243 terram
1137 3181 1316 3262 prolapsos
1336 3162 1498 3250 cerneret,

159 3315 198 3357 se
221 3295 446 3378 praecipitem
469 3295 575 3368 dedit,
606 3305 641 3358 et
665 3315 761 3358 suum
793 3316 833 3358 ac
863 3316 999 3359 suorum
1030 3316 1174 3378 corpora
1204 3293 1288 3359 feris
1318 3305 1352 3358 et
1379 3296 1500 3357 avibus

160 3411 343 3493 epulanda.

256 3546 306 3592 10.
329 3525 443 3591 Grave
466 3536 580 3591 tamen
611 3525 832 3591 infortunium
859 3527 936 3590 Ras
966 3528 1234 3610 manipularibus
1264 3536 1343 3590 ante
1373 3547 1498 3609 paucos

1554 2254 1642 2312 Idem,
1653 2252 1684 2303 in
1693 2256 1847 2303 Amarenee

1526 2338 1644 2387 regnum
1654 2325 1796 2383 inductus,
1805 2333 1847 2386 ty·

1526 2411 1647 2446 tennum
1674 2394 1763 2446 Lace
1788 2398 1848 2446 Ma·

1526 2468 1597 2518 riam
1615 2466 1728 2519 occidit.

1563 3530 1710 3580 centeni
1740 3527 1848 3594 equites

1529 3600 1687 3653 infauste
1711 3601 1848 3665 praecipi·

159 3643 238 3708 dies
253 3651 469 3726 apportatum
484 3642 585 3706 huius
600 3643 766 3706 victoriae
783 3643 947 3706 laetitiam
964 3647 1217 3708 contaminavit.
1234 3643 1377 3726 Equites
1396 3644 1501 3726 igitur
1527 3682 1630 3723 m„

160 3761 263 3844 (quae
285 3758 342 3821 hic
366 3759 519 3822 maxima
542 3768 621 3822 sunt
643 3760 745 3842 gulae
768 3758 1002 3841 delinimenta)
1019 3760 1212 3842 appetentia
1234 3761 1361 3823 invasit
1377 3760 1501 3822 crudae

160 3876 311 3939 bubulae
342 3876 449 3939 multo
480 3877 553 3939 sale
584 3885 618 3939 et
649 3877 765 3957 pipere
796 3876 953 3939 conditae
984 3886 1018 3940 et
1048 3885 1126 3959 post
1155 3875 1389 3958 liguritionem
1420 3876 1501 3937 vino

161 3993 259 4073 large
282 4001 384 4074 epoto
399 4001 600 4065 maceratae,
615 4012 683 4074 qua
698 3993 846 4074 pellecti,
864 4011 940 4055 cum
957 3993 1064 4055 boves
1080 3993 1266 4054 incolarum
1282 3990 1376 4072 rupis
1392 3990 1502 4072 Legot

161 4127 225 4172 suo
248 4108 401 4190 aspectui
425 4109 582 4171 obiectae
598 4107 632 4170 in
649 4106 917 4189 profundissima
933 4108 1024 4171 valle
1040 4107 1204 4188 pabulum
1225 4116 1404 4188 carpentes
1428 4106 1502 4167 des·

161 4225 350 4306 pexissent,
368 4221 548 4287 confertim
573 4225 617 4287 ad
640 4244 699 4287 eos
722 4224 937 4307 colligendos
961 4224 1224 4295 descenderunt3
1248 4224 1308 4285 sed
1332 4221 1501 4293 custodes,

162 4340 316 4403 locorum
340 4340 480 4413 conscii,
504 4361 564 4404 eos
587 4341 713 4404 callide
737 4342 771 4403 in
795 4350 977 4422 praerupta
1000 4349 1033 4401 et
1056 4359 1076 4400 a
1092 4336 1203 4400 fronte
1231 4340 1324 4401 invia
1347 4346 1502 4420 egerunt,

162 4465 198 4519 et
229 4454 367 4518 illorum
389 4475 473 4519 mox
496 4477 517 4519 a
540 4465 637 4539 tergo
661 4476 681 4519 a
705 4453 909 4519 circumfusa
931 4457 1177 4519 rusticanorum
1202 4453 1419 4517 multitudine
1442 4472 1503 4534 op·

161 4588 358 4654 pressorum
390 4571 479 4656 (cum
509 4574 568 4655 qui
599 4582 688 4635 esset
711 4571 826 4635 exitus
857 4570 1036 4656 nescirent)
1064 4571 1197 4634 centeni
1220 4573 1254 4633 in
1278 4569 1439 4651 scopulos
1470 4579 1504 4631 et

161 4686 368 4771 praecipitia
390 4697 469 4751 sunt
491 4688 654 4751 devoluti.
678 4686 724 4750 Et
748 4697 903 4751 extrema
926 4688 1132 4768 reliquorum
1149 4698 1236 4749 esset
1260 4687 1415 4758 vastitas,
1439 4686 1504 4747 nisi

162 4803 251 4877 Res,
269 4802 438 4867 monitore
453 4823 486 4887 p.
500 4802 702 4886 Hyacintho
715 4803 900 4875 Francisci,
914 4823 1013 4884 quem
1031 4822 1145 4866 secum
1163 4802 1321 4875 habebat,
1338 4810 1506 4882 tympana

163 4928 197 4983 et
232 4938 359 4984 cornua
389 4920 588 5001 concrepari
620 4919 760 4993 iuberet,
793 4940 881 5001 quae
914 4920 1083 4982 montanis
1114 4919 1264 4999 receptui
1300 4917 1505 4988 cecinerunt,

163 5037 262 5100 illum
285 5055 364 5100 cum
387 5035 469 5100 totis
492 5037 601 5118 copiis
624 5036 659 5099 in
682 5056 720 5099 se
744 5037 903 5120 ingruere
928 5047 961 5097 et
985 5054 1103 5116 rupem
1129 5035 1238 5116 Legot
1263 5032 1426 5095 invadere
1453 5050 1507 5092 re-

163 5154 375 5241 putantibus.
