4166 6182
753 574 1015 624 INTRODUCTIO
1467 578 1553 625 xvlt

221 737 398 817 quantum
427 722 499 818 ipsi
532 746 643 805 curae
681 722 792 796 fuerit
829 722 957 796 missio
995 723 1209 819 aethiopica
1240 749 1305 821 per
1333 738 1432 799 totos
1469 725 1554 799 illos

221 855 352 951 viginti
382 869 420 929 et
447 855 609 952 amplius
636 880 756 930 annos
784 881 879 951 quos
907 855 1012 930 Goae
1041 857 1178 952 posuit,
1214 874 1377 954 quotque
1406 858 1554 931 labores

220 989 465 1065 exantlaverit
491 1004 530 1064 ut
559 987 765 1063 remedium
794 988 948 1085 aliquod
977 988 1134 1085 perditis
1153 1016 1271 1087 prope
1292 990 1481 1065 missionis
1500 1017 1554 1065 re·
1613 1058 1618 1067 .

221 1126 300 1209 bus,
329 1124 410 1201 sive
438 1124 561 1201 Roma
580 1121 660 1197 sive
687 1147 734 1196 ex
753 1122 947 1197 Lusitania
965 1122 1044 1197 sive
1064 1150 1111 1197 ex
1130 1124 1223 1220 ipsis
1241 1123 1369 1209 lndiis‚
1390 1125 1552 1211 afferret,

221 1258 268 1330 ad
296 1257 432 1330 librum
461 1256 511 1329 lV
540 1256 658 1351 ipsius
687 1256 878 1332 Historiae
908 1257 1086 1331 lectorem
1115 1258 1274 1333 remitto
1306 1257 1380 1332 Hic
1409 1273 1553 1331 tantum

221 1391 362 1486 aliquot
382 1405 537 1465 eventus
556 1415 755 1487 exponam,
777 1389 852 1485 qui,
874 1391 962 1463 dum
987 1390 1203 1464 Patriarcha
1222 1390 1327 1464 Goae
1347 1416 1553 1465 commora-

221 1542 330 1611 retur,
360 1525 484 1598 locum
504 1524 679 1608 habuere,
700 1523 839 1619 quique
858 1525 916 1597 vel
937 1527 984 1597 ab
1004 1523 1192 1598 historicis
1212 1524 1359 1598 silentio
1382 1550 1551 1621 premun-

221 1672 289 1745 tur,
317 1658 377 1731 vel
405 1683 452 1731 ex
480 1658 589 1732 novis
617 1683 640 1731 a
659 1683 719 1731 me
739 1657 895 1754 repertis
913 1656 1305 1735 documentisclarius
1324 1659 1551 1732 elucescunt.

302 1811 364 1884 13.
395 1793 442 1865 Et
470 1791 593 1887 primo
622 1792 773 1887 quidem
802 1791 850 1864 de
879 1789 1110 1865 institutione
1138 1815 1257 1863 novae
1287 1789 1476 1865 missionis
1495 1817 1554 1865 ae-

220 1925 408 2023 thiopicae
435 1951 458 2000 a
485 1925 524 1999 S.
545 1924 850 2022 Congregatione
869 1925 917 1999 de
946 1926 1197 2022 Propaganda
1224 1925 1317 2000 Fide
1345 1924 1553 1998 Minoribus

219 2060 409 2134 Fratribus
436 2058 666 2134 Reformatis
693 2059 903 2145 attributae,
933 2086 1028 2156 quae
1047 2062 1170 2135 locum
1191 2061 1320 2135 habuit
1339 2074 1425 2157 post
1443 2058 1553 2133 lesui·

219 2209 338 2269 tarum
366 2191 625 2290 expulsionem
654 2217 700 2284 eo
729 2191 812 2289 ipso
841 2212 1009 2290 tempore
1037 2219 1111 2289 quo
1140 2193 1355 2268 Patriarcha
1383 2191 1553 2288 captivus

220 2325 406 2402 Suacheni
435 2325 681 2423 detinebatur.
712 2327 772 2399 De
804 2326 1043 2422 expeditione
1081 2327 1180 2401 enim
1218 2328 1372 2401 fratrum
1410 2324 1553 2422 Capuc·

219 2462 387 2536 cinorum
416 2460 575 2535 ducibus
603 2460 778 2534 fratribus
807 2461 1073 2557 Agathangelo
1101 2476 1139 2534 et
1165 2460 1358 2545 Cassiano,
1394 2461 1465 2533 hoc
1502 2460 1553 2532 ul·

219 2595 309 2670 timo
347 2611 516 2691 tempore
554 2594 651 2667 inter
687 2596 817 2668 beatos
859 2609 1041 2691 martyres
1082 2594 1335 2668 adnumeratis
1353 2594 1417 2690 (1),
1456 2618 1552 2688 quae

219 2728 495 2826 expeditionem
525 2729 695 2802 Fratrum
724 2727 912 2801 Minorum
942 2727 1156 2823 praecessit,
1186 2753 1261 2802 non
1289 2742 1347 2801 est
1382 2726 1443 2800 hic
1480 2725 1553 2800 dis·

218 2862 365 2954 serendi
394 2863 510 2951 locus
541 2860 640 2956 quia,
673 2861 743 2935 etsi
780 2862 987 2935 animarum
1026 2861 1151 2936 studio
1189 2861 1336 2934 illorum
1374 2858 1551 2946 virorum,

218 2994 466 3070 admiratione
494 2994 646 3092 quidem
676 2994 794 3092 digno
823 2996 890 3069 sed
920 3021 995 3068 non
1025 2995 1134 3069 valde
1159 2995 1329 3068 consulto
1348 3007 1470 3067 ortum
1490 2992 1552 3066 ha-

218 3130 350 3215 buerit,
380 3145 517 3215 tamen,
548 3126 795 3204 missionariis
823 3129 999 3203 omnibus
1026 3128 1192 3203 emedio
1212 3128 1248 3201 in
1269 3127 1353 3224 ipso
1381 3126 1552 3222 ingressu

217 3263 387 3347 sublatis,
418 3265 559 3337 nullum
589 3263 747 3360 posthac
774 3262 906 3338 sortita
933 3279 990 3337 est
1013 3263 1200 3337 effectum.
1223 3261 1470 3336 Occasionem
1491 3284 1553 3333 au-

218 3414 293 3472 tem
318 3423 439 3472 novae
459 3396 627 3472 missioni
647 3396 836 3470 Minorum
858 3398 1160 3471 Reformatorum
1182 3395 1429 3470 instituendae
1449 3418 1553 3490 prae·

216 3533 297 3606 buit
324 3532 508 3606 adventus
538 3532 700 3605 Romam
730 3530 865 3605 famosi
895 3530 994 3605 illius
1013 3530 1211 3605 nebulonis
1229 3528 1428 3625 aethiopis,
1450 3529 1552 3625 Zaga

216 3665 388 3740 Christos
415 3665 607 3761 appellati,
637 3665 700 3761 qui
729 3690 770 3739 se
799 3665 941 3739 iactans
970 3665 1085 3738 filium
1116 3663 1241 3738 lacobi
1261 3661 1497 3758 imperatoris
1515 3677 1553 3736 et

216 3798 427 3895 legitimum
457 3798 659 3895 aethiopici
688 3797 794 3895 regni
823 3799 1011 3884 heredem,
1041 3798 1119 3871 suis
1147 3797 1287 3872 artibus
1325 3821 1400 3870 non
1438 3795 1552 3869 modo

215 3933 364 4006 Fratres
392 3933 569 4018 Minores,
596 3957 680 4006 cum
701 3933 824 4006 adhuc
846 3931 882 4004 in
903 3934 1082 4030 Aegypto
1102 3957 1146 4005 ac
1166 3931 1252 4005 dein
1273 3928 1552 4026 Hierosolymis

215 4066 384 4163 degeret,
414 4065 576 4162 decepit,
606 4066 673 4140 sed
702 4066 808 4140 falsis
835 4066 1005 4140 confictis
1033 4062 1270 4139 documentis
1302 4089 1378 4138 non
1406 4078 1550 4137 tantum

215 4198 561 4296 Congregationem
590 4200 816 4285 Romanam,
847 4201 914 4273 sed
942 4199 1054 4273 etiam
1084 4199 1226 4295 aliquot
1254 4198 1349 4272 alios
1377 4198 1552 4293 Europae

216 4331 410 4430 principes
428 4347 676 4429 potentesque
696 4335 927 4429 respublicas
947 4333 984 4406 in
1004 4358 1091 4408 suas
1107 4348 1232 4429 partes
1246 4331 1413 4406 adduxit.
1430 4331 1552 4406 Omis-

215 4465 270 4540 sis
296 4467 407 4540 huius
431 4465 595 4539 hominis
622 4467 751 4563 gestis,
781 4493 877 4563 quae
905 4469 953 4540 ad
982 4467 1208 4563 Aethiopiae
1238 4465 1454 4540 missionem
1475 4491 1550 4539 non

216 4599 406 4696 pertinent
433 4623 603 4695 quaeque
632 4600 668 4673 in
700 4601 869 4675 Historia
897 4599 1111 4697 Ludolphii,
1133 4614 1281 4697 praeter
1299 4598 1403 4731 alios,
1426 4600 1551 4695 legere

295 4770 341 4846 (1)
365 4766 568 4843 Praecipuum
590 4767 622 4825 in
643 4768 868 4844 disceptatione
890 4768 1025 4843 martyrii
1047 4769 1155 4826 horum
1178 4777 1298 4843 patrum
1313 4786 1418 4826 coram
1432 4766 1482 4824 SS.
1499 4766 1552 4823 Ri-

217 4876 301 4924 tuum
323 4866 574 4941 Congregatione
595 4874 807 4941 argumentum
829 4866 888 4923 fuit
908 4866 1119 4925 testimonium
1135 4865 1328 4923 Patriarchae
1343 4865 1483 4935 Mendez,
1499 4866 1551 4940 qui

217 4964 325 5024 litteris
346 4965 428 5022 datis
450 4963 491 5021 ad
511 4963 541 5021 S.
563 4962 660 5037 Cong.
682 4965 722 5021 de
744 4962 835 5039 Prop.
861 4962 946 5033 Fide,
970 4964 1021 5022 die
1046 4979 1082 5020 10
1103 4963 1237 5021 octobris
1262 4961 1336 5035 1648
1352 4971 1481 5021 mortem
1497 4981 1552 5037 pro

214 5061 274 5121 fide
294 5062 452 5121 catholica
472 5061 512 5118 ab
534 5060 594 5118 illis
614 5061 730 5119 obitam
752 5070 880 5119 testatus
902 5070 958 5119 est.
981 5060 1066 5129 APF,
1089 5060 1187 5119 Scrfrt.
1212 5061 1325 5134 rryeritc
1345 5059 1389 5117 ne'
1403 5059 1554 5131 congressi,

221 5138 399 5234 1630-1698,
423 5158 452 5216 ff.
478 5171 617 5230 234-241.

1414 5315 1451 5356 111
