4058 6178
552 596 612 653 216
882 606 1155 656 EXPEDITIONIS
1179 605 1439 655 AETHIOPICAE
1463 607 1542 656 ETC.

548 754 696 815 dioecesi
727 750 992 834 Ulissiponensi,
1022 763 1056 815 et
1089 753 1279 816 Damianos
1303 751 1430 832 Calaca
1460 772 1601 836 goanus.
1633 750 1703 817 Sed
1741 755 1871 818 eosdem

507 895 508 898 ¹
549 870 596 931 ibi
620 887 680 950 per
696 869 781 931 duos
797 888 931 931 menses
954 869 1105 931 omnium
1131 869 1283 932 maxime
1299 877 1475 932 aestuosos
1489 870 1577 933 duae
1593 890 1717 933 causae
1732 881 1808 933 sunt
1823 890 1870 934 re·

548 993 709 1046 moratae.
727 983 842 1046 Prima
858 984 984 1045 Bassae
1001 980 1264 1064 Suaquenensis,
1281 1005 1302 1048 a
1316 1006 1385 1067 quo
1401 985 1468 1048 iam
1485 984 1683 1049 facultatem
1697 989 1739 1049 ad
1751 1008 1872 1050 exeun·

548 1101 628 1163 dum
652 1101 763 1181 pretio
788 1101 1063 1181 Impetraverant,
1082 1100 1233 1172 mutatio,
1250 1110 1284 1163 et
1304 1102 1455 1176 alterius,
1472 1123 1492 1165 a
1507 1123 1575 1185 quo
1591 1104 1696 1165 etiam
1717 1103 1870 1166 venalitia

547 1226 699 1298 potestas
721 1216 915 1299 quaerenda
932 1213 1004 1288 fuit,
1021 1217 1203 1280 successio,
1226 1215 1360 1287 Altera,
1384 1215 1493 1280 falsus
1507 1237 1633 1290 rumor,
1657 1238 1758 1301 quem
1782 1239 1870 1301 prae·

548 1330 657 1395 fectus
679 1331 874 1402 Martianus,
898 1331 958 1412 qui
980 1350 1057 1393 cum
1080 1330 1185 1412 priori
1210 1330 1319 1395 Bassa
1341 1334 1516 1415 depositus
1538 1331 1657 1405 fuerat,
1683 1344 1716 1396 et
1750 1335 1832 1396 lucri
1854 1357 1872 1397 a

548 1449 702 1529 patribus
733 1447 908 1509 obtinendi
939 1466 1034 1528 spem
1069 1447 1239 1520 amiserat,
1271 1448 1305 1510 in
1339 1446 1473 1512 Arabia
1507 1451 1643 1531 sparsit,
1674 1453 1871 1534 quingentas

548 1562 679 1627 fistulas
702 1560 830 1626 ferreas
853 1565 897 1625 ab
920 1563 962 1625 iis
985 1563 1142 1634 convehi,
1165 1572 1202 1626 ut
1224 1561 1412 1627 Turcarum
1435 1584 1531 1628 arces
1545 1575 1793 1648 expugnarent.
1808 1566 1871 1630 Sed

547 1700 624 1743 cum
648 1680 826 1742 mendacia
857 1677 950 1742 furno
974 1680 1135 1750 nitantur,
1167 1676 1270 1742 facile
1294 1677 1447 1743 difflatus
1478 1679 1543 1743 fuit
1566 1682 1627 1745 ille
1650 1701 1774 1755 rumor,
1798 1684 1870 1745 navi

547 1800 638 1860 intus
672 1806 706 1859 et
736 1794 821 1857 foris
851 1795 1094 1878 pervestigata.
1131 1794 1210 1858 Non
1240 1806 1354 1859 tamen
1385 1798 1546 1860 minimae
1576 1794 1713 1861 fuerunt
1743 1807 1869 1881 patmm

547 1916 736 1977 anxietates
757 1912 822 1975 hoc
839 1923 872 1974 et
888 1912 966 1975 aliis
981 1912 1168 1975 Turcarum
1191 1911 1485 1984 machinamentis,
1505 1931 1593 1993 quae
1615 1913 1763 1985 tandem,
1787 1912 1869 1993 ipso

547 2049 622 2092 rum
646 2030 688 2090 ad
712 2028 959 2110 Imperatorem
982 2028 1098 2111 legato
1122 2026 1156 2090 in
1179 2028 1378 2089 comitatum
1401 2028 1572 2098 adiuncto,
1596 2026 1652 2089 die
1678 2047 1693 2089 2
1700 2047 1718 2105 3
1742 2029 1869 2109 augusti

547 2154 624 2207 sunt
646 2144 795 2206 eluctati.

236 2271 338 2321 reela
362 2266 521 2329 Gueorguis
638 2280 667 2339 3.
691 2259 817 2324 Omnia
839 2270 953 2321 tamen
978 2259 1039 2321 illa
1062 2260 1166 2322 maris
1188 2268 1221 2321 et
1248 2257 1390 2322 Mazuae
1413 2261 1629 2322 turbamenta
1645 2269 1765 2322 tenues
1783 2256 1870 2321 fuere

200 2343 324 2405 ‘imm'
341 2355 452 2405 prom.
547 2378 761 2460 prolusiones
791 2374 953 2438 fluctuum
983 2385 1073 2437 terra
1102 2376 1385 2440 exorbendorum.
1416 2376 1598 2457 Tigraeam
1622 2375 1785 2439 ditionem
1814 2396 1869 2457 pro

547 2494 649 2577 Rege
665 2494 904 2555 moderabatur
925 2490 1029 2553 Tecla
1052 2489 1255 2573 Gueorguis
1279 2491 1313 2553 id
1338 2502 1390 2554 est
1413 2494 1530 2572 planta
1548 2490 1703 2575 Georgii,
1727 2490 1869 2573 Impera·

546 2612 630 2672 toris
652 2610 758 2672 semel
782 2624 886 2691 gener
908 2627 953 2669 ex
978 2605 1049 2669 filia
1072 2615 1298 2688 praemortua,
1319 2617 1353 2669 et
1379 2607 1500 2669 iterum
1524 2627 1569 2669 ex
1593 2604 1798 2691 Onguelavi,
1814 2626 1869 2669 seu

545 2724 840 2808 Evangelizatrice
855 2726 933 2803 (non
949 2723 1086 2805 quidem
1104 2720 1241 2793 Christi,
1258 2724 1319 2785 sed
1334 2720 1505 2800 Satanae),
1517 2742 1605 2804 quae
1617 2725 1711 2805 prius
1723 2725 1868 2785 extincto

545 2844 695 2905 eiusdem
720 2839 826 2912 fratri,
850 2851 884 2903 et
907 2850 985 2921 post
1000 2859 1077 2902 eum
1101 2839 1221 2902 Bellae
1244 2837 1409 2909 Christds,
1440 2838 1551 2900 adhuc
1574 2837 1719 2910 viventi,
1742 2840 1800 2900 sed
1822 2856 1867 2899 re·

544 2959 695 3039 pudiat0‚
720 2958 833 3018 locata
855 2953 966 3018 fuerat
982 2957 1026 3039 (ι)
1040 2975 1047 3028 ;
1072 2974 1134 3017 nec
1150 2964 1201 3018 tot
1217 2965 1368 3017 saturata
1384 2955 1512 3036 nuptiis
1526 2955 1736 3036 quiescebat,
1752 2954 1809 3016 sed
1825 2952 1867 3015 Za

545 3072 699 3137 Christos
711 3093 757 3136 ex
768 3073 990 3136 Mellacotavi
1005 3073 1110 3153 ipsius
1123 3090 1248 3142 serore,
1265 3080 1299 3133 et
1314 3069 1393 3132 Iulii
1409 3070 1580 3151 quondam
1597 3088 1708 3131 uxore
1723 3070 1865 3138 viduum,

544 3191 630 3252 adeo
653 3190 843 3271 procaciter
865 3189 1054 3270 deperibat,
1077 3196 1114 3249 ut
1142 3205 1235 3250 mero
1259 3186 1400 3248 meridie
1431 3187 1505 3247 sola
1531 3193 1720 3248 castrorum
1743 3186 1866 3266 plateas

544 3306 747 3377 decurreret,
771 3316 804 3368 et
829 3307 861 3366 in
887 3304 980 3366 iliius
1003 3304 1142 3366 domum
1158 3322 1195 3364 se
1218 3301 1398 3385 palliolata
1414 3298 1564 3363 inferret.
1586 3299 1700 3363 Huius
1723 3301 1771 3362 rei
1786 3299 1867 3361 indi·

544 3423 657 3504 gnitas
679 3422 852 3484 hominem
878 3420 1055 3501 coquebat,
1086 3431 1119 3481 et
1143 3419 1223 3480 licet
1254 3416 1371 3479 multis
1393 3413 1568 3478 beneficiis
1590 3416 1635 3477 ab
1665 3414 1866 3497 Imperatore

544 3538 784 3607 cumularetur,
807 3538 923 3598 omnia
951 3535 1155 3617 quisquilias
1186 3535 1341 3603 ducebat,
1372 3533 1453 3594 dum
1481 3531 1541 3594 ille
1568 3528 1677 3594 *filiae
1700 3531 1865 3594 licentiam
1890 3535 1906 3583 s.
1919 3545 1960 3582 102¹

544 3674 612 3716 non
646 3651 802 3715 frenaret.
839 3652 901 3715 Bis
931 3653 998 3713 iam
1029 3650 1135 3713 Tecla
1158 3647 1351 3733 Gueorguis
1373 3646 1506 3731 tigraeo
1529 3665 1636 3729 regno
1669 3643 1866 3727 praefuerat,

544 3780 684 3853 eratque
707 3772 741 3832 in
764 3771 916 3831 omnium
939 3767 1076 3848 linguis,
1092 3786 1182 3836 eum,
1205 3784 1282 3828 cum
1298 3765 1399 3827 tertio
1423 3763 1475 3826 illi
1490 3759 1740 3845 praeficeretur.
1764 3760 1867 3821 rebel-

545 3888 610 3948 lem
636 3884 797 3949 futurum.
814 3883 914 3966 Quod
929 3884 1174 3965 Imperatorem
1199 3902 1267 3944 non
1283 3882 1422 3952 latebat,
1446 3890 1576 3944 namet
1600 3898 1673 3950 nos,
1696 3877 1755 3960 qui
1770 3896 1867 3957 saepe

544 4004 746 4073 audivimus,
769 4003 854 4064 haec
878 4003 967 4064 inter
990 3999 1171 4062 Heliodori
1195 3997 1381 4078 aethiopici
1404 3995 1551 4059 fabellas
1582 3994 1866 4076 computabamus.

543 4118 674 4181 Prorex
697 4119 918 4189 renuntiatus,
942 4115 1025 4179 totis
1039 4117 1170 4179 viribus
1192 4115 1326 4185 institit,
1350 4122 1387 4175 ut
1410 4130 1552 4174 uxorem
1576 4130 1691 4174 secum
1714 4106 1865 4177 deferret,

543 4245 577 4296 et
600 4254 672 4305 nos,
696 4252 758 4315 pro
782 4242 896 4295 nostro
920 4251 1067 4303 munere,
1091 4250 1225 4293 summa
1247 4232 1282 4292 vi
1305 4227 1432 4291 fuimus
1454 4227 1567 4301 enixi;
1599 4229 1661 4290 sed
1684 4226 1797 4289 omnia
1818 4225 1866 4284 in·

542 4369 686 4422 cassum,
718 4359 907 4411 castrorum
931 4349 1070 4409 licentia
1093 4358 1127 4409 et
1158 4347 1330 4409 illecebris
1353 4345 1441 4427 apud
1470 4344 1565 4407 illam
1588 4353 1622 4406 et
1646 4344 1736 4424 apud
1759 4340 1865 4421 Impe

542 4475 688 4528 ratorem
712 4463 926 4545 indulgentia
954 4465 989 4523 in
1012 4461 1118 4524 filiam
1142 4464 1219 4543 plus
1243 4463 1390 4523 valente.
1421 4459 1479 4522 Ex
1503 4459 1624 4522 castris
1648 4475 1725 4520 cum
1748 4477 1787 4519 ea
1808 4455 1866 4517 do·

541 4584 624 4644 loris
647 4582 860 4662 impatientia
883 4599 1010 4661 prorex
1037 4579 1205 4649 discessit,
1233 4577 1286 4640 illi
1309 4598 1330 4640 a
1356 4576 1456 4640 nobis
1490 4577 1525 4636 in
1559 4571 1802 4637 confessarium
1832 4580 1866 4632 et

540 4697 645 4760 totius
668 4696 809 4758 ditionis
832 4695 1033 4777 magistrum
1056 4714 1097 4755 ac
1120 4694 1284 4756 vicarium
1316 4693 1489 4772 adscripto
1520 4690 1646 4753 abbate
1669 4689 1793 4752 Iacobo
1814 4704 1866 4748 se·

541 4814 747 4884 milusitan0‚
771 4813 831 4874 sed
854 4808 925 4872 filio
949 4810 1131 4873 Romanae
1153 4808 1233 4872 fidei
1256 4827 1430 4892 germane.
1453 4804 1540 4869 Cum
1563 4815 1678 4869 tamen
1703 4804 1790 4886 apud
1810 4800 1866 4862 Ti·

539 4948 661 5014 graeos
676 4931 839 4993 audiisset
863 4927 1009 5009 gliscere
1025 4928 1060 4989 in
1076 4927 1151 4989 dies
1167 4925 1286 4990 uxoris
1301 4924 1559 5006 impudentiam,
1576 4934 1611 4985 et
1626 4921 1866 5004 Imperatorem

627 5178 667 5247 (1)
685 5180 746 5243 Sup.
766 5178 811 5230 lib.
835 5191 855 5236 1,
875 5192 932 5242 cap.
955 5189 994 5235 12,
1014 5194 1038 5230 n.
1061 5189 1101 5229 10.
