4058 6178
504 603 567 663 150
835 592 1106 643 EXPEDITIONIS
1130 591 1389 642 ΑΕῙἨΙΟΡῙΕΑΕ
1413 592 1494 642 ETC.

191 753 321 805 unitae
347 753 412 803 edei
440 767 473 803 ex
588 741 638 807 ⁸6.
661 740 743 807 Scio
763 752 880 805 tamen
903 760 971 804 non
993 736 1227 820 infrequenter
1248 738 1342 801 viros
1364 738 1581 820 apostolicos,
1605 757 1674 800 non
1694 747 1827 801 tantum
1869 747 1888 794 t.
1914 755 1958 806 73·

154 824 415 946 ffiflssmff‘f‘m'
441 839 474 874 ¹²'
500 859 702 929 Ecclesiam,
725 858 786 921 sed
808 868 843 920 et
858 855 1035 919 Ecclesiae
1048 855 1243 919 nominare:
1266 865 1304 918 ut
1326 856 1484 918 eumdem
1499 854 1663 919 dilectum
1682 855 1828 936 discipu-

502 977 571 1039 lum
594 974 775 1037 Ioannem:
798 977 920 1057 septem
936 971 1104 1043 Ecclesrilr,
1121 990 1208 1057 quoe
1221 974 1305 1035 sum
1318 972 1356 1035 in
1371 970 1458 1034 Arria
1470 970 1532 1055 (ι);
1548 970 1712 1034 Paulum:
1727 969 1828 1033 Salu-

501 1096 580 1155 tont
599 1111 661 1153 nos
683 1110 796 1153 omnes
810 1088 978 1153 Ecclesiae
993 1087 1023 1151 C
1021 1086 1128 1151 into·
1140 1086 1185 1173 (ι)
1199 1098 1234 1151 et
1248 1088 1366 1169 plures
1381 1087 1475 1151 alibi.
1490 1086 1564 1150 Nec
1577 1106 1658 1149 raro
1674 1105 1826 1149 aecume-

500 1209 577 1270 nica
597 1208 746 1270 concilia
770 1204 964 1268 Ecclesiam
987 1206 1024 1268 in
1046 1203 1246 1269 orientalem
1270 1204 1586 1285 occidentalemque
1604 1203 1827 1285 distinguunt.

501 1320 571 1385 Sed
592 1321 770 1385 orientalis
798 1330 832 1384 et
859 1321 1086 1383 occidentalis
1114 1317 1293 1385 Ecclesiae
1315 1329 1349 1383 et
1372 1331 1527 1382 coeterae
1550 1328 1626 1381 toto
1656 1318 1738 1380 orbe
1759 1318 1829 1380 dis·

499 1439 697 1509 seminatae,
722 1457 788 1499 non
813 1436 950 1509 multae,
974 1437 1035 1499 sed
1058 1456 1125 1499 una
1148 1446 1226 1500 sunt
1249 1434 1415 1506 Ecclesia,
1439 1437 1468 1499 si
1491 1455 1559 1498 una
1574 1436 1619 1497 sit
1632 1432 1728 1505 fides,
1743 1453 1829 1515 quae

501 1552 594 1615 illius
617 1552 730 1615 anima
753 1563 817 1625 ert,
840 1573 907 1615 una
930 1553 1085 1614 doctrina
1107 1561 1142 1614 et
1165 1571 1269 1615 unum
1293 1562 1395 1633 caput
1422 1553 1496 1614 sive
1512 1548 1688 1613 Pontifex.
1704 1547 1829 1631 Quam·

501 1670 555 1731 vis
575 1668 668 1731 enim
696 1668 827 1732 multae
851 1669 922 1731 rint
953 1687 1047 1740 oves,
1075 1687 1179 1731 unum
1207 1678 1324 1733 temen
1355 1667 1448 1729 ovile
1476 1664 1635 1729 Christus
1663 1676 1776 1737 vocat,
1799 1667 1827 1728 si

501 1804 587 1847 unus
609 1794 727 1867 pastor
741 1784 828 1846 illud
852 1784 1057 1847 moderetur.
1073 1783 1122 1846 Et
1142 1782 1212 1847 crit
1233 1803 1340 1847 unum
1363 1781 1449 1846 orn'lc
1470 1786 1505 1845 et
1524 1802 1615 1844 uma
1632 1785 1753 1866 pastor
1774 1783 1827 1861 (3).

503 1898 627 1963 Omnia
650 1900 795 1963 membra
817 1898 964 1984 corporis
993 1918 1068 1962 crem
1097 1898 1170 1962 sair!
1199 1899 1320 1974 molto,
1347 1900 1396 1963 ait
1426 1899 1528 1961 divus
1557 1898 1695 1968 Paulus,
1721 1918 1825 1960 uniam

503 2018 615 2078 tamen
638 2022 758 2101 corpus
780 2020 862 2079 nent
872 2014 926 2097 (4),
943 2018 989 2078 ob
1011 2016 1146 2079 animae
1168 2026 1203 2079 et
1225 2014 1349 2099 capitis
1370 2016 1545 2078 unitatem.
1561 2012 1617 2076 Ita
1632 2032 1750 2075 omnes
1763 2012 1826 2076 Ec-

501 2131 627 2195 clesiae
648 2131 758 2203 torris,
781 2131 909 2215 linguis
932 2152 972 2194 ac
996 2131 1191 2195 nominibus
1213 2130 1408 2203 distinctae,
1430 2131 1553 2194 eadem
1567 2140 1646 2193 sunt
1661 2128 1826 2201 Ecclesia,

502 2249 541 2319 ai,
558 2268 604 2310 ex
626 2247 748 2310 eodem
771 2246 954 2330 Apostolo,
971 2248 1014 2310 iis
1029 2247 1122 2311 adst’t
1135 2267 1227 2310 unus
1241 2246 1423 2321 Dominus,
1439 2267 1511 2309 una
1522 2245 1623 2329 fidos,
1638 2266 1745 2308 umam
1759 2246 1827 2309 Bo·

498 2362 692 2446 przimo(5).
720 2359 823 2443 Quod
847 2364 895 2426 ita
917 2363 1033 2427 docuit
1055 2364 1294 2446 pereleganter
1306 2363 1556 2426 Tertullianus:
1586 2362 1701 2425 Totae
1716 2367 1828 2425 tantae

502 2478 677 2553 Ecclesiae,
700 2498 772 2541 une
793 2482 845 2541 est
866 2476 931 2542 :ilo
953 2478 993 2542 ab
1015 2478 1188 2563 Apostoli:
1204 2478 1332 2563 pn'ma,
1347 2498 1392 2541 ex
1413 2499 1480 2563 qua
1503 2498 1624 2541 omnes.
1644 2477 1706 2540 Sic
1720 2497 1830 2540 omnes

497 2594 632 2678 prr'moe
653 2599 688 2658 et
706 2614 819 2658 omnes
841 2594 1050 2679 apostolocae,
1072 2592 1153 2658 dum
1177 2615 1282 2658 unam
1305 2614 1417 2658 omnes
1427 2594 1575 2679 probant
1594 2593 1761 2657 unr'tatcm
1774 2596 1827 2673 (6).

501 2824 633 2883 Omne·
653 2821 755 2883 aeder
776 2820 1026 2882 Pmiuchdea
1047 2837 1186 2897 anper
1207 2822 1385 2885 Romanae
1408 2821 1581 2883 emicone
1599 2821 1830 2883 onenmmun.

186 3019 299 3100 ‚omna
323 3017 404 3069 aaa
427 3033 477 3081 1³¹·
593 3033 623 3093 7.
647 3014 713 3076 Illa
735 3015 779 3078 ab
801 3013 985 3097 Apostolis
1007 3015 1117 3096 prima
1141 3013 1238 3097 (quae
1258 3014 1364 3077 etiam
1387 3014 1423 3076 in
1446 3013 1594 3076 concilio
1623 3011 1830 3078 Sinuessano

157 3089 477 3223 ffissffssfflwe
504 3141 537 3193 et
561 3131 596 3193 in
618 3128 781 3192 Romano
803 3130 866 3192 sub
882 3126 1061 3201 Silvestro,
1085 3130 1176 3192 dieta
1200 3125 1265 3191 fuit
1282 3128 1401 3213 primo
1419 3128 1522 3209 sodes)
1536 3138 1570 3191 et
1586 3129 1664 3191 ideo
1679 3127 1829 3191 maxime

503 3246 704 3327 apostolica,
734 3263 876 3308 romana
904 3254 958 3308 est
987 3242 1155 3323 Ecclesia,
1190 3263 1289 3325 quae,
1322 3254 1409 3308 teste
1429 3243 1514 3307 divo
1544 3242 1768 3325 Hyetouimo,
1791 3244 1831 3306 ob

432 3370 442 3386 ·
503 3359 676 3444 Apostolis
690 3357 847 3446 fundata
870 3379 975 3443 usque
998 3359 1036 3422 in
1059 3357 1145 3422 hanc
1167 3357 1253 3422 dr’em
1276 3358 1450 3443 duram),
1487 3359 1541 3422 De
1564 3378 1632 3443 qua
1666 3361 1715 3423 ait
1739 3361 1829 3423 idem

503 3474 750 3538 Tertullianus:
774 3474 942 3538 Romanis
963 3474 1174 3561 evangelion
1189 3474 1316 3538 Petrus
1329 3479 1363 3538 ct
1375 3474 1509 3538 Poulm
1523 3474 1693 3561 sanguim
1707 3495 1832 3560 quoquc

502 3611 562 3653 roo
584 3589 756 3676 signatum
779 3590 1007 3674 reliquerunt,·
1030 3601 1064 3653 et
1087 3592 1226 3655 iterum:
1251 3589 1365 3653 Habes
1387 3590 1531 3653 Romam
1549 3588 1639 3653 unde
1660 3589 1753 3653 nobo‘s
1770 3610 1830 3652 oo·

503 3705 641 3769 ctoritor
658 3709 796 3790 praesto
817 3710 879 3780 est,
893 3711 986 3770 statu
994 3705 1097 3793 felix
1111 3705 1263 3770 Ecclesia
1278 3705 1338 3768 cui
1350 3710 1454 3769 totam
1470 3705 1661 3769 doctniram
1676 3705 1835 3791 Apostoli

503 3843 577 3885 cum
599 3821 766 3906 songw'nc
787 3841 847 3883 suo
856 3819 1094 3908 profuderunt
1104 3824 1157 3904 (8).
1175 3823 1291 3885 Prima
1307 3841 1389 3884 vero
1401 3822 1503 3885 sedes
1516 3823 1744 3903 dicitur‚quia
1758 3841 1830 3885 om·

505 3939 605 4000 nibus
626 3936 910 4019 patriarchalibus
930 3938 1067 4021 dignior
1083 3948 1116 4001 et
1132 3939 1304 4021 antiquior
1318 3948 1352 4001 et
1365 3939 1448 4020 quia
1464 3939 1540 4019 ipsa
1555 3958 1576 3999 a
1592 3935 1737 4009 Christo,
1753 3957 1828 4000 cum

505 4054 607 4115 Petro
629 4054 737 4115 dixit:
765 4052 799 4114 Y
795 4074 817 4115 u
840 4074 874 4116 cs
896 4052 1022 4117 Petrus
1044 4058 1077 4117 et
1089 4060 1192 4138 sopor
1203 4053 1290 4116 ham
1299 4059 1435 4138 petrono
1451 4052 1632 4137 aodr'ficabo
1649 4053 1828 4118 Ecclesium

505 4188 609 4231 orcam
618 4167 672 4249 (9),
685 4178 839 4231 caeterae
851 4169 896 4231 ab
908 4170 983 4251 ipsa
992 4170 1201 4251 prodierunt,
1213 4180 1462 4252 proptereaque
1473 4169 1704 4233 Termllianus
1711 4170 1829 4232 adiun-

504 4285 573 4347 xit:
597 4304 643 4346 ex
666 4304 734 4365 qua
756 4303 888 4358 omnea3
912 4285 1012 4348 sedes
1034 4286 1125 4348 enim
1141 4286 1389 4367 patriarchales
1404 4294 1483 4348 suut
1496 4286 1590 4356 illae,
1606 4304 1693 4366 quas
1712 4285 1830 4348 Petrus

503 4403 583 4463 viva
594 4401 646 4463 sui
658 4402 813 4482 corporis
823 4402 1015 4482 praesentia
1026 4402 1200 4473 animavit,
1212 4399 1384 4473 Romana,
1397 4401 1540 4473 scilicet,
1551 4411 1588 4464 at
1602 4401 1829 4472 Antiochena,

502 4516 625 4597 quibus
645 4518 887 4578 adnumeratur
908 4515 1161 4588 Alexandrina,
1184 4517 1229 4579 ab
1252 4518 1374 4579 eodem
1396 4537 1458 4580 suo
1483 4518 1622 4579 nomine
1648 4526 1773 4585 erecta,
1796 4525 1831 4577 et

502 4631 620 4695 Marco
642 4630 714 4693 filio
737 4633 960 4695 dilectissimo
973 4633 1036 4713 (sic
1054 4652 1131 4695 eum
1148 4632 1259 4712 vocat)
1276 4632 1344 4716 (ιο)
1366 4632 1624 4705 commendam
1644 4651 1749 4715 quam
1773 4632 1831 4694 ille

503 4747 595 4809 Petri
619 4748 730 4810 adhuc
754 4749 912 4817 viventis,
936 4758 969 4810 et
992 4749 1124 4811 caelum
1149 4750 1345 4812 meritorum
1369 4768 1507 4812 suonun
1530 4751 1640 4830 pretio
1662 4750 1732 4811 iam
1754 4767 1831 4830 pos·

572 4888 612 4955 (1)
632 4891 747 4953 Apocol„
769 4902 790 4945 1,
810 4906 834 4938 n.
854 4903 878 4951 4.
900 4919 931 4926 -
951 4890 993 4956 (ι)
1011 4891 1094 4945 Rom„
1117 4888 1156 4946 16,
1176 4906 1201 4942 11,
1224 4888 1263 4942 16.
1282 4918 1317 4929 -
1336 4890 1377 4958 (3)
1391 4891 1493 4948 Ioann„
1509 4902 1549 4949 10,
1562 4907 1586 4942 n.
1603 4887 1643 4941 16.
1659 4919 1691 4928 —
1705 4893 1741 4954 (4)
1757 4902 1766 4937 1
1785 4892 1832 4940 so·

503 4978 598 5034 rae'ntb„
620 4990 659 5033 12,
680 4993 705 5027 n.
728 4989 767 5028 η.
801 5007 806 5013 -
834 4983 870 5038 (5)
884 4979 989 5041 Ephes„
1003 4991 1028 5039 4,
1042 4990 1066 5041 5.
1082 5005 1114 5015 -
1126 4976 1166 5045 (ὁ)
1183 4980 1237 5029 [εὖ.
1251 4980 1354 5031 advers.
1369 4981 1479 5035 liceret„
1493 4995 1552 5044 cup.
1566 4991 1609 5030 20,
1627 5007 1650 5017 —
1668 4977 1710 5046 (7)
1723 4980 1832 5043 Dialog.

502 5072 586 5117 contr.
601 5067 770 5130 Lucr's'm'on,
783 5094 817 5103 -
831 5063 870 5123 (8)
882 5067 941 5119 Lib.
955 5081 980 5129 4,
993 5074 1077 5118 contr.
1091 5069 1223 5118 Marcion.
1234 5077 1262 5116 et
1272 5068 1319 5118 lib,
1337 5072 1440 5120 advers.
1454 5070 1611 5120 horremus*
1627 5094 1648 5105 -
1666 5067 1707 5134 (9)
1719 5069 1833 5123 Marri„

505 5154 639 5211 16,n.18,
658 5182 686 5191 -
701 5154 760 5219 (ιο)
777 5167 797 5213 1,
809 5158 890 5213 Perr,
902 5168 926 5219 5,
938 5172 964 5205 n.
981 5166 1021 5217 ¹3·
