4124 6182
705 2114 896 2191 CAPUT
925 2113 1030 2187 x111.

352 2408 619 2505 Imperatoris
647 2409 700 2483 ad
728 2430 874 2484 omnes
902 2408 952 2482 de
979 2407 1059 2481 fide
1087 2428 1161 2481 sua
1189 2405 1378 2501 epistola.

290 2777 316 2818 1.
342 2752 428 2817 Cum
463 2756 595 2817 romani
626 2754 847 2851 Patriarchae
877 2755 1062 2817 adventum
1093 2752 1150 2816 vel
1184 2755 1308 2816 saltem
1344 2755 1463 2816 nuntia
1497 2755 1530 2815 in

83 2883 101 2931 s.
115 2882 155 2944 56.
196 2872 299 2935 horas
321 2869 533 2952 *Imperator
555 2872 776 2952 opperiretur,
801 2890 843 2932 ne
866 2869 1033 2933 Abassini
1060 2871 1199 2932 insolita
1223 2870 1375 2932 novitate
1402 2880 1530 2951 perter-

198 2998 362 3060 rerentur,
387 3006 447 3049 eos
470 2987 579 3049 voluit
603 3005 672 3048 non
694 2986 807 3048 solum
831 2983 1065 3066 frequentibus
1088 2986 1309 3048 concionibus
1332 2985 1392 3046 sed
1408 2996 1443 3048 et
1459 2988 1530 3068 epi-

197 3105 287 3166 stola
310 3103 355 3165 ad
378 3112 487 3165 totum
511 3102 692 3184 imperium
716 3103 821 3164 missa
843 3120 932 3164 anno
962 3104 1043 3179 1624
1060 3102 1276 3183 praemunire
1296 3111 1331 3162 et
1347 3101 1390 3163 de
1406 3103 1529 3173 causis

196 3239 284 3302 quae
307 3219 421 3300 ipsum
445 3219 489 3279 ad
511 3217 599 3280 hanc
623 3219 848 3279 mutationem
869 3216 1095 3298 impellerent,
1119 3218 1273 3279 edocere.
1290 3214 1401 3297 Quam
1417 3216 1473 3279 hic
1489 3237 1531 3279 eo
1638 3300 1642 3305 Ι

198 3335 361 3398 libentius
383 3334 613 3405 subiiciemus,
637 3334 729 3414 quod
752 3333 846 3396 illius
865 3342 983 3395 auctor
998 3331 1100 3395 fuerit
1116 3330 1263 3395 Senator
1278 3331 1375 3404 Tine,
1391 3332 1531 3415 publico
1561 3408 1567 3420 ι
1593 3333 1879 3398 compositumne>

196 3461 320 3532 postea
342 3469 503 3512 romanae
526 3447 605 3511 fidei
636 3450 843 3519 testimonio,
874 3468 976 3529 quam
1007 3460 1089 3511 tunc
1118 3451 1292 3532 regiorum
1323 3461 1531 3512 secretorum
1558 3407 1696 3528 ’Τιὲῗω
1720 3417 1879 3456 ”³⁸¹⁰oe

196 3567 383 3630 servatoris
406 3584 555 3637 munere,
579 3565 753 3627 illustrior.
778 3563 824 3628 Et
848 3567 953 3628 verba
975 3576 1108 3628 tantum
1128 3585 1174 3628 ex
1196 3565 1390 3647 aethiopico
1413 3585 1530 3629 exem-

197 3683 287 3764 plari
310 3683 346 3743 in
370 3681 511 3743 latinam
536 3681 689 3763 linguam
713 3682 931 3752 invertentes,
956 3683 1101 3744 intanti
1125 3683 1190 3743 viri
1215 3682 1390 3751 honorem,
1419 3681 1530 3745 illibe-

197 3809 270 3862 tum
294 3796 424 3878 stylum
449 3796 642 3879 legentibus
665 3797 922 3860 obieetebimus.

290 3934 318 3975 2.
347 3911 504 3997 Epistola
533 3912 750 3996 imperatoris
777 3912 900 3975 Seltan
934 3910 1084 3998 Seguodi
1114 3918 1219 3976 totum
1254 3913 1393 3996 imperii
1424 3915 1536 3977 nostri
1595 3917 1698 3968 Divum
1720 3919 1834 3966 Petrum
1853 3926 1881 3965 et

198 4029 307 4093 orbem
337 4025 512 4113 pervadat.
547 4025 675 4091 Audito
709 4048 793 4112 quae
825 4028 912 4091 vobis
945 4028 1088 4092 dietricus
1117 4032 1151 4090 et
1176 4027 1305 4092 litteris
1331 4029 1533 4092 mandamus
1559 3993 1634 4110 m
1636 3989 1881 4110 1321szng

199 4145 236 4208 in
260 4142 576 4207 commendationem
591 4141 687 4226 fidei
704 4148 840 4207 sanotae
868 4148 903 4207 et
929 4144 967 4207 ira
998 4148 1103 4206 totum
1132 4164 1230 4207 aerae
1252 4143 1403 4229 ingentis
1429 4143 1533 4208 Urbis
1559 4132 1818 4253 glizgitfunm‘m
1832 4144 1880 4179 ⁸¹¹·

199 4261 329 4327 Romae
350 4263 385 4324 et
404 4258 583 4322 cathedrae
612 4257 688 4322 divi
705 4258 814 4323 Petri.
841 4260 946 4322 Hune
975 4260 1066 4323 enim
1097 4259 1269 4322 Dominus
1298 4264 1412 4323 noster
1433 4260 1534 4323 lesus
1645 4237 1652 4251 ⁸

200 4375 359 4439 Christus
380 4381 483 4460 super
505 4395 617 4437 omnes
626 4374 753 4459 fidelos
778 4396 856 4438 suos
865 4376 1053 4461 prorroz'ptem
1069 4376 1250 4451 constituit,
1261 4374 1533 4463 praefecturam·

200 4511 263 4575 que
284 4512 349 4563 ore,
374 4495 410 4554 ot
430 4496 543 4554 saneto
558 4491 653 4555 verbo
667 4512 737 4563 suo,
753 4512 839 4576 quae
854 4491 973 4555 nullus
987 4493 1078 4556 valet
1091 4512 1188 4557 error
1203 4493 1350 4575 inficere,
1366 4493 1532 4564 concessit,

200 4612 234 4671 et
245 4607 356 4672 solida
373 4607 438 4671 illa
452 4606 559 4679 verba,
576 4627 660 4691 qaae
674 4608 722 4671 ad
734 4608 857 4671 mundi
860 4608 972 4691 finem
988 4629 1054 4671 raon
1074 4609 1241 4693 deficient,
1256 4613 1308 4672 est
1316 4610 1514 4693 prolocutus
1522 4633 1535 4671 .·

204 4749 218 4781 ‹
238 4723 291 4787 Tu
313 4743 347 4787 es
369 4722 505 4797 Petrus,
527 4727 562 4786 et
582 4729 684 4808 saper
706 4723 792 4786 hanc
802 4728 940 4807 petram
955 4722 1133 4807 oedificabo
1148 4724 1333 4788 Ecclesiam
1349 4746 1456 4788 meam
1464 4752 1480 4798 ,·
1502 4731 1536 4789 et

196 4842 318 4923 portae
341 4836 458 4924 inferi
477 4857 545 4901 non
563 4838 811 4922 praevalebunt
831 4839 991 4902 adversus
1012 4860 1094 4910 eam,
1119 4845 1152 4903 et
1173 4839 1239 4903 tibi
1257 4839 1339 4903 dabo
1360 4839 1468 4903 clares
1482 4861 1533 4904 re·

197 4953 267 5038 gni
285 4952 458 5025 coelorum,
483 4956 518 5017 et
538 4954 762 5038 quodcumque
783 4954 945 5040 ligawrrs
966 4962 1068 5040 super
1092 4960 1229 5027 terram,
1253 4955 1321 5019 erit
1341 4955 1485 5041 ligatum
1500 4960 1535 5019 et

202 5068 239 5131 in
261 5068 381 5141 coelis:
403 5073 438 5133 et
466 5069 690 5153 quodcumque
719 5069 857 5134 solveris
886 5077 988 5155 super
1019 5075 1155 5145 terram,
1180 5072 1248 5135 erit
1272 5073 1418 5136 solutum
1442 5075 1475 5134 et
1496 5072 1534 5134 in

281 5208 309 5251 C.
322 5208 432 5261 Breuni,
445 5209 501 5249 Rer.
520 5209 589 5251 Aera
602 5209 694 5261 senior.
707 5222 754 5251 occ.
768 5210 835 5253 tired.
853 5233 875 5241 -
888 5210 957 5254 vm.
1429 5224 1453 5263 15
