4124 6182
543 539 602 597 106
873 549 1146 599 EXPEDITIONIS
1169 550 1429 601 AETHIOPICAE
1454 552 1533 601 ETC.

539 697 685 759 eunuchi
710 708 743 760 et
767 696 917 760 Abunae
935 697 1256 772 machinationibus,
1276 700 1410 763 occulte
1425 701 1572 782 primum
1588 696 1825 781 grassantibus
1840 708 1872 758 et

539 813 678 875 tandem
704 813 738 874 in
763 822 914 894 apertam
938 812 1048 875 lucem
1073 815 1381 896 prorumpentibus

229 935 311 984 seiae
329 935 458 985 christo·
482 936 512 985 in
629 927 677 990 ¹¹¹2.
703 927 793 990 Nam
817 947 906 990 anno
928 930 1006 1006 1617
1027 927 1113 999 Ras,
1138 930 1225 992 idest
1249 931 1372 1012 capitis
1395 930 1666 1012 aethiopicorum
1681 928 1872 1012 principum
1899 940 1917 989 t.
1938 950 2000 1000 525-

191 1009 316 1057 Rauen
343 1006 443 1069 capitia
470 1007 513 1056 10-
988 1046 1049 1067 ,Α
1147 1048 1205 1061 ..
1415 1049 1421 1060 .
1577 1047 1583 1059 .
1690 1044 1703 1065 i
1795 1045 1853 1063 ..

191 1091 255 1127 cum
275 1077 375 1128 eiectio
397 1091 513 1139 mn„
541 1064 689 1115 munere‚
706 1046 751 1107 ab
766 1042 900 1107 Emana
915 1044 1071 1108 Christos
1082 1066 1207 1109 seniori
1219 1046 1441 1128 Imperatoris
1453 1043 1558 1109 fratre
1575 1066 1609 1109 in
1625 1044 1707 1108 Sela
1722 1042 1875 1107 Christos

192 1163 254 1198 ‘¹¹¹¹‘
268 1151 511 1199 mmmmm·
540 1161 707 1222 iuniorem
732 1171 919 1224 transmoto
943 1162 1040 1224 illum
1064 1174 1165 1225 atrox
1188 1164 1314 1233 odium,
1339 1162 1474 1236 Iulium,
1499 1163 1592 1225 illius
1615 1163 1795 1245 dignitatis
1818 1181 1874 1244 ap·

540 1285 712 1357 petentem
737 1276 876 1347 invidia,
909 1278 1099 1339 eunuchum
1123 1276 1359 1359 praefecturae
1395 1278 1604 1341 amittendae
1633 1279 1746 1348 timor,
1778 1276 1874 1339 Abu·

542 1410 618 1452 nam
643 1392 801 1472 proxima
825 1412 906 1454 suae
930 1401 1044 1455 sectae
1067 1394 1211 1456 vastitas
1233 1395 1276 1456 ad
1300 1394 1465 1457 ultionem
1489 1392 1723 1457 inflammavit.
1747 1392 1794 1455 Et
1815 1392 1874 1454 ho·

540 1526 613 1567 runi
638 1505 808 1569 fautorum
825 1510 1016 1589 patrocinio
1032 1521 1065 1571 et
1094 1511 1259 1572 satellitio
1274 1510 1435 1579 tumidus,
1455 1509 1511 1572 die
1531 1511 1679 1590 quadam
1696 1510 1731 1570 in
1746 1509 1875 1589 templo

541 1622 710 1684 coelestes
734 1622 826 1685 diras
850 1622 884 1684 in
907 1643 966 1685 eos
989 1623 1125 1705 sparsit,
1148 1624 1207 1707 qui
1232 1625 1316 1687 duas
1339 1622 1475 1687 Christo
1499 1635 1637 1689 naturas
1655 1633 1874 1706 apponerent,

540 1737 595 1797 vel
621 1756 698 1798 eum
722 1737 972 1819 apponentibus
991 1740 1165 1820 colloquia
1181 1742 1373 1804 miscerent.
1391 1741 1467 1804 Peti
1482 1762 1520 1805 se
1536 1742 1658 1804 videns
1674 1740 1874 1822 Imperator,

539 1870 688 1932 suosque
712 1872 732 1914 a
754 1872 792 1915 se
817 1853 943 1916 liberos
966 1865 999 1917 et
1024 1857 1167 1918 clientes
1197 1868 1316 1938 aperta
1347 1854 1539 1920 defectione
1569 1856 1700 1929 divelli,
1729 1855 1875 1918 Abunae

541 1966 639 2030 iussit
663 1968 860 2041 renuntiari,
885 1981 920 2032 ut
945 1971 1005 2033 illa
1028 1972 1166 2035 vincula
1190 1974 1367 2055 extemplo
1383 1974 1598 2044 dissolveret,
1615 1973 1668 2035 sin
1684 1973 1798 2035 minus
1813 1992 1874 2034 suo

542 2085 645 2164 capiti
670 2095 817 2148 caveret.
843 2085 1012 2149 Dissolvit
1038 2087 1107 2161 ille,
1124 2089 1291 2151 minarum
1307 2100 1435 2152 terrore
1459 2101 1646 2170 correptus,
1670 2089 1729 2151 sed
1750 2088 1875 2150 habere

540 2219 578 2261 se
600 2201 683 2281 quid
706 2201 798 2263 circa
820 2200 923 2264 fidem
947 2222 1022 2264 cum
1047 2201 1259 2285 Imperatore
1283 2205 1544 2287 colloqueretur.
1568 2205 1630 2269 Cui
1658 2225 1739 2266 suae
1756 2205 1875 2266 domus

541 2316 661 2377 valvas
683 2335 818 2399 semper
841 2329 970 2398 patere,
994 2320 1169 2399 respondit
1192 2319 1384 2401 Imperator

228 2442 345 2491 nunnae
378 2453 514 2501 arrogans
632 2452 660 2510 3.
684 2431 752 2495 Die
775 2444 912 2513 postera
936 2434 970 2496 in
1001 2436 1121 2516 palatii
1152 2439 1376 2517 pomaerium,
1405 2457 1482 2499 cuni
1512 2438 1582 2499 suis
1607 2437 1876 2518 manipularibus

193 2513 512 2576 adlmperatoremnun·
562 2548 567 2559 .
779 2549 785 2562 .
847 2550 852 2562 .
1342 2553 1348 2566 .
1498 2554 1505 2566 .
1585 2553 1592 2567 .

195 2585 276 2634 tium.
541 2566 630 2608 sicas
643 2558 676 2608 et
692 2549 827 2630 gladios
844 2559 934 2612 intra
949 2550 1151 2632 chlamydes
1165 2553 1426 2624 occultantibus,
1443 2573 1480 2615 se
1496 2554 1609 2615 intulit
1626 2551 1764 2614 Abuna.
1776 2550 1876 2613 Unde

541 2664 585 2726 ad
613 2663 745 2725 arboris
774 2667 939 2739 umbram,
971 2667 1058 2729 sella
1088 2687 1169 2749 prae
1200 2669 1378 2731 maiestate
1409 2668 1600 2740 considens,
1631 2666 1875 2749 Imperatorem

542 2781 638 2841 iussit
661 2799 722 2860 per
746 2783 898 2844 nuntium
922 2784 1108 2855 admoneri,
1132 2794 1289 2864 oportere
1313 2806 1333 2846 a
1357 2786 1495 2846 nomine
1512 2784 1638 2847 Bahari
1655 2784 1759 2865 (quod
1783 2793 1876 2845 natu·

542 2914 613 2958 ram
638 2894 819 2978 significat)
844 2908 1017 2980 tamquam
1049 2920 1069 2961 a
1099 2897 1205 2962 bifida
1234 2902 1373 2981 viperae
1396 2903 1524 2984 lingua,
1548 2901 1723 2972 abstineri,
1747 2918 1822 2960 cuin
1842 2910 1875 2960 et

544 3022 698 3073 naturam
722 3010 893 3095 significet
917 3024 951 3076 et
971 3034 1152 3096 personam
1170 3016 1272 3097 (nova
1293 3028 1408 3079 tamen
1426 3017 1491 3079 ista
1508 3014 1571 3079 fuit
1592 3014 1763 3078 fallaciosi
1779 3015 1877 3075 Abu·

543 3147 606 3189 nae
630 3126 806 3208 impositio
830 3140 864 3190 et
889 3130 1092 3210 impostura;
1123 3143 1277 3194 naturam
1293 3132 1384 3195 enim
1400 3142 1533 3194 tantum
1548 3128 1733 3215 significat)
1749 3141 1783 3193 et
1800 3131 1875 3192 ideo

542 3243 639 3304 illum
664 3244 721 3325 qui
745 3245 915 3325 duplicem
940 3245 1065 3308 Bahari
1089 3245 1227 3310 Christo
1242 3248 1378 3317 tribuat,
1394 3247 1505 3309 videri
1529 3247 1703 3328 duplicem
1726 3248 1762 3309 iii
1786 3266 1876 3308 eum·

542 3361 619 3421 dem
642 3379 823 3440 personam
847 3364 1077 3445 compingere.
1102 3363 1177 3426 Res
1201 3364 1329 3426 isthaec
1353 3366 1413 3446 (ait
1437 3363 1513 3427 Ras
1535 3360 1617 3426 Seia
1641 3362 1797 3427 Christos
1819 3363 1875 3444 qui

543 3474 710 3536 nuntianti
734 3476 863 3555 aderat)
889 3496 956 3538 non
979 3478 1093 3540 verbis
1108 3481 1169 3541 sed
1186 3477 1277 3541 ferro
1294 3477 1494 3542 definienda.
1512 3476 1596 3540 Sine
1613 3497 1677 3549 me,
1694 3487 1730 3540 ut
1747 3478 1876 3543 abeam.

543 3599 577 3649 et
601 3591 714 3659 trium,
738 3591 794 3652 vel
818 3602 964 3670 quatuor
987 3593 1077 3655 colla
1100 3594 1284 3663 dessecem‚
1308 3606 1345 3657 ut
1369 3604 1460 3657 totus
1484 3595 1543 3656 ille
1566 3594 1693 3677 globus
1716 3594 1751 3655 iii
1771 3602 1876 3655 aeter·

545 3725 625 3766 num
648 3706 842 3787 dissipetur.
866 3707 962 3770 Tunc
986 3707 1192 3790 Imperator:
1227 3710 1342 3773 Satius
1364 3724 1416 3773 est
1442 3711 1574 3773 hiantia
1603 3712 1748 3772 vulnera
1779 3709 1877 3771 dissi-

545 3822 731 3884 mulatione
755 3824 865 3896 leniri,
888 3844 990 3904 quani
1014 3827 1194 3907 praecipiti
1219 3827 1384 3890 incisione
1407 3826 1617 3890 exacerbari.
1641 3825 1687 3888 Et
1719 3827 1763 3888 ad
1795 3845 1875 3887 nun·

543 3937 646 3998 tium:
663 3936 729 4000 Dic
745 3937 903 4011 Abunae,
920 3939 949 4001 si
965 3942 1105 4002 verbum
1122 3942 1208 4004 illud
1221 3944 1266 4005 sit
1278 3962 1414 4024 anceps,
1428 3944 1522 4006 aliud
1534 3942 1647 4026 aptius
1659 3940 1875 4023 affigendum.

544 4051 619 4123 Ille,
644 4053 706 4113 vix
729 4053 809 4114 dum
833 4064 975 4134 accepto
998 4074 1171 4136 responso,
1195 4056 1454 4137 Imperatorem,
1471 4069 1508 4121 ut
1522 4078 1617 4120 suani
1634 4056 1738 4119 fidem
1756 4055 1877 4119 festine

544 4168 676 4247 prodat,
707 4170 857 4231 secundo
890 4172 1008 4232 nuntio
1038 4175 1209 4237 convenit.
1241 4174 1275 4236 is
1306 4194 1389 4236 vero
1419 4175 1454 4236 id
1486 4194 1588 4237 unum
1620 4174 1780 4243 reddidit,
1810 4174 1877 4235 sibi

545 4280 716 4345 Christum
742 4305 816 4346 esse
840 4283 1029 4366 perfectum
1054 4287 1165 4350 Deum
1188 4298 1222 4351 et
1245 4289 1436 4371 perfectum
1459 4290 1633 4352 hominem
1662 4301 1696 4351 et
1727 4291 1818 4351 velle
1840 4300 1878 4349 ut

544 4401 670 4461 caeteri
693 4420 789 4462 suam
813 4398 933 4463 *fidem
958 4402 1023 4466 hoc
1054 4406 1172 4488 sigillo
1203 4407 1462 4469 communirent.
1490 4405 1563 4468 Nec
1586 4406 1730 4469 ulterius
1753 4407 1879 4487 obgan-
1927 4410 1995 4470 [33-

545 4512 651 4575 nienti
675 4534 772 4577 aures
796 4516 899 4578 dedit.

232 4639 299 4692 iulii
317 4651 344 4690 et
361 4640 438 4690 caflo
459 4654 519 4689 mii·
635 4650 665 4707 4.
691 4631 842 4694 Perculsi
866 4632 931 4694 hac
955 4632 1175 4715 imperatoris
1198 4638 1388 4698 constantia
1412 4635 1560 4709 factiosi,
1585 4636 1620 4699 in
1644 4636 1738 4699 illius
1766 4635 1881 4718 perni-

196 4728 252 4764 nus
271 4712 435 4762 mirabiliter
453 4726 518 4760 eva·
568 4745 574 4758 .
726 4747 733 4759 .
928 4750 934 4762 ,
1122 4748 1128 4767 ,
1224 4751 1230 4763 ,
1776 4752 1782 4766 1

196 4784 239 4834 d„
257 4786 421 4847 imperator.
546 4763 634 4807 ciem
657 4758 846 4820 coniurant,
870 4747 959 4810 Iulio
983 4760 1017 4811 et
1041 4746 1134 4811 Caflo
1158 4770 1275 4832 regiae
1299 4752 1420 4814 domus
1442 4752 1628 4833 praefecto,
1656 4754 1702 4815 ob
1732 4773 1784 4815 sui
1806 4771 1882 4814 mu·

546 4864 636 4924 neris
660 4865 952 4944 opportunitatem
978 4864 1070 4927 illius
1094 4885 1112 4927 e
1133 4867 1245 4928 medio
1260 4868 1406 4929 tollendi
1422 4887 1590 4930 suminam
1605 4868 1883 4939 vendicantibus

545 4991 579 5040 et
603 4979 729 5040 multos
752 4998 828 5040 cum
848 4976 982 5041 Emana
997 4976 1151 5042 Christos
1167 4981 1201 5042 in
1218 4979 1337 5044 feralis
1352 4984 1555 5046 sacramenti
1572 4983 1679 5046 verba
1694 4984 1741 5067 (in
1757 4982 1884 5064 quibus

545 5095 661 5156 dextri
684 5114 723 5157 ac
748 5093 839 5157 laevi
863 5114 967 5157 cornu
991 5095 1106 5177 duces)
1131 5096 1356 5177 adigentibus.
1385 5096 1452 5159 Die
1483 5098 1526 5159 ad
1554 5095 1687 5159 facinus
1711 5096 1883 5168 condicta,
