4166 6182
561 556 655 629 xcvi
1097 580 1358 631 turnonucrro

650 736 686 804 45
704 748 725 790 a
747 747 779 809 p.
805 727 960 790 Antonio
976 727 1173 792 d'Almeida
1190 728 1324 792 Mocam
1341 749 1431 791 anno
1451 731 1532 807 1643
1549 728 1655 791 misso
1674 727 1719 789 ad
1743 725 1889 788 eundem

560 838 673 913 finem,
699 842 757 904 lib.
782 842 843 915 IV,
867 863 939 925 cap.
965 858 1076 915 xvl11,
1100 865 1131 906 n.
1156 864 1186 922 4,
1212 844 1292 908 Rer.
1316 842 1427 915 Aeta,
1452 844 1517 915 IX,
1541 863 1597 925 pp.
1625 860 1784 921 353·354.

651 978 680 1035 5.
704 978 725 1022 a
748 969 845 1040 patre
868 958 1023 1022 Antonio
1048 959 1192 1023 Botelho
1215 980 1260 1022 ex
1283 970 1414 1023 rectore
1433 959 1563 1031 Diensi,
1578 960 1639 1041 qui
1655 957 1785 1039 pariter
1802 954 1890 1017 idem

560 1071 624 1136 iter
647 1083 681 1136 et
701 1076 883 1157 negocium
906 1084 1102 1157 susceperat
1116 1095 1206 1138 anno
1226 1079 1319 1154 1646,
1337 1076 1395 1138 lib.
1413 1073 1474 1147 IV,
1492 1094 1565 1157 cap.
1583 1086 1668 1146 tux,
1686 1072 1768 1137 Rer.
1782 1068 1891 1141 Aera,

559 1187 624 1261 ΙΧ,
649 1208 706 1271 pp·
731 1193 885 1269 355·360·

649 1308 678 1367 6.
703 1325 723 1367 a
746 1315 844 1387 patre
863 1305 1036 1388 Torquato
1052 1306 1230 1380 Parisiani,
1246 1308 1288 1368 de
1303 1306 1411 1390 gestis
1426 1305 1579 1388 episcopi
1598 1300 1890 1386 Chrysopolitani.

559 1421 748 1501 dequibus
772 1422 830 1485 lib.
856 1421 917 1494 IV,
941 1441 1017 1505 cap.
1040 1436 1152 1495 XXIV,
1176 1422 1257 1487 Rer.
1281 1421 1481 1498 Aeth.,1x‚
1506 1441 1563 1504 pp.
1589 1424 1745 1499 384·388.

650 1556 677 1616 7.
702 1539 746 1600 ab
769 1539 891 1600 eodem
922 1540 964 1601 de
992 1539 1097 1602 caede
1127 1541 1234 1621 patris
1264 1536 1303 1601 fr.
1336 1538 1480 1602 Antonii
1504 1558 1524 1600 a
1553 1537 1656 1600 Petra
1686 1535 1829 1619 Pagana
1858 1544 1892 1601 et

558 1651 727 1715 sociorum
758 1651 899 1717 Ordinis
928 1652 1015 1715 MM.
1048 1652 1143 1725 RR,
1173 1654 1231 1717 lib.
1263 1653 1325 1726 IV,
1356 1674 1430 1736 cap.
1455 1668 1553 1727 xxV,
1584 1651 1668 1719 Rcr.
1691 1649 1803 1721 Aera,
1827 1647 1891 1720 IX,

559 1787 615 1850 pp·
641 1773 797 1848 389·391·

648 1888 678 1946 8.
702 1885 746 1946 ab
769 1884 889 1947 eodem
917 1886 960 1947 de
990 1886 1120 1966 primae
1150 1904 1232 1949 suae
1262 1886 1491 1968 expeditionis
1521 1881 1741 1947 Suachenum
1772 1898 1892 1945 versus

558 1999 664 2073 exitu,
688 2019 778 2062 anno
805 2003 899 2075 1648,
923 2001 982 2062 lib.
1007 1999 1068 2071 IV.
1093 2020 1165 2083 cap.
1191 2014 1302 2074 xxvl,
1328 2000 1409 2064 Rcr.
1434 1999 1545 2074 Aeta,
1568 1998 1636 2073 IX,
1660 2019 1716 2081 pp.
1736 1999 1892 2081 393·396·

646 2134 676 2192 9.
701 2116 745 2177 ab
768 2116 890 2178 eodem
913 2116 1036 2179 desua
1062 2117 1210 2179 secunda
1233 2116 1465 2198 expeditione,
1495 2119 1589 2193 1650,
1613 2124 1758 2187 etcum
1782 2110 1893 2194 Chry·

556 2231 751 2311 sopolitano
767 2230 927 2301 dissidiis,
945 2231 1003 2294 lib.
1020 2229 1081 2303 lv,
1098 2251 1171 2313 cap.
1188 2244 1329 2301 xxvm,
1346 2230 1427 2294 Rer.
1442 2229 1554 2302 Aeta,
1575 2229 1641 2300 IX,
1657 2249 1714 2311 pp.
1735 2244 1892 2306 401·407.

916 2589 950 2682 2)
983 2582 1131 2681 Operis
1158 2582 1274 2658 dotes
1301 2591 1343 2658 et
1368 2582 1531 2658 menda.

642 2818 674 2870 1.
705 2797 763 2868 Ex
781 2796 972 2891 hucusque
1001 2796 1111 2870 dictis
1139 2794 1321 2869 autumari
1348 2795 1433 2892 quis
1461 2812 1590 2893 posset
1617 2821 1715 2891 opus
1735 2792 1894 2868 Patriar-

557 2931 650 3004 chae
669 2953 800 3024 parum
830 2929 888 3003 vel
917 2928 1010 3003 nihil
1038 2930 1207 3003 conferre
1227 2929 1274 3003 ad
1294 2928 1486 3002 historiam
1506 2929 1735 3025 Aethiopiae
1756 2951 1896 3022 cogno·

556 3063 748 3148 scendam,
766 3062 884 3135 maior
898 3062 996 3134 enim
1014 3086 1102 3157 pars
1116 3077 1326 3147 eventuum,
1339 3061 1401 3158 qui
1418 3062 1455 3135 in
1471 3087 1539 3136 suo
1553 3086 1668 3158 opere
1683 3062 1896 3135 referuntur

556 3199 604 3271 ab
632 3196 717 3269 aliis
745 3195 989 3291 scriptoribus
1017 3194 1091 3268 iam
1121 3195 1157 3267 in
1187 3196 1307 3269 lucem
1336 3196 1447 3270 editis
1475 3197 1670 3270 enucleata
1691 3194 1892 3268 invenitur.

557 3331 733 3403 Attamen
764 3344 1024 3423 praeterquam
1053 3328 1155 3422 quod
1182 3354 1227 3399 ex
1256 3328 1364 3401 huius
1390 3329 1603 3423 gravissimi
1625 3342 1663 3401 et
1681 3325 1894 3401 doctissimi

555 3461 625 3535 viri
654 3460 868 3535 testimonio
898 3486 972 3533 non
1002 3483 1133 3555 parum
1162 3459 1392 3533 auctoritatis
1420 3461 1576 3534 aliorum
1608 3459 1817 3535 narrationi
1839 3484 1896 3532 ac-

556 3593 668 3678 cedit,
698 3592 735 3665 in
765 3592 845 3665 eius
873 3608 1031 3688 quatuor
1059 3592 1248 3665 Historiae
1277 3592 1381 3666 libris
1408 3618 1482 3666 non
1511 3592 1649 3688 exigua
1674 3593 1896 3667 notitiarum

557 3725 690 3799 messis
719 3726 909 3798 studiosus
938 3750 1058 3797 rerum
1088 3724 1381 3820 aethiopicamm
1418 3725 1598 3822 colligere
1631 3739 1769 3821 potest,
1802 3749 1898 3821 quas

557 3858 594 3931 in
623 3857 708 3931 aliis
736 3857 980 3953 scriptoribus
1008 3857 1143 3930 frustra
1170 3873 1332 3952 quaeret.
1372 3858 1424 3931 Ut
1459 3857 1602 3953 aliquid
1641 3858 1812 3943 immam,
1853 3882 1898 3930 ea

555 4015 652 4087 quae
680 4004 811 4064 auctor
839 4004 962 4062 narrat
990 3990 1037 4081 de
1066 3989 1293 4063 carminibus
1320 3990 1491 4087 satyricis
1519 4015 1541 4062 a
1570 3991 1648 4064 Ras
1666 3991 1774 4064 Sella
1793 3990 1898 4066 Chri·

556 4128 635 4197 stes
662 4122 701 4194 in
727 4120 953 4193 derisionem
975 4120 1152 4215 patruelis
1170 4120 1374 4207 Fasiladas,
1395 4137 1599 4218 antequam
1620 4123 1670 4195 ad
1691 4123 1896 4219 imperium

491 4310 495 4317 .
555 4255 787 4338 eveheretur,
818 4252 1040 4347 conscriptis
1059 4251 1123 4350 (1),
1153 4277 1320 4348 quaeque
1350 4254 1490 4349 passim
1520 4255 1557 4327 in
1591 4255 1671 4329 suis
1709 4255 1849 4330 castris
1877 4280 1899 4327 a

558 4386 739 4459 militibus
776 4387 1015 4469 canebantur,
1058 4384 1238 4457 rationem
1277 4385 1438 4460 reddunt
1474 4386 1636 4461 exitialis
1673 4388 1781 4463 illius
1820 4388 1897 4462 odii

556 4519 658 4614 quod
688 4517 785 4590 inter
812 4517 904 4590 istos
931 4517 1026 4589 duos
1058 4515 1158 4588 viros
1194 4518 1340 4589 exarsit.
1380 4518 1521 4592 Pariter
1553 4544 1600 4593 ex
1629 4521 1808 4595 Historia
1837 4523 1899 4594 Al-

557 4650 705 4724 meidae
734 4649 958 4744 persuadere
986 4647 1055 4721 sibi
1084 4647 1167 4742 quis
1196 4663 1322 4743 posset
1351 4651 1629 4725 matrimonium
1669 4652 1898 4731 indiscrimi-

557 4782 674 4856 natim
704 4780 850 4854 clericis
879 4780 1051 4852 omnibus
1079 4778 1302 4874 Aethiopiae
1330 4784 1462 4855 eodem
1494 4784 1606 4878 plane
1637 4788 1756 4860 modo
1782 4789 1902 4861 fuisse

556 4902 779 4988 concessum
809 4937 853 4985 ac
882 4911 1014 4984 ceteris
1042 4911 1232 4983 orientalis
1260 4912 1350 4986 ritus
1369 4916 1640 4992 sacerdotibus.
1662 4920 1717 4991 At
1741 4946 1836 4994 vero
1856 4945 1903 4992 ex

638 5132 681 5209 (1)
705 5132 770 5187 Lib.
793 5129 832 5199 II,
855 5147 922 5203 cap.
945 5144 1011 5196 xlv,
1034 5147 1063 5184 n.
1087 5142 1103 5199 5
1125 5128 1206 5202 (Iler.
1228 5130 1319 5195 Aera,
1342 5131 1423 5201 VlII,
1444 5152 1472 5209 p.
1497 5143 1577 5208 259).
