4124 6182
523 566 562 625 62
857 576 1130 627 EXPEDITIONIS
1154 577 1416 627 AETHIOPICAE
1442 576 1524 628 Ere.

210 735 315 815 eontfq
331 747 354 783 ε.
369 737 495 783 Leonem
523 734 714 805 patronum,
730 726 927 787 doctoribus
943 736 977 788 et
993 726 1200 808 martyribus
1215 736 1399 808 apponuut.
1419 725 1545 787 Divum
1562 724 1712 787 Leonem
1730 733 1765 786 et
1782 742 1862 785 con·

175 804 365 927 {fffflfum
378 803 496 854 chalce-
523 842 640 902 cilium
656 840 936 904 Chalcedonense
960 842 1097 922 paribus
1119 843 1254 923 probris
1277 852 1311 904 et
1327 842 1411 905 diris
1434 843 1644 904 insectantur
1667 850 1702 902 et
1718 840 1864 920 impuris

523 957 738 1019 cantionibus
760 957 991 1038 proscindunt.

211 1085 328 1131 urrom
341 1082 375 1131 de
385 1080 496 1131 animae
615 1092 643 1135 2.
668 1070 839 1135 Christum
863 1093 930 1135 non
954 1082 1085 1135 tantum
1108 1074 1273 1136 iustorum
1290 1073 1350 1136 sed
1366 1082 1400 1136 et
1416 1074 1653 1135 damnatorum
1671 1070 1803 1132 animas
1819 1069 1863 1131 ab

176 1162 275 1203 mmm
293 1162 320 1202 ἐ
337 1152 465 1203 cuncus.
524 1185 643 1251 inferis
666 1189 838 1261 eduxisse,
872 1191 1012 1252 immani
1044 1192 1171 1271 pietate
1195 1200 1402 1252 asseverant.
1426 1188 1566 1251 Piorum
1595 1206 1684 1249 nunc
1715 1186 1862 1248 morien·

522 1306 609 1367 tium
632 1305 764 1367 animas
786 1305 822 1367 in
845 1314 1039 1368 terrestrem
1062 1306 1258 1387 paradisum
1283 1306 1462 1377 divertere,
1487 1304 1552 1366 Dei
1577 1312 1763 1385 conspectu
1786 1309 1864 1383 post

524 1421 614 1482 diem
638 1421 756 1483 iudicii
779 1422 988 1502 pascendas;
1016 1423 1208 1503 impiorum,
1241 1423 1275 1483 in
1307 1423 1480 1483 diversum
1513 1422 1625 1483 locum
1657 1419 1805 1489 demitti,
1828 1419 1863 1479 in

523 1555 592 1617 quo
615 1538 735 1618 poenis
758 1537 895 1599 interim
919 1538 1051 1600 solutae
1074 1539 1229 1600 eamdem
1253 1539 1344 1600 diem
1369 1538 1638 1619 praestolentur;
1662 1555 1725 1597 nec
1750 1536 1785 1596 in
1809 1555 1864 1595 ae-

524 1662 669 1723 ternum,
693 1653 754 1714 sed
778 1654 821 1714 ad
845 1664 980 1734 tempus
1007 1654 1170 1734 (maxime
1185 1655 1214 1715 si
1239 1653 1500 1716 christianorum
1516 1650 1596 1735 sint)
1616 1652 1745 1713 carceri
1770 1669 1866 1711 man·

524 1769 688 1849 cipandas
712 1770 886 1842 arbitrati;
911 1768 1100 1852 purgatorii
1124 1780 1157 1831 et
1181 1768 1470 1852 indulgentiarum
1495 1768 1590 1831 nulla
1617 1766 1693 1839 fide,
1727 1766 1784 1828 vel
1809 1785 1866 1827 co·

524 1885 679 1966 gnitione
702 1886 907 1947 imbuuntur.
942 1881 1105 1948 Omnium
1128 1886 1302 1949 hominum
1326 1884 1458 1948 animas
1482 1886 1516 1947 in
1545 1885 1663 1946 mundi
1694 1883 1865 1964 principio

525 2020 546 2061 a
570 2000 657 2072 Deo,
682 2002 779 2081 quasi
804 2001 839 2062 in
863 1999 997 2063 vivario
1020 2000 1198 2082 repositas
1222 2021 1283 2083 per
1306 2001 1488 2063 intervalla
1512 2001 1547 2062 in
1571 2018 1716 2080 corpora
1732 1994 1866 2060 infundi

525 2135 602 2178 cum
626 2114 778 2199 Origene
801 2118 992 2198 opinantur,
1006 2126 1040 2179 et
1063 2138 1109 2179 ex
1124 2127 1269 2198 quatuor
1292 2116 1471 2179 elementis
1494 2113 1669 2187 conflatas,
1695 2124 1799 2196 atque
1822 2134 1868 2175 ex

524 2232 724 2313 parentibus
747 2231 891 2303 decisas,
910 2251 988 2294 cum
1004 2231 1214 2313 Apollinari,
1238 2231 1462 2294 seminatione
1478 2230 1672 2314 propagari.
1690 2229 1867 2292 Tenebras

525 2357 754 2410 creaturarum
778 2347 948 2430 dignitate
972 2349 1109 2419 donant,
1134 2347 1280 2419 coelum,
1304 2358 1337 2410 et
1364 2358 1490 2410 terram
1521 2359 1556 2409 et
1586 2345 1755 2429 quidquid
1787 2364 1866 2406 eum

525 2463 611 2544 ipsis
634 2462 835 2543 productum
852 2473 915 2534 est,
932 2481 1017 2524 voce
1033 2481 1053 2524 a
1069 2462 1146 2525 Deo
1162 2463 1349 2533 conditum,
1367 2473 1500 2525 coetera
1522 2462 1669 2533 silenti0,
1687 2471 1868 2543 nugantes.

208 2586 499 2638 circumcisionis
617 2599 646 2657 3.
659 2577 1031 2660 Circumcisioniquam
1047 2578 1211 2641 tenaciter
1226 2580 1464 2651 adherescunt,
1481 2598 1543 2640 nec
1560 2578 1604 2640 ad
1621 2577 1717 2640 illam
1734 2587 1868 2640 tantum

179 2658 337 2723 frequentia
355 2668 383 2708 et
401 2673 499 2708 causa·
894 2695 900 2707 .
960 2694 966 2708 .
1292 2696 1298 2708 .
1594 2694 1600 2707 .
1736 2694 1742 2706 .

178 2731 280 2781 tiones.
526 2695 698 2757 masculos
721 2704 844 2757 octava
867 2695 933 2767 die,
957 2704 1056 2757 iuxta
1071 2694 1255 2757 hebraeum
1272 2705 1374 2756 ritum
1391 2700 1480 2778 (cum
1497 2693 1717 2776 Baptismum
1734 2712 1769 2754 1n
1786 2713 1870 2774 qua-

527 2810 757 2893 dragesimum
781 2821 815 2873 et
838 2811 1086 2893 octogesimum
1111 2811 1322 2891 proturbent,
1343 2809 1422 2872 etsi
1440 2829 1532 2872 mors
1552 2809 1667 2880 instet,
1684 2809 1869 2891 omittant),

527 2927 587 2988 sed
614 2937 648 2988 et
676 2923 846 2987 foeminas
873 2924 1034 2988 insolenti
1061 2926 1278 2987 consectione
1305 2925 1528 3007 compellunt.
1556 2924 1657 2987 Illius
1684 2943 1769 2987 vero
1802 2921 1869 2985 fre·

527 3042 741 3124 quentandae
757 3042 871 3103 varias
887 3041 1102 3103 causationes
1117 3039 1439 3102 comminiscuntur:
1456 3061 1493 3103 se
1510 3060 1578 3103 non
1591 3040 1765 3102 mosaicae
1782 3038 1873 3122 legis

527 3158 791 3228 observantiam,
808 3157 869 3219 sed
892 3157 1046 3237 corporis
1068 3155 1269 3218 munditiem
1287 3165 1321 3218 et
1337 3156 1629 3237 pulchritudinem
1647 3174 1785 3228 curare;
1802 3174 1871 3217 non

528 3275 606 3355 plus
630 3293 705 3335 esse
727 3272 855 3354 piaculi
886 3272 921 3334 in
953 3273 1105 3334 tantulae
1136 3271 1238 3353 pellis
1268 3270 1469 3353 superfluae,
1500 3291 1605 3354 quam
1636 3271 1670 3334 in
1703 3270 1871 3353 unguium

527 3389 584 3451 vel
601 3388 804 3469 capillorum
829 3388 1055 3460 abscissione3
1078 3388 1175 3450 illam
1199 3386 1345 3450 Paulum
1370 3388 1405 3449 in
1429 3387 1614 3450 Timotheo
1638 3387 1823 3449 admisisse
1839 3397 1873 3449 et

528 3503 615 3566 nihil
638 3502 778 3586 essen),
802 3502 891 3565 idest
915 3502 1009 3564 illius
1032 3521 1130 3564 usum
1154 3504 1249 3564 omni
1272 3514 1414 3584 peccato
1429 3521 1546 3564 carere
1561 3500 1748 3565 definiisse.
1771 3500 1874 3564 Unus

528 3630 670 3689 tantum,
695 3619 751 3681 vel
775 3620 860 3680 alter
884 3616 988 3699 (quod
1012 3619 1046 3680 in
1068 3616 1209 3699 Europa
1224 3620 1402 3701 vulgatum
1418 3617 1481 3700 est)
1497 3617 1623 3682 Christi
1641 3617 1873 3680 imitationem

531 3735 739 3806 obtendunt3
763 3752 840 3796 cum
864 3751 947 3795 vera
969 3734 1014 3795 sit
1036 3752 1139 3795 causa
1162 3733 1321 3796 iudaismi
1344 3742 1379 3796 et
1402 3734 1524 3795 inolita
1539 3752 1679 3796 suorum
1704 3733 1872 3795 maiorum

530 3847 785 3912 consuetudinis
809 3848 1015 3913 observatio.
1038 3847 1111 3911 Nec
1134 3848 1242 3910 ullum
1268 3848 1356 3912 inter
1382 3868 1441 3911 eos
1472 3849 1583 3912 maius
1614 3857 1667 3909 est
1697 3849 1873 3930 probrum,

529 3983 632 4045 quam
657 3965 687 4026 si
709 3983 915 4045 quemquam
938 3962 1071 4034 Colofa,
1104 3964 1193 4026 idest
1222 3965 1388 4036 clausum,
1412 3963 1564 4026 convitio
1597 3964 1786 4046 appellent,
1811 3983 1874 4026 nec

530 4081 681 4161 aliquem
705 4078 1017 4141 incircumcisorum
1042 4099 1102 4141 sua
1126 4097 1243 4141 mensa
1265 4078 1486 4160 participent;
1511 4081 1541 4142 si
1571 4096 1655 4143 vero
1687 4080 1875 4161 participa·

530 4196 652 4267 verint,
667 4195 833 4256 concham
849 4193 944 4256 illico
961 4195 1154 4256 catinumve
1178 4191 1374 4276 confrigunt
1389 4205 1447 4257 aut
1463 4195 1590 4257 clerico
1614 4196 1731 4258 rituali
1747 4196 1875 4277 impre-

217 4322 340 4406 cabbau.
355 4322 428 4372 inter
453 4336 503 4371 eo·
531 4308 664 4372 catione
680 4309 890 4390 expiandum
906 4310 1132 4372 committunt.
1149 4307 1303 4373 Sabbato
1326 4331 1346 4371 a
1370 4317 1523 4392 tempore
1548 4310 1768 4392 imperatoris
1792 4309 1876 4372 Zera

180 4396 369 4444 ‘'mma''
531 4424 645 4494 Iacob,
669 4426 729 4505 qui
758 4425 896 4487 concilii
927 4423 1116 4487 Florentini
1146 4435 1298 4506 tempore
1328 4426 1479 4498 vivebat,
1503 4426 1683 4507 aequalem
1716 4445 1876 4488 reveren·

531 4539 615 4602 tiam
637 4559 677 4601 ac
701 4540 770 4602 diei
794 4541 986 4602 dominicae
1009 4540 1221 4620 impendunt,
1245 4559 1320 4602 eam
1345 4541 1523 4603 credentes
1542 4541 1730 4603 ramusculi
1754 4542 1801 4603 ab
1824 4558 1876 4603 ar·

530 4656 613 4716 bore
629 4652 805 4716 evulsione
821 4665 879 4717 aut
895 4654 1039 4716 alicuius
1054 4654 1151 4716 verbi
1167 4654 1359 4734 prolatione
1375 4656 1510 4719 violari.
1527 4655 1573 4718 Et
1589 4675 1670 4719 cum
1682 4656 1748 4719 sub
1769 4657 1876 4737 impe·

531 4779 642 4832 ratore
658 4764 777 4831 Seltan
792 4766 955 4851 Seguedo
966 4778 1017 4831 ter
1033 4768 1165 4830 milleni
1178 4767 1437 4832 Damotensium
1454 4771 1489 4834 in
1506 4772 1601 4834 illius
1615 4767 1875 4834 *defensionem
1912 4779 1930 4829 l·
1947 4784 1988 4836 33·

531 4893 645 4947 essent
669 4882 850 4955 interfecti,
874 4886 1112 4965 superstitibus
1136 4883 1223 4945 nihil
1246 4886 1387 4966 gravius
1411 4884 1613 4960 iniunctum,
1634 4906 1740 4968 quarn
1757 4897 1796 4951 ut
1811 4897 1876 4949 ter·
2052 4926 2053 4971 ,

622 5144 663 5198 ri)
683 5134 749 5187 Act..
773 5132 811 5187 ih,
831 5149 856 5183 n.
876 5143 906 5191 3:
929 5145 938 5179 1
963 5134 1095 5187 Corinth„
1116 5141 1139 5190 7,
1160 5150 1185 5184 n.
1206 5146 1245 5193 19.
