4058 6178
609 576 725 625 trusa
748 575 787 635 11,
819 573 944 625 cneus
968 575 1009 624 11.
1410 563 1469 645 1⁶5

143 712 265 796 nasius,
288 723 355 787 hic.
371 725 472 787 vobis
493 721 572 787 fons
594 732 629 786 et
652 723 761 806 origo.
784 720 886 785 Hanc
901 731 1037 804 oportet
1051 724 1240 785 consectari
1258 730 1293 784 et
1308 721 1471 786 redolere.

142 838 242 912 Nam,
264 850 304 903 ut
328 842 418 904 bene
437 840 686 904 Tertullianus:
711 837 822 904 Omne
845 856 953 920 genus
976 837 1020 900 ad
1043 835 1211 920 originem
1233 856 1330 901 suam
1358 844 1472 899 cense-

142 966 193 1018 tur
207 955 264 1040 (r).
288 954 384 1038 Quid
405 957 505 1020 vobis
519 954 738 1019 Frumentius
752 955 887 1018 tradere
901 953 1053 1037 potuerit
1068 973 1170 1037 quam
1186 954 1278 1034 quod
1294 972 1387 1016 asuo
1403 972 1473 1015 ma·

141 1073 248 1154 gistro
271 1069 542 1155 accepit?de
565 1071 618 1134 illi
641 1071 803 1154 magister
826 1070 993 1134 instillare
1015 1088 1119 1152 quam
1142 1068 1234 1149 quod
1258 1069 1292 1131 in
1315 1067 1386 1131 suis
1400 1070 1474 1149 ipse

142 1186 237 1251 libris
260 1186 462 1270 profitetur?
485 1187 678 1251 Ecclesiam
710 1205 773 1269 per
801 1187 1072 1249 antonomasiam
1096 1183 1293 1247 Romanam
1323 1202 1416 1249 esse:
1441 1193 1475 1247 et

142 1305 338 1383 praesidem
360 1303 467 1385 ipsius
488 1302 705 1386 episcopum:
733 1303 831 1365 cuius
860 1302 1056 1365 convictum
1087 1299 1121 1363 in
1151 1298 1219 1362 fide
1249 1308 1284 1362 et
1315 1300 1475 1363 unionem

37 1466 43 1480 .
90 1444 117 1485 ,v.
142 1437 217 1481 cum
237 1419 350 1501 ipsius
364 1418 532 1491 Ecclesia,
547 1420 628 1492 suis,
648 1420 679 1481 si
694 1418 784 1481 salvi
798 1436 874 1481 esse
890 1417 1027 1489 *velint
1043 1414 1280 1479 affectandam.
1298 1414 1367 1477 Hic
1383 1416 1474 1478 enim

142 1527 259 1616 vigere
281 1536 398 1607 debet,
420 1537 513 1617 quod
536 1535 580 1598 ad
610 1535 813 1598 Dioscorum
842 1533 897 1596 his
927 1534 1042 1596 verbis
1065 1533 1184 1596 scribit
1213 1531 1361 1614 Magnus
1387 1531 1473 1594 Leo:

144 1645 228 1710 Cum
253 1647 470 1712 beatissrmus
490 1648 620 1712 Petrus
650 1649 869 1733 apostolicum
892 1670 914 1713 a
940 1648 1089 1713 Dorm'no
1114 1648 1277 1733 occeperit
1299 1646 1475 1733 prinm'pa·

143 1767 214 1827 turre
236 1768 272 1827 et
294 1763 454 1829 Romana
476 1764 625 1829 Ecclesia
647 1764 686 1827 in
708 1764 781 1829 eius
802 1769 1001 1849 permoneat
1023 1763 1202 1836 institutis,
1226 1763 1329 1851 nefas
1343 1766 1475 1827 estere·

142 1879 219 1941 dere
240 1880 335 1964 quod
352 1884 490 1944 sanctus
510 1879 699 1965 discipulus
721 1880 796 1944 eriis
810 1880 961 1955 Morcus,
976 1878 1328 1965 quiAlexendrinam
1338 1879 1476 1963 primus

142 1994 328 2059 Ecclesiam
346 1996 559 2082 gubernavit,
582 1996 664 2060 alcis
686 1997 816 2082 regulis
838 1996 1062 2061 traditionum
1090 2016 1233 2059 suarum
1263 1993 1392 2059 decreta
1405 1995 1476 2079 fir·

142 2111 295 2184 macerit,
324 2132 401 2175 cum
421 2113 496 2177 sirm
517 2112 616 2176 dnbio
638 2113 678 2176 de
700 2110 809 2177 codem
824 2111 930 2199 sonte
947 2112 1083 2199 gratioe
1098 2132 1192 2175 unns
1204 2109 1479 2198 spiritussuerrt

142 2223 305 2312 discipuli
324 2232 360 2292 et
380 2228 544 2315 magistri
561 2249 620 2292 nec
643 2226 744 2292 aliud
756 2228 936 2292 ordinatus
951 2229 1087 2292 tradere
1095 2227 1211 2313 potuit
1224 2247 1323 2311 quam
1339 2227 1427 2311 qccod
1439 2227 1478 2290 ab

143 2342 340 2408 ordinatore
360 2345 506 2430 uncepit
519 2344 573 2427 (2).
597 2344 683 2409 Cum
706 2347 812 2427 igitur
833 2344 992 2408 Ecclesia
1014 2343 1176 2409 Romana
1202 2364 1288 2409 unus
1318 2346 1476 2428 idemque

144 2457 246 2523 fuerit
269 2457 350 2523 fons
374 2461 533 2544 discipuli
560 2471 595 2525 et
625 2463 791 2543 magistri,
823 2463 912 2526 idest
942 2461 1125 2525 Athanasii
1155 2472 1191 2525 et
1220 2461 1419 2533 Frumentii,
1443 2472 1477 2525 et

142 2572 206 2636 iste
229 2574 289 2638 vel
312 2593 390 2638 cum
424 2575 535 2638 adhuc
570 2577 702 2640 invenis
732 2586 831 2647 esset,
855 2595 1014 2640 romanos
1035 2576 1268 2659 negotiatores
1301 2586 1477 2658 quaereret

143 2699 175 2751 et
199 2709 279 2752 cum
303 2691 347 2752 iis
363 2691 602 2754 conventicula
617 2710 758 2754 romano
774 2710 868 2755 more
883 2693 1072 2755 celebraret
1086 2692 1141 2773 (3),
1158 2690 1255 2755 nefas
1270 2702 1323 2755 est
1337 2693 1476 2754 credere

143 2805 237 2868 aliud
260 2806 364 2869 vobis
386 2808 521 2870 tradere
542 2808 696 2889 potuisse
716 2818 774 2871 aut
789 2807 950 2881 voluisse,
964 2828 1068 2889 quam
1083 2809 1175 2890 quod
1192 2807 1264 2890 ipse
1280 2828 1341 2870 sua
1356 2816 1477 2889 sponte

143 2917 325 2984 factitabat
348 2932 381 2985 et
404 2924 449 2985 ab
472 2923 663 3005 apostolico
685 2923 879 2986 ordinatore
902 2933 1106 3004 susceperat.
1365 2908 1371 2917 ’

234 3042 287 3101 28.
312 3036 556 3119 Apostolicum
579 3037 670 3101 enim
694 3037 801 3102 fuisse
823 3038 1052 3102 Athanasium
1071 3038 1247 3121 inscriptio
1263 3040 1370 3120 ipsius
1385 3037 1477 3122 frag·
1527 3044 1629 3130 'Dima
1655 3041 1827 3094 numnius

144 3155 270 3217 mentis
294 3155 331 3216 in
355 3153 555 3235 Haymanot
577 3154 706 3217 Abbau
737 3153 891 3236 praefixa
916 3154 1145 3236 depraedicat,
1175 3156 1254 3218 ideo
1284 3174 1367 3217 vero
1396 3173 1478 3236 apo·
1505 3118 1596 3167 dm
1613 3114 1776 3178 ‘mmm‘

143 3269 316 3342 stolicum,
340 3271 422 3352 quia
444 3271 553 3352 ipsius
574 3268 660 3334 fides
682 3272 716 3335 b.
739 3270 849 3334 Marci
879 3272 981 3353 primi
1012 3269 1272 3335 Alexandrinae
1295 3272 1478 3333 cathedrae

143 3385 309 3449 antistitis
332 3394 369 3448 et
391 3387 422 3448 b.
448 3386 540 3450 Petri
564 3387 661 3449 illam
684 3386 850 3470 erigentis
871 3384 950 3450 fidei
974 3389 1193 3470 congruebat.
1218 3386 1271 3449 De
1298 3386 1359 3449 illo
1385 3388 1478 3451 enim

143 3502 193 3563 sic
216 3502 267 3564 alt
291 3502 328 3564 in
351 3503 506 3565 oratione
529 3504 571 3565 de
594 3502 701 3583 ipsius
717 3503 875 3566 laudibus
891 3501 1140 3566 Nazianzenus:
1160 3503 1349 3587 Apostolice
1363 3504 1479 3587 etspi·

144 3616 325 3680 ritualiter
339 3616 387 3680 ad
398 3615 688 3682 Marcithronum
711 3616 925 3681 Athanasius
947 3616 1098 3681 evehatur
1113 3637 1181 3680 non
1203 3622 1274 3681 tam
1288 3617 1481 3702 priruarrae

143 3729 241 3805 sedis,
279 3751 384 3816 qaam
408 3731 550 3816 pietatis
579 3752 765 3805 successor,·
802 3753 887 3817 quae
916 3732 1050 3817 quidem
1075 3732 1216 3818 proprie
1244 3732 1402 3797 successio
1431 3738 1481 3796 est

143 3846 390 3912 existimanda.
420 3847 516 3912 Nam
547 3847 610 3932 qui
636 3849 783 3911 eamdem
798 3848 893 3932 fidei
911 3848 1097 3912 doctrinam
1115 3849 1310 3933 profitetur,
1333 3848 1479 3912 eusdem

143 3984 276 4048 quoquc
298 3963 419 4027 throni
433 3964 605 4050 particeps
626 3970 685 4035 est,
709 3964 770 4049 qui
785 3969 898 4028 autem
913 3962 1237 4048 contrariamfidem
1252 3964 1478 4048 amplectitur,

142 4078 368 4144 adversarius
390 4099 516 4164 quoque
538 4079 577 4143 in
601 4077 724 4145 throno
736 4079 866 4144 censeri
877 4078 1104 4163 debetAtqnc
1118 4078 1199 4141 haec
1213 4078 1344 4163 quidem
1359 4099 1479 4143 nomen
1541 4085 1621 4137 Fidei
1634 4098 1699 4134 ver·
1710 4093 1753 4135 eet
1764 4097 1828 4135 auc·

143 4194 205 4258 illa
227 4214 309 4259 vcro
332 4214 403 4259 rcm
426 4195 535 4280 ipsam
557 4201 592 4259 et
611 4194 788 4259 oerr'tatern
809 4195 908 4258 habet
924 4194 1092 4258 successio.
1108 4194 1229 4279 Neque
1241 4195 1332 4258 enim
1347 4193 1480 4279 qniper
1504 4158 1605 4210 ‘m'

143 4310 212 4374 orm
236 4309 386 4395 irrupit,
408 4331 572 4374 successor
594 4310 766 4375 habendus
787 4315 846 4386 cst,
869 4309 928 4374 scd
947 4310 1010 4396 qui
1021 4310 1134 4374 cadem
1140 4311 1218 4393 fide
1227 4311 1406 4396 praedr'tcas
1420 4315 1479 4385 cst,

118 4432 128 4451 ⁸
144 4426 222 4489 nesi
242 4425 323 4511 quis
330 4423 485 4512 fortasse
501 4427 552 4491 ita
566 4446 782 4491 successorem
797 4427 898 4499 dieat,
914 4426 1003 4490 siem
1016 4426 1165 4489 morbum
1184 4426 1331 4490 samsari
1342 4430 1377 4490 ct
1390 4430 1479 4490 tcne·

146 4541 225 4606 bras
247 4541 326 4606 luci
343 4546 379 4604 et
392 4546 619 4626 tempestatem
635 4541 888 4627 tranquillitati
898 4546 932 4605 et
945 4539 1145 4606 dementiam
1155 4542 1362 4627 prudentiae
1375 4562 1480 4605 succe·

145 4655 223 4721 dere
246 4656 404 4721 dutinus.
428 4655 477 4720 Ut
500 4658 634 4720 sincera
659 4655 745 4722 fides
770 4657 999 4721 Athanasium
1022 4657 1172 4720 reddidit
1198 4658 1424 4739 apostolicum
1447 4668 1482 4722 et

146 4773 240 4837 sedis
264 4772 301 4836 b.
323 4770 436 4835 Marci
458 4790 701 4845 successorem,
724 4773 773 4836 ita
795 4782 830 4836 et
852 4772 1087 4836 Frumentium
1110 4774 1220 4835 sancti
1242 4772 1429 4837 Athanasii
1448 4786 1483 4837 et

147 4887 303 4969 reliquos
338 4888 509 4951 antistites
538 4888 750 4970 aethiopicos
784 4888 856 4951 divi
880 4887 1068 4951 Frumentii
1090 4898 1276 4952 sectatores
1299 4889 1419 4952 reddet
1449 4899 1483 4951 et

237 5139 280 5203 (1)
301 5137 360 5189 Lib.
378 5138 483 5189 adona
502 5138 611 5195 haeret„
630 5152 688 5202 rap.
707 5149 732 5200 3.
751 5148 786 5174 '—
804 5136 843 5206 (2)
861 5138 949 5203 Epist.
964 5138 1006 5188 81.
1030 5146 1038 5173 ⁴-
1066 5134 1108 5205 (3)
1120 5139 1203 5204 Supra
1216 5137 1261 5190 lib,
1277 5149 1299 5196 1,
1312 5153 1369 5203 cnp.
1384 5145 1408 5198 5,
1422 5154 1449 5191 n.
1462 5152 1485 5200 4.
