<?xml version="1.0" encoding="UTF-8"?>
<!DOCTYPE html PUBLIC "-//W3C//DTD XHTML 1.0 Transitional//EN"
    "http://www.w3.org/TR/xhtml1/DTD/xhtml1-transitional.dtd">
<html xmlns="http://www.w3.org/1999/xhtml" xml:lang="en" lang="en">
 <head>
  <title>
</title>
<meta http-equiv="Content-Type" content="text/html;charset=utf-8" />
  <meta name='ocr-system' content='tesseract 3.04.00' />
  <meta name='ocr-capabilities' content='ocr_page ocr_carea ocr_par ocr_line ocrx_word'/>
</head>
<body>
  <div class='ocr_page' id='page_1' title='image "./rerumaethiopica00beccgoog_0255.png"; bbox 0 0 4058 6178; ppageno 0'>
   <div class='ocr_carea' id='block_1_1' title="bbox 557 583 1548 645">
    <p class='ocr_par' dir='ltr' id='par_1_1' title="bbox 557 583 1548 645">
     <span class='ocr_line' id='line_1_1' title="bbox 557 583 1548 645; baseline 0.004 -4"><span class='ocrx_word' id='word_1_1' title='bbox 557 583 617 642; x_wconf 80' lang='lat'>186</span> <span class='ocrx_word' id='word_1_2' title='bbox 886 593 1158 645; x_wconf 67' lang='lat' dir='ltr'>experimentis</span> <span class='ocrx_word' id='word_1_3' title='bbox 1180 593 1444 645; x_wconf 70' lang='lat' dir='ltr'>aamlortcss</span> <span class='ocrx_word' id='word_1_4' title='bbox 1467 593 1548 645; x_wconf 86' lang='lat' dir='ltr'>ETC.</span> 
     </span>
    </p>
   </div>
   <div class='ocr_carea' id='block_1_2' title="bbox 206 739 2007 5222">
    <p class='ocr_par' dir='ltr' id='par_1_2' title="bbox 241 739 1966 2330">
     <span class='ocr_line' id='line_1_2' title="bbox 555 739 1879 825; baseline 0.004 -23"><span class='ocrx_word' id='word_1_5' title='bbox 555 740 686 823; x_wconf 85' lang='lat' dir='ltr'>reliquo</span> <span class='ocrx_word' id='word_1_6' title='bbox 708 743 789 805; x_wconf 84' lang='lat' dir='ltr'>anni</span> <span class='ocrx_word' id='word_1_7' title='bbox 810 752 964 824; x_wconf 67' lang='lat' dir='ltr'>oernpore</span> <span class='ocrx_word' id='word_1_8' title='bbox 982 751 1067 825; x_wconf 63' lang='lat' dir='ltr'>pom</span> <span class='ocrx_word' id='word_1_9' title='bbox 1087 743 1207 805; x_wconf 81' lang='lat' dir='ltr'>boram</span> <span class='ocrx_word' id='word_1_10' title='bbox 1230 761 1356 805; x_wconf 76' lang='lat' dir='ltr'>nonam</span> <span class='ocrx_word' id='word_1_11' title='bbox 1378 743 1586 814; x_wconf 70' lang='lat' dir='ltr'>solveretur</span> <span class='ocrx_word' id='word_1_12' title='bbox 1605 760 1672 805; x_wconf 87' lang='lat' dir='ltr'>non</span> <span class='ocrx_word' id='word_1_13' title='bbox 1686 739 1879 822; x_wconf 71' lang='lat' dir='ltr'>infrequen-</span> 
     </span>
     <span class='ocr_line' id='line_1_3' title="bbox 554 856 1880 940; baseline -0.001 -20"><span class='ocrx_word' id='word_1_14' title='bbox 554 867 607 920; x_wconf 89' lang='lat' dir='ltr'>ter</span> <span class='ocrx_word' id='word_1_15' title='bbox 626 858 713 920; x_wconf 85' lang='lat' dir='ltr'>solis</span> <span class='ocrx_word' id='word_1_16' title='bbox 735 858 903 940; x_wconf 84' lang='lat' dir='ltr'>placentis</span> <span class='ocrx_word' id='word_1_17' title='bbox 923 856 1169 922; x_wconf 71' lang='lat' dir='ltr'>semiustulatis</span> <span class='ocrx_word' id='word_1_18' title='bbox 1189 868 1229 922; x_wconf 83' lang='lat' dir='ltr'>et</span> <span class='ocrx_word' id='word_1_19' title='bbox 1259 858 1409 921; x_wconf 70' lang='lat' dir='ltr'>lendbus</span> <span class='ocrx_word' id='word_1_20' title='bbox 1436 859 1574 922; x_wconf 68' lang='lat' dir='ltr'>modica</span> <span class='ocrx_word' id='word_1_21' title='bbox 1603 856 1672 920; x_wconf 85' lang='lat' dir='ltr'>olei</span> <span class='ocrx_word' id='word_1_22' title='bbox 1701 856 1880 939; x_wconf 71' lang='lat' dir='ltr'>aqrerg&#39;ue</span> 
     </span>
     <span class='ocr_line' id='line_1_4' title="bbox 556 969 1878 1056; baseline 0.005 -22"><span class='ocrx_word' id='word_1_23' title='bbox 556 974 716 1044; x_wconf 86' lang='lat' dir='ltr'>decoctis,</span> <span class='ocrx_word' id='word_1_24' title='bbox 748 974 850 1055; x_wconf 91' lang='lat' dir='ltr'>idque</span> <span class='ocrx_word' id='word_1_25' title='bbox 881 972 915 1036; x_wconf 91' lang='lat' dir='ltr'>in</span> <span class='ocrx_word' id='word_1_26' title='bbox 946 973 1022 1045; x_wconf 88' lang='lat' dir='ltr'>viis,</span> <span class='ocrx_word' id='word_1_27' title='bbox 1049 992 1134 1056; x_wconf 86' lang='lat' dir='ltr'>quas</span> <span class='ocrx_word' id='word_1_28' title='bbox 1164 974 1383 1055; x_wconf 79' lang='lat' dir='ltr'>longissimas</span> <span class='ocrx_word' id='word_1_29' title='bbox 1404 971 1564 1045; x_wconf 74' lang='lat' dir='ltr'>coniecit,</span> <span class='ocrx_word' id='word_1_30' title='bbox 1587 972 1649 1039; x_wconf 81' lang='lat' dir='ltr'>ille</span> <span class='ocrx_word' id='word_1_31' title='bbox 1671 969 1878 1054; x_wconf 62' lang='lat' dir='ltr'>mestraim,</span> 
     </span>
     <span class='ocr_line' id='line_1_5' title="bbox 554 1089 1879 1173; baseline -0.002 -23"><span class='ocrx_word' id='word_1_32' title='bbox 554 1106 622 1170; x_wconf 88' lang='lat' dir='ltr'>qua</span> <span class='ocrx_word' id='word_1_33' title='bbox 642 1106 705 1170; x_wconf 87' lang='lat' dir='ltr'>per</span> <span class='ocrx_word' id='word_1_34' title='bbox 725 1089 839 1152; x_wconf 82' lang='lat' dir='ltr'>inviae</span> <span class='ocrx_word' id='word_1_35' title='bbox 854 1100 895 1153; x_wconf 84' lang='lat' dir='ltr'>et</span> <span class='ocrx_word' id='word_1_36' title='bbox 916 1090 1114 1155; x_wconf 72' lang='lat' dir='ltr'>barbaricas</span> <span class='ocrx_word' id='word_1_37' title='bbox 1134 1091 1295 1173; x_wconf 78' lang='lat' dir='ltr'>regiones</span> <span class='ocrx_word' id='word_1_38' title='bbox 1318 1089 1353 1155; x_wconf 89' lang='lat' dir='ltr'>in</span> <span class='ocrx_word' id='word_1_39' title='bbox 1370 1089 1544 1171; x_wconf 75' lang='lat' dir='ltr'>Europam</span> <span class='ocrx_word' id='word_1_40' title='bbox 1565 1089 1741 1159; x_wconf 81' lang='lat' dir='ltr'>tendebat,</span> <span class='ocrx_word' id='word_1_41' title='bbox 1758 1089 1818 1151; x_wconf 87' lang='lat' dir='ltr'>ubi</span> <span class='ocrx_word' id='word_1_42' title='bbox 1834 1106 1879 1158; x_wconf 87' lang='lat' dir='ltr'>se,</span> 
     </span>
     <span class='ocr_line' id='line_1_6' title="bbox 554 1200 1879 1276; baseline 0.002 -10"><span class='ocrx_word' id='word_1_43' title='bbox 554 1205 641 1267; x_wconf 87' lang='lat' dir='ltr'>inter</span> <span class='ocrx_word' id='word_1_44' title='bbox 673 1202 945 1275; x_wconf 83' lang='lat' dir='ltr'>Mehometanos,</span> <span class='ocrx_word' id='word_1_45' title='bbox 969 1204 1089 1269; x_wconf 81' lang='lat' dir='ltr'>Galles</span> <span class='ocrx_word' id='word_1_46' title='bbox 1112 1217 1146 1268; x_wconf 89' lang='lat' dir='ltr'>et</span> <span class='ocrx_word' id='word_1_47' title='bbox 1170 1204 1336 1270; x_wconf 82' lang='lat' dir='ltr'>infinitam</span> <span class='ocrx_word' id='word_1_48' title='bbox 1356 1206 1441 1271; x_wconf 79' lang='lat' dir='ltr'>torti</span> <span class='ocrx_word' id='word_1_49' title='bbox 1464 1206 1569 1269; x_wconf 79' lang='lat' dir='ltr'>orinia</span> <span class='ocrx_word' id='word_1_50' title='bbox 1595 1205 1790 1276; x_wconf 64' lang='lat' dir='ltr'>colluviem,</span> <span class='ocrx_word' id='word_1_51' title='bbox 1812 1200 1879 1269; x_wconf 77' lang='lat' dir='ltr'>fer·</span> 
     </span>
     <span class='ocr_line' id='line_1_7' title="bbox 554 1320 1879 1404; baseline 0.001 -23"><span class='ocrx_word' id='word_1_52' title='bbox 554 1320 663 1382; x_wconf 85' lang='lat' dir='ltr'>micae</span> <span class='ocrx_word' id='word_1_53' title='bbox 686 1322 922 1402; x_wconf 74' lang='lat' dir='ltr'>componebat.</span> <span class='ocrx_word' id='word_1_54' title='bbox 944 1341 1032 1404; x_wconf 87' lang='lat' dir='ltr'>quae</span> <span class='ocrx_word' id='word_1_55' title='bbox 1055 1321 1090 1383; x_wconf 91' lang='lat' dir='ltr'>ln</span> <span class='ocrx_word' id='word_1_56' title='bbox 1121 1322 1235 1385; x_wconf 86' lang='lat' dir='ltr'>medio</span> <span class='ocrx_word' id='word_1_57' title='bbox 1264 1340 1387 1403; x_wconf 85' lang='lat' dir='ltr'>campo</span> <span class='ocrx_word' id='word_1_58' title='bbox 1416 1323 1483 1385; x_wconf 83' lang='lat' dir='ltr'>sita</span> <span class='ocrx_word' id='word_1_59' title='bbox 1510 1321 1757 1402; x_wconf 66' lang='lat' dir='ltr'>pemereum&#39;s</span> <span class='ocrx_word' id='word_1_60' title='bbox 1783 1337 1879 1383; x_wconf 76' lang='lat' dir='ltr'>eaer-</span> 
     </span>
     <span class='ocr_line' id='line_1_8' title="bbox 554 1436 1879 1519; baseline -0.002 -21"><span class='ocrx_word' id='word_1_61' title='bbox 554 1438 643 1498; x_wconf 90' lang='lat' dir='ltr'>citus</span> <span class='ocrx_word' id='word_1_62' title='bbox 662 1436 770 1518; x_wconf 86' lang='lat' dir='ltr'>pedes</span> <span class='ocrx_word' id='word_1_63' title='bbox 791 1447 827 1500; x_wconf 88' lang='lat' dir='ltr'>et</span> <span class='ocrx_word' id='word_1_64' title='bbox 850 1455 1013 1519; x_wconf 87' lang='lat' dir='ltr'>equorum</span> <span class='ocrx_word' id='word_1_65' title='bbox 1034 1438 1182 1519; x_wconf 74' lang='lat' dir='ltr'>lingulas</span> <span class='ocrx_word' id='word_1_66' title='bbox 1203 1436 1253 1501; x_wconf 87' lang='lat' dir='ltr'>nil</span> <span class='ocrx_word' id='word_1_67' title='bbox 1276 1448 1437 1509; x_wconf 87' lang='lat' dir='ltr'>moratur,</span> <span class='ocrx_word' id='word_1_68' title='bbox 1453 1437 1515 1500; x_wconf 77' lang='lat' dir='ltr'>sed</span> <span class='ocrx_word' id='word_1_69' title='bbox 1541 1436 1637 1518; x_wconf 83' lang='lat' dir='ltr'>operi</span> <span class='ocrx_word' id='word_1_70' title='bbox 1663 1456 1726 1498; x_wconf 87' lang='lat' dir='ltr'>suo</span> <span class='ocrx_word' id='word_1_71' title='bbox 1748 1436 1879 1499; x_wconf 82' lang='lat' dir='ltr'>intenta</span> 
     </span>
     <span class='ocr_line' id='line_1_9' title="bbox 555 1551 1878 1637; baseline 0 -23"><span class='ocrx_word' id='word_1_72' title='bbox 555 1570 689 1633; x_wconf 82' lang='lat' dir='ltr'>semper</span> <span class='ocrx_word' id='word_1_73' title='bbox 711 1552 853 1615; x_wconf 83' lang='lat' dir='ltr'>ulterius</span> <span class='ocrx_word' id='word_1_74' title='bbox 875 1552 1061 1624; x_wconf 82' lang='lat' dir='ltr'>contendit,</span> <span class='ocrx_word' id='word_1_75' title='bbox 1084 1562 1121 1617; x_wconf 86' lang='lat' dir='ltr'>et</span> <span class='ocrx_word' id='word_1_76' title='bbox 1143 1551 1262 1637; x_wconf 80' lang='lat' dir='ltr'>fruges</span> <span class='ocrx_word' id='word_1_77' title='bbox 1283 1572 1373 1617; x_wconf 84' lang='lat' dir='ltr'>nunc</span> <span class='ocrx_word' id='word_1_78' title='bbox 1397 1572 1466 1626; x_wconf 89' lang='lat' dir='ltr'>ore,</span> <span class='ocrx_word' id='word_1_79' title='bbox 1496 1572 1585 1617; x_wconf 88' lang='lat' dir='ltr'>nunc</span> <span class='ocrx_word' id='word_1_80' title='bbox 1611 1552 1796 1634; x_wconf 79' lang='lat' dir='ltr'>postremis</span> <span class='ocrx_word' id='word_1_81' title='bbox 1824 1568 1878 1632; x_wconf 85' lang='lat' dir='ltr'>pe·</span> 
     </span>
     <span class='ocr_line' id='line_1_10' title="bbox 553 1665 1879 1741; baseline 0.002 -12"><span class='ocrx_word' id='word_1_82' title='bbox 553 1667 655 1730; x_wconf 88' lang='lat' dir='ltr'>dibus</span> <span class='ocrx_word' id='word_1_83' title='bbox 677 1676 713 1731; x_wconf 85' lang='lat' dir='ltr'>et</span> <span class='ocrx_word' id='word_1_84' title='bbox 734 1669 885 1732; x_wconf 84' lang='lat' dir='ltr'>humeris</span> <span class='ocrx_word' id='word_1_85' title='bbox 907 1670 1038 1732; x_wconf 84' lang='lat' dir='ltr'>obnixa</span> <span class='ocrx_word' id='word_1_86' title='bbox 1060 1669 1209 1741; x_wconf 91' lang='lat' dir='ltr'>molitur,</span> <span class='ocrx_word' id='word_1_87' title='bbox 1229 1670 1342 1733; x_wconf 87' lang='lat' dir='ltr'>donec</span> <span class='ocrx_word' id='word_1_88' title='bbox 1366 1670 1490 1733; x_wconf 85' lang='lat' dir='ltr'>condat</span> <span class='ocrx_word' id='word_1_89' title='bbox 1519 1668 1555 1731; x_wconf 90' lang='lat' dir='ltr'>in</span> <span class='ocrx_word' id='word_1_90' title='bbox 1585 1667 1753 1733; x_wconf 72' lang='lat' dir='ltr'>hemeran.</span> <span class='ocrx_word' id='word_1_91' title='bbox 1784 1665 1879 1731; x_wconf 74' lang='lat' dir='ltr'>Haec</span> 
     </span>
     <span class='ocr_line' id='line_1_11' title="bbox 554 1782 1880 1867; baseline -0.002 -21"><span class='ocrx_word' id='word_1_92' title='bbox 554 1784 655 1865; x_wconf 82' lang='lat' dir='ltr'>plane</span> <span class='ocrx_word' id='word_1_93' title='bbox 678 1794 752 1847; x_wconf 87' lang='lat' dir='ltr'>tota</span> <span class='ocrx_word' id='word_1_94' title='bbox 774 1784 846 1847; x_wconf 89' lang='lat' dir='ltr'>vita</span> <span class='ocrx_word' id='word_1_95' title='bbox 870 1782 935 1847; x_wconf 89' lang='lat' dir='ltr'>fuit</span> <span class='ocrx_word' id='word_1_96' title='bbox 957 1805 991 1867; x_wconf 91' lang='lat' dir='ltr'>p.</span> <span class='ocrx_word' id='word_1_97' title='bbox 1013 1784 1160 1848; x_wconf 81' lang='lat' dir='ltr'>Antonii</span> <span class='ocrx_word' id='word_1_98' title='bbox 1180 1786 1354 1849; x_wconf 86' lang='lat' dir='ltr'>contentio</span> <span class='ocrx_word' id='word_1_99' title='bbox 1380 1794 1414 1849; x_wconf 90' lang='lat' dir='ltr'>et</span> <span class='ocrx_word' id='word_1_100' title='bbox 1444 1784 1620 1857; x_wconf 83' lang='lat' dir='ltr'>sedulitas,</span> <span class='ocrx_word' id='word_1_101' title='bbox 1647 1802 1831 1864; x_wconf 85' lang='lat' dir='ltr'>numquam</span> <span class='ocrx_word' id='word_1_102' title='bbox 1860 1801 1880 1843; x_wconf 89' lang='lat' dir='ltr'>a</span> 
     </span>
     <span class='ocr_line' id='line_1_12' title="bbox 553 1898 1966 1982; baseline 0.003 -21"><span class='ocrx_word' id='word_1_103' title='bbox 553 1910 711 1981; x_wconf 83' lang='lat' dir='ltr'>suscepto</span> <span class='ocrx_word' id='word_1_104' title='bbox 734 1898 858 1963; x_wconf 82' lang='lat' dir='ltr'>*semei</span> <span class='ocrx_word' id='word_1_105' title='bbox 881 1898 1100 1982; x_wconf 79' lang='lat' dir='ltr'>perfectionis</span> <span class='ocrx_word' id='word_1_106' title='bbox 1114 1903 1252 1964; x_wconf 76' lang='lat' dir='ltr'>tramite</span> <span class='ocrx_word' id='word_1_107' title='bbox 1274 1902 1447 1972; x_wconf 75' lang='lat' dir='ltr'>reoedena</span> <span class='ocrx_word' id='word_1_108' title='bbox 1470 1918 1534 1963; x_wconf 89' lang='lat' dir='ltr'>nec</span> <span class='ocrx_word' id='word_1_109' title='bbox 1555 1919 1672 1963; x_wconf 80' lang='lat' dir='ltr'>arcum</span> <span class='ocrx_word' id='word_1_110' title='bbox 1695 1898 1878 1965; x_wconf 87' lang='lat' dir='ltr'>remittens,</span> <span class='ocrx_word' id='word_1_111' title='bbox 1903 1905 1920 1957; x_wconf 81' lang='lat' dir='ltr'>t.</span> <span class='ocrx_word' id='word_1_112' title='bbox 1935 1917 1966 1965; x_wconf 81' lang='lat'>9⁰·</span> 
     </span>
     <span class='ocr_line' id='line_1_13' title="bbox 553 2013 1879 2087; baseline -0.002 -10"><span class='ocrx_word' id='word_1_113' title='bbox 553 2016 614 2078; x_wconf 86' lang='lat' dir='ltr'>sed</span> <span class='ocrx_word' id='word_1_114' title='bbox 638 2015 745 2087; x_wconf 87' lang='lat' dir='ltr'>illurn,</span> <span class='ocrx_word' id='word_1_115' title='bbox 770 2025 807 2078; x_wconf 90' lang='lat' dir='ltr'>ut</span> <span class='ocrx_word' id='word_1_116' title='bbox 830 2017 865 2078; x_wconf 92' lang='lat' dir='ltr'>in</span> <span class='ocrx_word' id='word_1_117' title='bbox 888 2013 956 2079; x_wconf 88' lang='lat' dir='ltr'>fine</span> <span class='ocrx_word' id='word_1_118' title='bbox 978 2017 1161 2080; x_wconf 87' lang='lat' dir='ltr'>celeriores</span> <span class='ocrx_word' id='word_1_119' title='bbox 1182 2017 1294 2081; x_wconf 87' lang='lat' dir='ltr'>solent</span> <span class='ocrx_word' id='word_1_120' title='bbox 1313 2036 1388 2080; x_wconf 87' lang='lat' dir='ltr'>esse</span> <span class='ocrx_word' id='word_1_121' title='bbox 1410 2026 1534 2087; x_wconf 83' lang='lat' dir='ltr'>motus,</span> <span class='ocrx_word' id='word_1_122' title='bbox 1557 2015 1602 2079; x_wconf 90' lang='lat' dir='ltr'>ad</span> <span class='ocrx_word' id='word_1_123' title='bbox 1617 2026 1789 2078; x_wconf 76' lang='lat' dir='ltr'>senectam</span> <span class='ocrx_word' id='word_1_124' title='bbox 1810 2031 1879 2075; x_wconf 80' lang='lat' dir='ltr'>aur·</span> 
     </span>
     <span class='ocr_line' id='line_1_14' title="bbox 553 2129 854 2211; baseline 0.007 -19"><span class='ocrx_word' id='word_1_125' title='bbox 553 2129 644 2211; x_wconf 90' lang='lat' dir='ltr'>plius</span> <span class='ocrx_word' id='word_1_126' title='bbox 666 2131 854 2194; x_wconf 89' lang='lat' dir='ltr'>intendens.</span> 
     </span>
     <span class='ocr_line' id='line_1_15' title="bbox 241 2244 1879 2330; baseline 0.005 -31"><span class='ocrx_word' id='word_1_127' title='bbox 241 2249 528 2301; x_wconf 60' lang='lat' dir='ltr'>eadmundum</span> <span class='ocrx_word' id='word_1_128' title='bbox 647 2266 695 2323; x_wconf 90' lang='lat'>14.</span> <span class='ocrx_word' id='word_1_129' title='bbox 720 2246 809 2310; x_wconf 85' lang='lat' dir='ltr'>Nam</span> <span class='ocrx_word' id='word_1_130' title='bbox 831 2259 910 2330; x_wconf 91' lang='lat' dir='ltr'>post</span> <span class='ocrx_word' id='word_1_131' title='bbox 931 2249 1074 2311; x_wconf 78' lang='lat' dir='ltr'>exilitun</span> <span class='ocrx_word' id='word_1_132' title='bbox 1098 2250 1279 2313; x_wconf 75' lang='lat' dir='ltr'>coelestem</span> <span class='ocrx_word' id='word_1_133' title='bbox 1295 2251 1403 2312; x_wconf 84' lang='lat' dir='ltr'>vitam</span> <span class='ocrx_word' id='word_1_134' title='bbox 1418 2248 1454 2310; x_wconf 92' lang='lat' dir='ltr'>in</span> <span class='ocrx_word' id='word_1_135' title='bbox 1470 2245 1590 2313; x_wconf 82' lang='lat' dir='ltr'>Goano</span> <span class='ocrx_word' id='word_1_136' title='bbox 1606 2245 1791 2311; x_wconf 82' lang='lat' dir='ltr'>Societatis&#39;</span> <span class='ocrx_word' id='word_1_137' title='bbox 1805 2244 1879 2309; x_wconf 86' lang='lat' dir='ltr'>lesu</span> 
     </span>
    </p>

    <p class='ocr_par' dir='ltr' id='par_1_3' title="bbox 206 2321 2007 5359">
     <span class='ocr_line' id='line_1_16' title="bbox 206 2321 1879 2446; baseline 0 -24"><span class='ocrx_word' id='word_1_138' title='bbox 206 2323 241 2371; x_wconf 55' lang='grc' dir='ltr'>’δ</span> <span class='ocrx_word' id='word_1_139' title='bbox 260 2321 313 2372; x_wconf 65' lang='lat'><strong>¹¹¹⁰</strong></span> <span class='ocrx_word' id='word_1_140' title='bbox 329 2332 400 2374; x_wconf 53' lang='grc' dir='ltr'>’ω’</span> <span class='ocrx_word' id='word_1_141' title='bbox 553 2361 703 2443; x_wconf 84' lang='lat' dir='ltr'>collegio</span> <span class='ocrx_word' id='word_1_142' title='bbox 714 2362 901 2444; x_wconf 84' lang='lat' dir='ltr'>spiritualis</span> <span class='ocrx_word' id='word_1_143' title='bbox 923 2364 1017 2427; x_wconf 91' lang='lat' dir='ltr'>illius</span> <span class='ocrx_word' id='word_1_144' title='bbox 1039 2361 1233 2445; x_wconf 70' lang='lat' dir='ltr'>praefectus</span> <span class='ocrx_word' id='word_1_145' title='bbox 1256 2383 1317 2446; x_wconf 90' lang='lat' dir='ltr'>per</span> <span class='ocrx_word' id='word_1_146' title='bbox 1335 2384 1443 2427; x_wconf 90' lang='lat' dir='ltr'>annos</span> <span class='ocrx_word' id='word_1_147' title='bbox 1467 2373 1601 2446; x_wconf 81' lang='lat' dir='ltr'>septem</span> <span class='ocrx_word' id='word_1_148' title='bbox 1627 2362 1776 2444; x_wconf 79' lang='lat' dir='ltr'>agitavit</span> <span class='ocrx_word' id='word_1_149' title='bbox 1801 2380 1879 2423; x_wconf 82' lang='lat' dir='ltr'>exa·</span> 
     </span>
     <span class='ocr_line' id='line_1_17' title="bbox 552 2476 1879 2562; baseline 0 -24"><span class='ocrx_word' id='word_1_150' title='bbox 552 2476 743 2539; x_wconf 86' lang='lat' dir='ltr'>ctissimum</span> <span class='ocrx_word' id='word_1_151' title='bbox 766 2479 928 2541; x_wconf 84' lang='lat' dir='ltr'>virtutum</span> <span class='ocrx_word' id='word_1_152' title='bbox 951 2478 1102 2542; x_wconf 88' lang='lat' dir='ltr'>omnium</span> <span class='ocrx_word' id='word_1_153' title='bbox 1126 2480 1313 2562; x_wconf 80' lang='lat' dir='ltr'>exemplar.</span> <span class='ocrx_word' id='word_1_154' title='bbox 1337 2479 1466 2543; x_wconf 88' lang='lat' dir='ltr'>Potens</span> <span class='ocrx_word' id='word_1_155' title='bbox 1487 2490 1561 2543; x_wconf 90' lang='lat' dir='ltr'>erat</span> <span class='ocrx_word' id='word_1_156' title='bbox 1577 2480 1612 2541; x_wconf 89' lang='lat' dir='ltr'>ln</span> <span class='ocrx_word' id='word_1_157' title='bbox 1629 2497 1733 2560; x_wconf 87' lang='lat' dir='ltr'>opere</span> <span class='ocrx_word' id='word_1_158' title='bbox 1755 2488 1792 2540; x_wconf 91' lang='lat' dir='ltr'>et</span> <span class='ocrx_word' id='word_1_159' title='bbox 1813 2495 1879 2539; x_wconf 88' lang='lat' dir='ltr'>ser·</span> 
     </span>
     <span class='ocr_line' id='line_1_18' title="bbox 554 2593 1879 2678; baseline 0.001 -25"><span class='ocrx_word' id='word_1_160' title='bbox 554 2611 663 2663; x_wconf 86' lang='lat' dir='ltr'>mone,</span> <span class='ocrx_word' id='word_1_161' title='bbox 686 2594 830 2675; x_wconf 82' lang='lat' dir='ltr'>privatis</span> <span class='ocrx_word' id='word_1_162' title='bbox 852 2596 1034 2678; x_wconf 78' lang='lat' dir='ltr'>colloquiis</span> <span class='ocrx_word' id='word_1_163' title='bbox 1056 2607 1091 2659; x_wconf 91' lang='lat' dir='ltr'>et</span> <span class='ocrx_word' id='word_1_164' title='bbox 1114 2596 1272 2677; x_wconf 89' lang='lat' dir='ltr'>publicis,</span> <span class='ocrx_word' id='word_1_165' title='bbox 1299 2596 1334 2658; x_wconf 90' lang='lat' dir='ltr'>in</span> <span class='ocrx_word' id='word_1_166' title='bbox 1357 2596 1486 2659; x_wconf 86' lang='lat' dir='ltr'>sacello</span> <span class='ocrx_word' id='word_1_167' title='bbox 1504 2593 1800 2658; x_wconf 70' lang='lat' dir='ltr'>cohortationibus</span> <span class='ocrx_word' id='word_1_168' title='bbox 1823 2593 1879 2654; x_wconf 88' lang='lat' dir='ltr'>do·</span> 
     </span>
     <span class='ocr_line' id='line_1_19' title="bbox 554 2708 1879 2792; baseline 0.002 -23"><span class='ocrx_word' id='word_1_169' title='bbox 554 2709 713 2772; x_wconf 85' lang='lat' dir='ltr'>mesticos</span> <span class='ocrx_word' id='word_1_170' title='bbox 736 2710 780 2772; x_wconf 88' lang='lat' dir='ltr'>ad</span> <span class='ocrx_word' id='word_1_171' title='bbox 811 2712 972 2792; x_wconf 88' lang='lat' dir='ltr'>pietatem</span> <span class='ocrx_word' id='word_1_172' title='bbox 1004 2708 1228 2775; x_wconf 82' lang='lat' dir='ltr'>inflammans.</span> <span class='ocrx_word' id='word_1_173' title='bbox 1260 2711 1400 2774; x_wconf 77' lang='lat' dir='ltr'>Nullam</span> <span class='ocrx_word' id='word_1_174' title='bbox 1429 2711 1570 2773; x_wconf 86' lang='lat' dir='ltr'>omnino</span> <span class='ocrx_word' id='word_1_175' title='bbox 1599 2710 1692 2772; x_wconf 90' lang='lat' dir='ltr'>diem</span> <span class='ocrx_word' id='word_1_176' title='bbox 1722 2728 1879 2791; x_wconf 87' lang='lat' dir='ltr'>umquam</span> 
     </span>
     <span class='ocr_line' id='line_1_20' title="bbox 551 2825 1880 2908; baseline 0.001 -22"><span class='ocrx_word' id='word_1_177' title='bbox 551 2826 753 2888; x_wconf 78' lang='lat' dir='ltr'>recreationi</span> <span class='ocrx_word' id='word_1_178' title='bbox 776 2826 937 2908; x_wconf 88' lang='lat' dir='ltr'>seposuit,</span> <span class='ocrx_word' id='word_1_179' title='bbox 962 2846 1024 2889; x_wconf 89' lang='lat' dir='ltr'>nec</span> <span class='ocrx_word' id='word_1_180' title='bbox 1047 2847 1126 2890; x_wconf 88' lang='lat' dir='ltr'>curn</span> <span class='ocrx_word' id='word_1_181' title='bbox 1148 2828 1227 2890; x_wconf 85' lang='lat' dir='ltr'>aliis</span> <span class='ocrx_word' id='word_1_182' title='bbox 1260 2829 1304 2891; x_wconf 90' lang='lat' dir='ltr'>ad</span> <span class='ocrx_word' id='word_1_183' title='bbox 1337 2827 1457 2890; x_wconf 86' lang='lat' dir='ltr'>villam</span> <span class='ocrx_word' id='word_1_184' title='bbox 1482 2825 1620 2889; x_wconf 87' lang='lat' dir='ltr'>levandi</span> <span class='ocrx_word' id='word_1_185' title='bbox 1645 2826 1770 2907; x_wconf 82' lang='lat' dir='ltr'>capitis</span> <span class='ocrx_word' id='word_1_186' title='bbox 1800 2842 1880 2907; x_wconf 82' lang='lat' dir='ltr'>ergo</span> 
     </span>
     <span class='ocr_line' id='line_1_21' title="bbox 551 2941 1880 3025; baseline -0.001 -23"><span class='ocrx_word' id='word_1_187' title='bbox 551 2942 713 3020; x_wconf 83' lang='lat' dir='ltr'>perrexit.</span> <span class='ocrx_word' id='word_1_188' title='bbox 729 2941 989 3005; x_wconf 88' lang='lat' dir='ltr'>Audiendarum</span> <span class='ocrx_word' id='word_1_189' title='bbox 1004 2944 1183 3025; x_wconf 91' lang='lat' dir='ltr'>intemplo</span> <span class='ocrx_word' id='word_1_190' title='bbox 1198 2941 1452 3007; x_wconf 80' lang='lat' dir='ltr'>confessionum</span> <span class='ocrx_word' id='word_1_191' title='bbox 1466 2942 1669 3006; x_wconf 80' lang='lat' dir='ltr'>subsellium</span> <span class='ocrx_word' id='word_1_192' title='bbox 1685 2941 1880 3004; x_wconf 81' lang='lat' dir='ltr'>domesticis</span> 
     </span>
     <span class='ocr_line' id='line_1_22' title="bbox 550 3057 1879 3142; baseline 0 -25"><span class='ocrx_word' id='word_1_193' title='bbox 550 3057 830 3138; x_wconf 76' lang='lat' dir='ltr'>occupationibus</span> <span class='ocrx_word' id='word_1_194' title='bbox 864 3060 1110 3140; x_wconf 76' lang='lat' dir='ltr'>interponebat,</span> <span class='ocrx_word' id='word_1_195' title='bbox 1145 3061 1232 3123; x_wconf 90' lang='lat' dir='ltr'>adeo</span> <span class='ocrx_word' id='word_1_196' title='bbox 1254 3062 1289 3122; x_wconf 93' lang='lat' dir='ltr'>in</span> <span class='ocrx_word' id='word_1_197' title='bbox 1321 3059 1554 3142; x_wconf 84' lang='lat' dir='ltr'>spiritualibus</span> <span class='ocrx_word' id='word_1_198' title='bbox 1577 3058 1879 3121; x_wconf 84' lang='lat' dir='ltr'>exercitationibus</span> 
     </span>
     <span class='ocr_line' id='line_1_23' title="bbox 552 3168 1880 3259; baseline -0.001 -25"><span class='ocrx_word' id='word_1_199' title='bbox 552 3183 705 3245; x_wconf 86' lang='lat' dir='ltr'>exactus,</span> <span class='ocrx_word' id='word_1_200' title='bbox 734 3185 770 3236; x_wconf 93' lang='lat' dir='ltr'>ut</span> <span class='ocrx_word' id='word_1_201' title='bbox 792 3194 868 3238; x_wconf 89' lang='lat' dir='ltr'>cum</span> <span class='ocrx_word' id='word_1_202' title='bbox 897 3176 932 3238; x_wconf 92' lang='lat' dir='ltr'>in</span> <span class='ocrx_word' id='word_1_203' title='bbox 962 3194 1119 3257; x_wconf 86' lang='lat' dir='ltr'>suprema</span> <span class='ocrx_word' id='word_1_204' title='bbox 1143 3177 1357 3259; x_wconf 83' lang='lat' dir='ltr'>aegritudine</span> <span class='ocrx_word' id='word_1_205' title='bbox 1387 3196 1407 3238; x_wconf 91' lang='lat' dir='ltr'>a</span> <span class='ocrx_word' id='word_1_206' title='bbox 1437 3174 1690 3237; x_wconf 83' lang='lat' dir='ltr'>valetudinario</span> <span class='ocrx_word' id='word_1_207' title='bbox 1721 3172 1766 3234; x_wconf 89' lang='lat' dir='ltr'>ad</span> <span class='ocrx_word' id='word_1_208' title='bbox 1795 3168 1880 3235; x_wconf 75' lang='lat' dir='ltr'>refe</span> 
     </span>
     <span class='ocr_line' id='line_1_24' title="bbox 553 3288 1880 3372; baseline -0.002 -21"><span class='ocrx_word' id='word_1_209' title='bbox 553 3288 699 3352; x_wconf 89' lang='lat' dir='ltr'>ctionem</span> <span class='ocrx_word' id='word_1_210' title='bbox 723 3292 920 3353; x_wconf 86' lang='lat' dir='ltr'>sumendam</span> <span class='ocrx_word' id='word_1_211' title='bbox 945 3302 1132 3372; x_wconf 82' lang='lat' dir='ltr'>urgeretur,</span> <span class='ocrx_word' id='word_1_212' title='bbox 1158 3293 1314 3354; x_wconf 89' lang='lat' dir='ltr'>eumdem</span> <span class='ocrx_word' id='word_1_213' title='bbox 1346 3290 1390 3353; x_wconf 93' lang='lat' dir='ltr'>sit</span> <span class='ocrx_word' id='word_1_214' title='bbox 1421 3291 1623 3371; x_wconf 88' lang='lat' dir='ltr'>deprecatus</span> <span class='ocrx_word' id='word_1_215' title='bbox 1645 3301 1683 3350; x_wconf 93' lang='lat' dir='ltr'>ut</span> <span class='ocrx_word' id='word_1_216' title='bbox 1707 3288 1880 3370; x_wconf 87' lang='lat' dir='ltr'>paululum</span> 
     </span>
     <span class='ocr_line' id='line_1_25' title="bbox 552 3403 1880 3477; baseline 0.005 -11"><span class='ocrx_word' id='word_1_217' title='bbox 552 3406 696 3477; x_wconf 87' lang='lat' dir='ltr'>sisteret,</span> <span class='ocrx_word' id='word_1_218' title='bbox 723 3406 832 3469; x_wconf 87' lang='lat' dir='ltr'>donec</span> <span class='ocrx_word' id='word_1_219' title='bbox 862 3426 1008 3469; x_wconf 81' lang='lat' dir='ltr'>examen</span> <span class='ocrx_word' id='word_1_220' title='bbox 1039 3409 1269 3469; x_wconf 88' lang='lat' dir='ltr'>conscientiae</span> <span class='ocrx_word' id='word_1_221' title='bbox 1299 3407 1502 3476; x_wconf 85' lang='lat' dir='ltr'>absolveret,</span> <span class='ocrx_word' id='word_1_222' title='bbox 1535 3423 1614 3467; x_wconf 86' lang='lat' dir='ltr'>nam</span> <span class='ocrx_word' id='word_1_223' title='bbox 1643 3404 1753 3476; x_wconf 88' lang='lat' dir='ltr'>illam,</span> <span class='ocrx_word' id='word_1_224' title='bbox 1783 3403 1880 3471; x_wconf 82' lang='lat' dir='ltr'>dixit.</span> 
     </span>
     <span class='ocr_line' id='line_1_26' title="bbox 553 3517 1879 3605; baseline -0.002 -23"><span class='ocrx_word' id='word_1_225' title='bbox 553 3530 625 3583; x_wconf 92' lang='lat' dir='ltr'>toto</span> <span class='ocrx_word' id='word_1_226' title='bbox 656 3523 748 3585; x_wconf 90' lang='lat' dir='ltr'>vitae</span> <span class='ocrx_word' id='word_1_227' title='bbox 777 3523 890 3604; x_wconf 83' lang='lat' dir='ltr'>spatio</span> <span class='ocrx_word' id='word_1_228' title='bbox 920 3523 974 3584; x_wconf 89' lang='lat' dir='ltr'>bis</span> <span class='ocrx_word' id='word_1_229' title='bbox 1004 3523 1149 3605; x_wconf 81' lang='lat' dir='ltr'>singulis</span> <span class='ocrx_word' id='word_1_230' title='bbox 1179 3523 1299 3586; x_wconf 87' lang='lat' dir='ltr'>diebus</span> <span class='ocrx_word' id='word_1_231' title='bbox 1329 3531 1408 3584; x_wconf 87' lang='lat' dir='ltr'>ante</span> <span class='ocrx_word' id='word_1_232' title='bbox 1436 3518 1617 3601; x_wconf 88' lang='lat' dir='ltr'>prandium</span> <span class='ocrx_word' id='word_1_233' title='bbox 1649 3529 1686 3589; x_wconf 83' lang='lat' dir='ltr'>et</span> <span class='ocrx_word' id='word_1_234' title='bbox 1720 3517 1879 3585; x_wconf 89' lang='lat' dir='ltr'>cubitum,</span> 
     </span>
     <span class='ocr_line' id='line_1_27' title="bbox 552 3633 1880 3721; baseline 0.001 -21"><span class='ocrx_word' id='word_1_235' title='bbox 552 3640 672 3701; x_wconf 88' lang='lat' dir='ltr'>everri.</span> <span class='ocrx_word' id='word_1_236' title='bbox 696 3637 753 3699; x_wconf 85' lang='lat' dir='ltr'>De&#39;</span> <span class='ocrx_word' id='word_1_237' title='bbox 773 3638 885 3700; x_wconf 88' lang='lat' dir='ltr'>media</span> <span class='ocrx_word' id='word_1_238' title='bbox 907 3647 1007 3701; x_wconf 85' lang='lat' dir='ltr'>nocte</span> <span class='ocrx_word' id='word_1_239' title='bbox 1038 3656 1181 3721; x_wconf 76' lang='lat' dir='ltr'>surgens</span> <span class='ocrx_word' id='word_1_240' title='bbox 1210 3638 1295 3700; x_wconf 86' lang='lat' dir='ltr'>duas</span> <span class='ocrx_word' id='word_1_241' title='bbox 1319 3637 1495 3700; x_wconf 89' lang='lat' dir='ltr'>minimum</span> <span class='ocrx_word' id='word_1_242' title='bbox 1518 3634 1621 3699; x_wconf 82' lang='lat' dir='ltr'>hores</span> <span class='ocrx_word' id='word_1_243' title='bbox 1643 3634 1679 3695; x_wconf 95' lang='lat' dir='ltr'>in</span> <span class='ocrx_word' id='word_1_244' title='bbox 1692 3633 1880 3701; x_wconf 72' lang='lat' dir='ltr'>fenestella</span> 
     </span>
     <span class='ocr_line' id='line_1_28' title="bbox 553 3750 1881 3835; baseline 0.003 -20"><span class='ocrx_word' id='word_1_245' title='bbox 553 3772 668 3816; x_wconf 88' lang='lat' dir='ltr'>sacrae</span> <span class='ocrx_word' id='word_1_246' title='bbox 702 3752 938 3817; x_wconf 83' lang='lat' dir='ltr'>Eucharistiae</span> <span class='ocrx_word' id='word_1_247' title='bbox 971 3755 1139 3835; x_wconf 82' lang='lat' dir='ltr'>proxima,</span> <span class='ocrx_word' id='word_1_248' title='bbox 1172 3754 1301 3816; x_wconf 87' lang='lat' dir='ltr'>orando</span> <span class='ocrx_word' id='word_1_249' title='bbox 1331 3754 1554 3834; x_wconf 76' lang='lat' dir='ltr'>transigebat,</span> <span class='ocrx_word' id='word_1_250' title='bbox 1586 3760 1622 3813; x_wconf 88' lang='lat' dir='ltr'>et</span> <span class='ocrx_word' id='word_1_251' title='bbox 1649 3771 1693 3814; x_wconf 89' lang='lat' dir='ltr'>ne</span> <span class='ocrx_word' id='word_1_252' title='bbox 1717 3772 1737 3813; x_wconf 83' lang='lat' dir='ltr'>a</span> <span class='ocrx_word' id='word_1_253' title='bbox 1770 3750 1881 3819; x_wconf 63' lang='lat' dir='ltr'>sociis,</span> 
     </span>
     <span class='ocr_line' id='line_1_29' title="bbox 553 3867 1882 3951; baseline -0.002 -21"><span class='ocrx_word' id='word_1_254' title='bbox 553 3869 661 3949; x_wconf 88' lang='lat' dir='ltr'>ipsam</span> <span class='ocrx_word' id='word_1_255' title='bbox 686 3868 779 3930; x_wconf 90' lang='lat' dir='ltr'>illico</span> <span class='ocrx_word' id='word_1_256' title='bbox 803 3869 860 3931; x_wconf 90' lang='lat' dir='ltr'>ubi</span> <span class='ocrx_word' id='word_1_257' title='bbox 887 3878 1030 3932; x_wconf 88' lang='lat' dir='ltr'>stratum</span> <span class='ocrx_word' id='word_1_258' title='bbox 1060 3871 1297 3951; x_wconf 88' lang='lat' dir='ltr'>relinquerent,</span> <span class='ocrx_word' id='word_1_259' title='bbox 1329 3869 1516 3932; x_wconf 89' lang='lat' dir='ltr'>visitaturis</span> <span class='ocrx_word' id='word_1_260' title='bbox 1546 3878 1753 3937; x_wconf 87' lang='lat' dir='ltr'>cerneretur,</span> <span class='ocrx_word' id='word_1_261' title='bbox 1785 3867 1882 3930; x_wconf 89' lang='lat' dir='ltr'>citius</span> 
     </span>
     <span class='ocr_line' id='line_1_30' title="bbox 552 3978 1883 4066; baseline -0.002 -22"><span class='ocrx_word' id='word_1_262' title='bbox 552 4003 649 4046; x_wconf 86' lang='lat' dir='ltr'>suum</span> <span class='ocrx_word' id='word_1_263' title='bbox 673 4003 710 4046; x_wconf 87' lang='lat' dir='ltr'>se</span> <span class='ocrx_word' id='word_1_264' title='bbox 733 3985 768 4045; x_wconf 88' lang='lat' dir='ltr'>in</span> <span class='ocrx_word' id='word_1_265' title='bbox 791 3978 985 4046; x_wconf 88' lang='lat' dir='ltr'>cubiculum</span> <span class='ocrx_word' id='word_1_266' title='bbox 1008 3985 1239 4055; x_wconf 82' lang='lat' dir='ltr'>subtrahebat,</span> <span class='ocrx_word' id='word_1_267' title='bbox 1264 3986 1390 4066; x_wconf 90' lang='lat' dir='ltr'>inquo</span> <span class='ocrx_word' id='word_1_268' title='bbox 1413 3984 1521 4048; x_wconf 89' lang='lat' dir='ltr'>sicin</span> <span class='ocrx_word' id='word_1_269' title='bbox 1545 3984 1771 4048; x_wconf 83' lang='lat' dir='ltr'>meditatione</span> <span class='ocrx_word' id='word_1_270' title='bbox 1794 3981 1883 4066; x_wconf 82' lang='lat' dir='ltr'>ignis</span> 
     </span>
     <span class='ocr_line' id='line_1_31' title="bbox 553 4098 1882 4181; baseline -0.001 -21"><span class='ocrx_word' id='word_1_271' title='bbox 553 4099 788 4162; x_wconf 89' lang='lat' dir='ltr'>inardescebat</span> <span class='ocrx_word' id='word_1_272' title='bbox 811 4110 847 4161; x_wconf 92' lang='lat' dir='ltr'>ut</span> <span class='ocrx_word' id='word_1_273' title='bbox 870 4119 1023 4163; x_wconf 87' lang='lat' dir='ltr'>summae</span> <span class='ocrx_word' id='word_1_274' title='bbox 1045 4098 1125 4163; x_wconf 90' lang='lat' dir='ltr'>fidei</span> <span class='ocrx_word' id='word_1_275' title='bbox 1148 4101 1246 4163; x_wconf 89' lang='lat' dir='ltr'>testis</span> <span class='ocrx_word' id='word_1_276' title='bbox 1269 4099 1424 4171; x_wconf 86' lang='lat' dir='ltr'>affirmet,</span> <span class='ocrx_word' id='word_1_277' title='bbox 1448 4119 1496 4171; x_wconf 88' lang='lat' dir='ltr'>se,</span> <span class='ocrx_word' id='word_1_278' title='bbox 1509 4119 1588 4162; x_wconf 89' lang='lat' dir='ltr'>cum</span> <span class='ocrx_word' id='word_1_279' title='bbox 1613 4099 1725 4181; x_wconf 89' lang='lat' dir='ltr'>ipsum</span> <span class='ocrx_word' id='word_1_280' title='bbox 1744 4115 1882 4179; x_wconf 85' lang='lat' dir='ltr'>quaerc-</span> 
     </span>
     <span class='ocr_line' id='line_1_32' title="bbox 552 4192 2007 4297; baseline -0.001 -21"><span class='ocrx_word' id='word_1_281' title='bbox 552 4224 603 4277; x_wconf 88' lang='lat' dir='ltr'>ret</span> <span class='ocrx_word' id='word_1_282' title='bbox 626 4224 659 4277; x_wconf 90' lang='lat' dir='ltr'>et</span> <span class='ocrx_word' id='word_1_283' title='bbox 681 4224 734 4277; x_wconf 90' lang='lat' dir='ltr'>ter</span> <span class='ocrx_word' id='word_1_284' title='bbox 755 4216 811 4276; x_wconf 93' lang='lat' dir='ltr'>vel</span> <span class='ocrx_word' id='word_1_285' title='bbox 834 4225 978 4296; x_wconf 88' lang='lat' dir='ltr'>quatuor</span> <span class='ocrx_word' id='word_1_286' title='bbox 1001 4213 1094 4278; x_wconf 88' lang='lat' dir='ltr'>fores</span> <span class='ocrx_word' id='word_1_287' title='bbox 1115 4216 1283 4297; x_wconf 84' lang='lat' dir='ltr'>pulsasset</span> <span class='ocrx_word' id='word_1_288' title='bbox 1307 4226 1341 4279; x_wconf 92' lang='lat' dir='ltr'>et</span> <span class='ocrx_word' id='word_1_289' title='bbox 1364 4217 1508 4279; x_wconf 89' lang='lat' dir='ltr'>adeum</span> <span class='ocrx_word' id='word_1_290' title='bbox 1532 4216 1618 4278; x_wconf 88' lang='lat' dir='ltr'>alibi</span> <span class='ocrx_word' id='word_1_291' title='bbox 1643 4214 1882 4296; x_wconf 79' lang='lat' dir='ltr'>vestigandum</span> <span class='ocrx_word' id='word_1_292' title='bbox 2006 4192 2007 4245; x_wconf 57' lang='lat'><em>³</em></span> 
     </span>
     <span class='ocr_line' id='line_1_33' title="bbox 552 4327 1884 4415; baseline 0.001 -24"><span class='ocrx_word' id='word_1_293' title='bbox 552 4327 679 4392; x_wconf 86' lang='lat' dir='ltr'>frustra</span> <span class='ocrx_word' id='word_1_294' title='bbox 700 4332 883 4413; x_wconf 84' lang='lat' dir='ltr'>vestigium</span> <span class='ocrx_word' id='word_1_295' title='bbox 907 4333 1071 4403; x_wconf 87' lang='lat' dir='ltr'>torsisset,</span> <span class='ocrx_word' id='word_1_296' title='bbox 1084 4331 1126 4393; x_wconf 90' lang='lat' dir='ltr'>ad</span> <span class='ocrx_word' id='word_1_297' title='bbox 1150 4333 1287 4395; x_wconf 86' lang='lat' dir='ltr'>easdem</span> <span class='ocrx_word' id='word_1_298' title='bbox 1311 4333 1433 4394; x_wconf 87' lang='lat' dir='ltr'>iterum</span> <span class='ocrx_word' id='word_1_299' title='bbox 1444 4348 1648 4415; x_wconf 67' lang='lat' dir='ltr'>regi-emm,</span> <span class='ocrx_word' id='word_1_300' title='bbox 1668 4332 1800 4412; x_wconf 82' lang='lat' dir='ltr'>absque</span> <span class='ocrx_word' id='word_1_301' title='bbox 1815 4328 1884 4393; x_wconf 81' lang='lat' dir='ltr'>ulta</span> 
     </span>
     <span class='ocr_line' id='line_1_34' title="bbox 552 4442 1883 4527; baseline -0.001 -21"><span class='ocrx_word' id='word_1_302' title='bbox 552 4445 755 4525; x_wconf 87' lang='lat' dir='ltr'>pulsatione,</span> <span class='ocrx_word' id='word_1_303' title='bbox 779 4445 823 4507; x_wconf 89' lang='lat' dir='ltr'>de</span> <span class='ocrx_word' id='word_1_304' title='bbox 846 4456 984 4527; x_wconf 88' lang='lat' dir='ltr'>repente</span> <span class='ocrx_word' id='word_1_305' title='bbox 1007 4446 1191 4526; x_wconf 84' lang='lat' dir='ltr'>aperuisse,</span> <span class='ocrx_word' id='word_1_306' title='bbox 1215 4465 1361 4526; x_wconf 88' lang='lat' dir='ltr'>eumque</span> <span class='ocrx_word' id='word_1_307' title='bbox 1384 4465 1405 4508; x_wconf 89' lang='lat' dir='ltr'>a</span> <span class='ocrx_word' id='word_1_308' title='bbox 1428 4466 1465 4509; x_wconf 90' lang='lat' dir='ltr'>se</span> <span class='ocrx_word' id='word_1_309' title='bbox 1489 4447 1665 4511; x_wconf 86' lang='lat' dir='ltr'>inventurn</span> <span class='ocrx_word' id='word_1_310' title='bbox 1689 4446 1778 4508; x_wconf 89' lang='lat' dir='ltr'>duos</span> <span class='ocrx_word' id='word_1_311' title='bbox 1793 4442 1883 4508; x_wconf 84' lang='lat' dir='ltr'>cubi·</span> 
     </span>
     <span class='ocr_line' id='line_1_35' title="bbox 553 4558 1883 4643; baseline 0.002 -23"><span class='ocrx_word' id='word_1_312' title='bbox 553 4571 606 4621; x_wconf 92' lang='lat' dir='ltr'>tos</span> <span class='ocrx_word' id='word_1_313' title='bbox 629 4579 650 4620; x_wconf 85' lang='lat' dir='ltr'>a</span> <span class='ocrx_word' id='word_1_314' title='bbox 672 4558 868 4641; x_wconf 86' lang='lat' dir='ltr'>pavimento</span> <span class='ocrx_word' id='word_1_315' title='bbox 894 4561 1074 4623; x_wconf 83' lang='lat' dir='ltr'>elevatum.</span> <span class='ocrx_word' id='word_1_316' title='bbox 1107 4560 1207 4642; x_wconf 83' lang='lat' dir='ltr'>Quod</span> <span class='ocrx_word' id='word_1_317' title='bbox 1239 4561 1318 4633; x_wconf 89' lang='lat' dir='ltr'>illis,</span> <span class='ocrx_word' id='word_1_318' title='bbox 1349 4563 1407 4643; x_wconf 88' lang='lat' dir='ltr'>qui</span> <span class='ocrx_word' id='word_1_319' title='bbox 1438 4580 1516 4624; x_wconf 89' lang='lat' dir='ltr'>eum</span> <span class='ocrx_word' id='word_1_320' title='bbox 1547 4571 1739 4632; x_wconf 87' lang='lat' dir='ltr'>noscerent,</span> <span class='ocrx_word' id='word_1_321' title='bbox 1762 4560 1883 4623; x_wconf 84' lang='lat' dir='ltr'>mirum</span> 
     </span>
     <span class='ocr_line' id='line_1_36' title="bbox 552 4675 1885 4758; baseline 0.002 -23"><span class='ocrx_word' id='word_1_322' title='bbox 552 4693 620 4737; x_wconf 92' lang='lat' dir='ltr'>non</span> <span class='ocrx_word' id='word_1_323' title='bbox 643 4686 695 4736; x_wconf 90' lang='lat' dir='ltr'>est</span> <span class='ocrx_word' id='word_1_324' title='bbox 719 4675 844 4748; x_wconf 87' lang='lat' dir='ltr'>visum;</span> <span class='ocrx_word' id='word_1_325' title='bbox 868 4676 961 4739; x_wconf 89' lang='lat' dir='ltr'>illius</span> <span class='ocrx_word' id='word_1_326' title='bbox 983 4677 1074 4739; x_wconf 90' lang='lat' dir='ltr'>enim</span> <span class='ocrx_word' id='word_1_327' title='bbox 1095 4676 1237 4758; x_wconf 88' lang='lat' dir='ltr'>spiritus</span> <span class='ocrx_word' id='word_1_328' title='bbox 1256 4679 1341 4739; x_wconf 88' lang='lat' dir='ltr'>adeo</span> <span class='ocrx_word' id='word_1_329' title='bbox 1357 4677 1543 4740; x_wconf 87' lang='lat' dir='ltr'>vehemens</span> <span class='ocrx_word' id='word_1_330' title='bbox 1558 4686 1642 4749; x_wconf 88' lang='lat' dir='ltr'>erat,</span> <span class='ocrx_word' id='word_1_331' title='bbox 1658 4694 1786 4758; x_wconf 88' lang='lat' dir='ltr'>corpus</span> <span class='ocrx_word' id='word_1_332' title='bbox 1804 4692 1885 4737; x_wconf 81' lang='lat' dir='ltr'>vero</span> 
     </span>
     <span class='ocr_line' id='line_1_37' title="bbox 552 4726 2006 4907; baseline 0.003 -58"><span class='ocrx_word' id='word_1_333' title='bbox 552 4789 597 4850; x_wconf 94' lang='lat' dir='ltr'>ob</span> <span class='ocrx_word' id='word_1_334' title='bbox 620 4789 792 4850; x_wconf 85' lang='lat' dir='ltr'>assiduam</span> <span class='ocrx_word' id='word_1_335' title='bbox 816 4793 1079 4853; x_wconf 88' lang='lat' dir='ltr'>macerationem</span> <span class='ocrx_word' id='word_1_336' title='bbox 1107 4792 1193 4854; x_wconf 90' lang='lat' dir='ltr'>adeo</span> <span class='ocrx_word' id='word_1_337' title='bbox 1219 4801 1441 4856; x_wconf 83' lang='lat' dir='ltr'>extenuatum</span> <span class='ocrx_word' id='word_1_338' title='bbox 1472 4803 1508 4855; x_wconf 93' lang='lat' dir='ltr'>ut</span> <span class='ocrx_word' id='word_1_339' title='bbox 1540 4793 1575 4856; x_wconf 88' lang='lat' dir='ltr'>in</span> <span class='ocrx_word' id='word_1_340' title='bbox 1605 4793 1753 4874; x_wconf 90' lang='lat' dir='ltr'>proclivi</span> <span class='ocrx_word' id='word_1_341' title='bbox 1784 4790 1885 4855; x_wconf 82' lang='lat' dir='ltr'>fuerit</span> <span class='ocrx_word' id='word_1_342' title='bbox 2003 4726 2006 4907; x_wconf 55' lang='grc' dir='ltr'>Ι</span> 
     </span>
     <span class='ocr_line' id='line_1_38' title="bbox 552 4903 2005 4990; baseline 0.004 -26"><span class='ocrx_word' id='word_1_343' title='bbox 552 4903 642 4965; x_wconf 91' lang='lat' dir='ltr'>istud</span> <span class='ocrx_word' id='word_1_344' title='bbox 666 4904 709 4966; x_wconf 86' lang='lat' dir='ltr'>ab</span> <span class='ocrx_word' id='word_1_345' title='bbox 733 4904 793 4965; x_wconf 87' lang='lat' dir='ltr'>illo</span> <span class='ocrx_word' id='word_1_346' title='bbox 817 4905 850 4966; x_wconf 93' lang='lat' dir='ltr'>in</span> <span class='ocrx_word' id='word_1_347' title='bbox 874 4906 1018 4969; x_wconf 87' lang='lat' dir='ltr'>sublime</span> <span class='ocrx_word' id='word_1_348' title='bbox 1033 4909 1170 4989; x_wconf 84' lang='lat' dir='ltr'>raptari.</span> <span class='ocrx_word' id='word_1_349' title='bbox 1185 4908 1240 4971; x_wconf 88' lang='lat' dir='ltr'>Eo</span> <span class='ocrx_word' id='word_1_350' title='bbox 1255 4907 1357 4972; x_wconf 86' lang='lat' dir='ltr'>etiam</span> <span class='ocrx_word' id='word_1_351' title='bbox 1373 4918 1612 4990; x_wconf 86' lang='lat' dir='ltr'>temporeque</span> <span class='ocrx_word' id='word_1_352' title='bbox 1628 4910 1663 4971; x_wconf 86' lang='lat' dir='ltr'>in</span> <span class='ocrx_word' id='word_1_353' title='bbox 1679 4910 1773 4972; x_wconf 83' lang='lat' dir='ltr'>viam</span> <span class='ocrx_word' id='word_1_354' title='bbox 1789 4908 1883 4971; x_wconf 84' lang='lat' dir='ltr'>illum</span> <span class='ocrx_word' id='word_1_355' title='bbox 2003 4920 2005 4979; x_wconf 73' lang='lat' dir='ltr'>t</span> 
     </span>
     <span class='ocr_line' id='line_1_39' title="bbox 554 5018 1884 5106; baseline 0.006 -28"><span class='ocrx_word' id='word_1_356' title='bbox 554 5018 776 5100; x_wconf 82' lang='lat' dir='ltr'>longinquam</span> <span class='ocrx_word' id='word_1_357' title='bbox 792 5039 829 5081; x_wconf 87' lang='lat' dir='ltr'>se</span> <span class='ocrx_word' id='word_1_358' title='bbox 845 5021 949 5093; x_wconf 89' lang='lat' dir='ltr'>dedit,</span> <span class='ocrx_word' id='word_1_359' title='bbox 967 5023 1011 5083; x_wconf 86' lang='lat' dir='ltr'>ad</span> <span class='ocrx_word' id='word_1_360' title='bbox 1027 5021 1251 5103; x_wconf 86' lang='lat' dir='ltr'>profluentem</span> <span class='ocrx_word' id='word_1_361' title='bbox 1274 5026 1379 5097; x_wconf 86' lang='lat' dir='ltr'>venit,</span> <span class='ocrx_word' id='word_1_362' title='bbox 1403 5025 1462 5106; x_wconf 88' lang='lat' dir='ltr'>qui</span> <span class='ocrx_word' id='word_1_363' title='bbox 1489 5025 1604 5088; x_wconf 82' lang='lat' dir='ltr'>nando</span> <span class='ocrx_word' id='word_1_364' title='bbox 1631 5034 1763 5088; x_wconf 87' lang='lat' dir='ltr'>tantum</span> <span class='ocrx_word' id='word_1_365' title='bbox 1790 5034 1884 5106; x_wconf 84' lang='lat' dir='ltr'>pote·</span> 
     </span>
     <span class='ocr_line' id='line_1_40' title="bbox 552 5136 1884 5222; baseline 0.007 -28"><span class='ocrx_word' id='word_1_366' title='bbox 552 5143 605 5195; x_wconf 86' lang='lat' dir='ltr'>rat</span> <span class='ocrx_word' id='word_1_367' title='bbox 633 5136 804 5215; x_wconf 82' lang='lat' dir='ltr'>superari3</span> <span class='ocrx_word' id='word_1_368' title='bbox 828 5137 889 5198; x_wconf 88' lang='lat' dir='ltr'>sed</span> <span class='ocrx_word' id='word_1_369' title='bbox 915 5137 1054 5199; x_wconf 88' lang='lat' dir='ltr'>natandi</span> <span class='ocrx_word' id='word_1_370' title='bbox 1079 5139 1151 5220; x_wconf 87' lang='lat' dir='ltr'>ipse</span> <span class='ocrx_word' id='word_1_371' title='bbox 1175 5139 1315 5221; x_wconf 75' lang='lat' dir='ltr'>ignauus</span> <span class='ocrx_word' id='word_1_372' title='bbox 1338 5142 1374 5203; x_wconf 90' lang='lat' dir='ltr'>in</span> <span class='ocrx_word' id='word_1_373' title='bbox 1397 5141 1549 5204; x_wconf 88' lang='lat' dir='ltr'>citeriori</span> <span class='ocrx_word' id='word_1_374' title='bbox 1572 5140 1649 5222; x_wconf 87' lang='lat' dir='ltr'>ripa</span> <span class='ocrx_word' id='word_1_375' title='bbox 1675 5159 1755 5205; x_wconf 91' lang='lat' dir='ltr'>cum</span> <span class='ocrx_word' id='word_1_376' title='bbox 1782 5138 1884 5203; x_wconf 82' lang='lat' dir='ltr'>vesti·</span> 
     </span>
    </p>
   </div>
   <div class='ocr_carea' id='block_1_3' title="bbox 0 0 2034 6178">
    <p class='ocr_par' dir='ltr' id='par_1_4' title="bbox 0 0 2034 6178">
     <span class='ocr_line' id='line_1_41' title="bbox 0 0 2034 6178; baseline 0 0"><span class='ocrx_word' id='word_1_377' title='bbox 0 0 2034 6178; x_wconf 95' lang='lat' dir='ltr'> </span> 
     </span>
    </p>
   </div>
  </div>
 </body>
</html>
