4058 6178
533 562 593 636 158
864 573 1137 625 EXPEDITIONIS
1160 574 1422 637 AETHIOPICAE
1445 576 1527 628 ETC.

527 731 657 783 tantum
682 722 909 804 compingam.
926 719 1031 785 Anno
1054 723 1174 787 salutis
1191 742 1251 801 342
1270 722 1399 787 Paulus
1413 743 1455 787 ea
1470 723 1636 787 cathedra
1654 725 1699 786 ab
1717 723 1858 785 Arianis

528 836 689 907 deiectus,
713 836 758 901 ad
780 836 898 907 divum
921 835 1045 903 Iulium
1069 837 1279 913 Romanum,
1302 858 1322 901 a
1346 839 1445 907 vobis
1475 839 1604 915 dictum
1623 837 1799 911 Abdidit,
1822 848 1857 900 et

528 970 618 1014 anno
642 970 705 1030 404
729 953 830 1015 divus
845 951 992 1016 Ioannes
1010 951 1275 1036 Chrysostomus
1297 975 1318 1018 a
1340 953 1534 1036 Theophilo
1559 954 1800 1018 Alexandrino
1823 962 1857 1016 et

528 1068 606 1130 aliis
620 1063 810 1150 epi*scopis
831 1069 867 1131 in
890 1065 1045 1133 Concilio
1064 1072 1282 1155 congregatis
1300 1070 1350 1135 ad
1369 1069 1609 1143 Innocentium
1631 1070 1857 1155 appellarunt.
1892 1080 1909 1130 t.
1930 1088 1963 1137 ῃ.

529 1182 749 1247 Innocentius
771 1202 854 1246 vero
874 1184 972 1249 nulla
986 1204 1091 1267 opera
1105 1187 1217 1251 evinci
1233 1187 1343 1268 potuit
1359 1194 1397 1248 ut
1410 1184 1857 1267 Assacium.Chrysostomo

529 1309 562 1363 et
586 1298 740 1362 Atticum
765 1300 877 1383 (quem
900 1301 1016 1366 dicitis
1045 1298 1176 1384 Atifos)
1205 1300 1356 1373 Arsacio
1384 1303 1617 1385 subrogatum,
1649 1321 1691 1364 eo
1721 1299 1858 1363 vivente

529 1413 744 1481 confirmaret
766 1425 801 1479 et
823 1415 1007 1481 Arsacium
1030 1426 1108 1499 post
1131 1418 1238 1501 ipsius
1261 1427 1405 1483 mortem
1420 1437 1511 1485 anno
1526 1436 1589 1497 407
1612 1416 1858 1487 exauctoravit.

529 1531 687 1595 Atticum
709 1550 792 1596 vero
815 1532 964 1605 admisit,
986 1542 1179 1615 postquam,
1201 1532 1352 1599 demisso
1367 1531 1492 1605 animo,
1506 1533 1680 1614 impositis
1694 1530 1859 1595 conditio·

530 1647 629 1711 nibus
652 1649 910 1729 obtemperavit.
935 1647 1131 1713 Nestorium
1154 1647 1378 1722 Caelestinus,
1401 1660 1435 1713 et
1458 1649 1566 1733 ipsiius
1588 1667 1666 1715 cum
1682 1648 1786 1731 plena
1799 1665 1859 1729 pu

530 1772 656 1827 testate
689 1763 838 1829 vicarius
868 1761 1019 1846 Cyrillus
1055 1762 1324 1837 Alexandrinus,
1355 1764 1572 1833 anathemate
1603 1781 1799 1849 percussum
1828 1771 1863 1823 et

530 1878 692 1943 cathedra
718 1889 860 1942 exutum
889 1899 979 1947 anno
1010 1899 1086 1959 431,
1117 1881 1154 1953 in
1183 1880 1327 1947 exilium
1358 1880 1605 1963 compulerunt.
1629 1878 1715 1944 Cum
1737 1877 1861 1941 Proclo

532 1996 644 2077 (vobis
665 2004 719 2058 est
745 1993 905 2059 Heraclis
926 2005 963 2059 et
986 1994 1161 2078 Abraelis)
1182 2005 1264 2081 post
1284 1997 1425 2081 longam
1448 1994 1733 2079 disceptationem
1750 1993 1861 2057 indul·

530 2121 651 2195 genter
673 2130 711 2174 se
734 2111 852 2175 habuit
875 2108 996 2174 Sistus
1019 2110 1073 2175 ΠΙ
1096 2120 1132 2174 ut
1154 2131 1244 2176 anno
1268 2133 1333 2193 434
1349 2132 1369 2175 a
1384 2110 1510 2194 Cysico
1529 2112 1650 2177 minori
1672 2111 1862 2181 Μῶα-εσυ·

530 2237 583 2289 tra
616 2245 785 2293 canonum
819 2228 966 2298 decreta,
1001 2223 1336 2309 Constantinopolim
1368 2224 1617 2293 translerretur.
1655 2223 1860 2289 Flavianum

531 2332 683 2407 eiusdem
709 2342 803 2407 sedis
825 2341 1014 2409 antistitem
1036 2361 1058 2405 a
1078 2341 1250 2409 Dioscoro
1272 2352 1308 2408 et
1336 2343 1518 2411 latrocinio
1547 2340 1726 2424 Ephesino
1755 2340 1860 2421 depo·

530 2460 643 2533 situm,
667 2478 694 2522 s.
717 2458 789 2522 Leo
811 2458 960 2543 Magnus
982 2460 1094 2525 eidem
1117 2478 1207 2527 anno
1231 2479 1296 2539 449
1317 2456 1509 2525 redonavit.
1532 2456 1573 2523 In
1596 2454 1694 2521 cuius
1713 2456 1758 2523 ab
1781 2456 1863 2517 hee·

530 2576 645 2639 reticis
660 2575 764 2639 occisi
787 2576 899 2638 locum
923 2595 945 2639 a
966 2575 1250 2658 pseudo-synodo
1272 2575 1439 2643 innusum
1454 2573 1660 2639 Anatolium
1683 2591 1773 2639 anno
1799 2589 1864 2651 450

532 2690 642 2754 noluit
664 2688 874 2762 confirmare,
906 2692 971 2755 nisi
993 2692 1089 2774 prius
1112 2702 1205 2757 certa
1238 2688 1331 2761 fidei,
1361 2688 1532 2761 Dioscoro
1557 2689 1732 2761 damnato,
1760 2688 1865 2750 docu-

532 2816 647 2869 menta
669 2806 900 2888 praebuisset;
923 2807 1141 2889 ablatamque
1164 2808 1240 2889 ipso
1260 2807 1298 2871 in
1333 2803 1445 2869 officio
1467 2804 1667 2871 dormitanti
1702 2804 1866 2867 vicariam

532 2920 713 2987 Romanae
735 2922 828 2985 sedis
850 2917 1102 3003 praefecturam
1118 2920 1252 2987 Iuliano
1268 2917 1394 2987 Coensi
1409 2921 1676 3005 vigilantissimo
1701 2920 1866 3000 episcopo

532 3036 770 3111 demandavit;
794 3038 874 3120 quia
907 3038 955 3119 (ut
984 3036 1044 3120 ait)
1079 3038 1114 3100 in
1145 3034 1523 3121 Cmasmeopostano
1553 3033 1739 3099 munus
1771 3033 1870 3120 νίζον

533 3170 601 3215 non
623 3156 787 3216 essetnec
810 3151 957 3215 multum
979 3156 1043 3215 aut
1058 3158 1125 3237 pro
1145 3155 1356 3218 sacramur
1375 3150 1499 3217 saluto
1519 3150 1690 3219 summae
1718 3154 1783 3215 aad
1801 3155 1868 3235 pro

533 3287 597 3331 sica
619 3272 705 3333 assat
725 3266 975 3332 existimesne
995 3266 1162 3332 sollr'citus
1185 3267 1239 3351 (ι).

223 3391 419 3442 Producuntur
451 3386 509 3439 all·
628 3386 678 3447 16.
700 3382 844 3456 Acacio,
867 3384 926 3466 qui
941 3383 1069 3449 Zenoni
1085 3384 1281 3465 imperatori
1296 3382 1539 3465 Euthychiano
1554 3393 1675 3447 auctor
1686 3379 1753 3447 fuit
1771 3379 1870 3462 impii

187 3462 324 3537 exempla.
535 3497 697 3563 Henotici
720 3499 961 3584 promulgandi
984 3509 1020 3562 et
1040 3500 1213 3563 antistites
1235 3497 1492 3565 Antiochenum
1522 3507 1557 3561 et
1587 3496 1869 3579 Alexandrinum

535 3617 607 3679 suis
621 3616 761 3679 sedibus
783 3616 957 3699 exigendi,
979 3625 1016 3679 ut
1040 3634 1185 3679 vacuum
1201 3614 1382 3681 haereticis
1403 3614 1628 3681 immittendo
1647 3614 1760 3679 locum
1777 3609 1870 3675 face·

535 3741 596 3803 ret,
621 3750 710 3795 anno
733 3735 797 3809 484
821 3731 1055 3795 vadimonium
1078 3732 1205 3797 indixit
1226 3729 1330 3795 Felix
1352 3729 1417 3793 III.
1441 3729 1533 3796 Illud
1556 3738 1671 3795 umen
1690 3747 1774 3812 prae
1789 3748 1872 3792 con·

536 3848 684 3913 tumacia
704 3847 901 3920 deserentis,
925 3858 959 3910 et
982 3850 1017 3909 in
1040 3867 1082 3915 ea
1108 3847 1315 3918 decedentis,
1340 3865 1463 3913 nomen
1489 3856 1568 3929 post
1596 3865 1707 3915 annos
1737 3846 1872 3927 almuot

536 3962 723 4026 Hormisda
746 3983 766 4025 a
788 3964 895 4027 sacris
917 3963 1044 4026 tabulis
1073 3963 1187 4027 erasit.
1218 3961 1422 4046 Euphemio,
1448 3963 1512 4044 qui
1541 3961 1651 4027 multa
1681 3960 1873 4025 laudabilia

535 4088 698 4163 gesserat,
714 4079 760 4142 ob
779 4088 950 4153 retentum
965 4097 1089 4141 nomen
1108 4077 1231 4149 Aeacii
1247 4078 1348 4142 divus
1363 4074 1522 4143 Gelasius
1535 4097 1628 4143 anno
1642 4095 1705 4155 49²
1719 4095 1873 4140 commu-

535 4193 672 4257 nionem
696 4194 891 4277 denegavit.
914 4191 1034 4257 Ioanni
1057 4202 1171 4256 tamen
1195 4193 1241 4257 ob
1263 4192 1351 4257 illud
1373 4192 1536 4266 deletum,
1559 4193 1618 4259 ulti
1641 4195 1678 4257 in
1701 4189 1873 4257 Constan-

537 4309 799 4391 tinopolitanam
822 4308 1019 4372 cathedram
1042 4318 1094 4371 est
1116 4317 1266 4379 evectus,
1283 4328 1373 4372 anno
1390 4326 1453 4388 519
1469 4308 1567 4373 illam
1582 4306 1773 4373 Hormisda
1790 4327 1875 4389 -pro-

538 4423 613 4488 fuse
636 4426 813 4496 concessit,
837 4434 871 4487 et
893 4423 1124 4505 Epiphanium
1147 4425 1256 4506 ipsius
1277 4442 1521 4496 successorem,
1539 4441 1623 4487 suae
1639 4422 1824 4487 electionis
1839 4434 1875 4486 et

538 4538 763 4603 confessionis
786 4537 967 4603 formulam
990 4540 1094 4603 adse
1117 4541 1252 4604 mittere
1275 4549 1501 4613 cunctantem,
1514 4557 1604 4603 anno
1629 4556 1695 4617 6²0
1717 4556 1779 4620 per
1800 4537 1876 4621 epi·

538 4657 662 4718 stolam
686 4656 904 4718 extimulavit
927 4666 971 4727 et,
995 4665 1177 4737 postquam
1200 4655 1304 4727 misit,
1320 4675 1399 4719 suas
1414 4655 1544 4718 eisdem
1559 4655 1654 4717 vices
1678 4655 1713 4717 in
1729 4651 1876 4733 Oriente

538 4770 721 4853 delegavit.
745 4768 855 4851 Quem
878 4779 955 4833 cute
977 4779 1076 4833 tenus
1099 4768 1190 4853 (nam
1213 4772 1304 4839 intus
1326 4770 1544 4854 Eutychiana
1565 4770 1690 4852 vulpes
1712 4772 1799 4852 erat)
1823 4790 1878 4835 se·

539 4895 636 4949 cutus
659 4893 711 4947 est
734 4882 929 4955 Anthimus,
953 4886 1011 4967 qui
1034 4886 1129 4966 prius
1151 4887 1186 4948 in
1210 4887 1360 4969 speciem
1383 4884 1664 4955 Chalcedonense
1688 4880 1877 4949 concilium

627 5135 664 5194 (ι)
682 5132 767 5196 Epist.
786 5129 829 5195 56,
847 5132 914 5180 alins
932 5130 974 5183 60.
