4166 6182
562 600 693 650 XXVIII
1096 602 1358 653 INTRODUCTlO

558 749 753 834 rationem,
792 775 813 822 e
852 764 941 824 voto
979 776 1052 824 non
1092 751 1283 837 successit,
1321 767 1483 826 attamen
1524 751 1666 825 litteras
1694 766 1800 847 pater
1827 751 1888 823 ille

557 881 664 956 dedit
691 883 739 955 ad
768 884 807 956 S.
835 882 1180 979 Congregationem
1211 885 1346 980 quibus
1374 910 1456 958 eam
1477 910 1609 958 causas
1633 884 1888 958 insectationis

556 1040 648 1112 erga
676 1017 832 1090 lesuitas
861 1018 897 1090 in
930 1018 1132 1113 Aethiopia
1161 1020 1321 1092 docebat
1346 1018 1447 1092 iuxta
1470 1044 1515 1092 ea
1534 1043 1630 1114 quae
1650 1020 1698 1092 ab
1717 1017 1813 1090 irato
1832 1043 1888 1090 ae·

556 1149 684 1245 thiope
706 1165 914 1246 acceperat.
938 1151 977 1223 ld
999 1152 1100 1246 quod
1122 1154 1236 1225 latere
1257 1153 1509 1226 Patriarcham
1530 1178 1604 1225 non
1624 1150 1746 1248 potuit
1768 1176 1886 1246 neque

555 1285 788 1379 subsequens
816 1285 1006 1357 decretum
1026 1285 1065 1358 S.
1087 1284 1414 1381 Congregationis,
1435 1287 1537 1381 quod
1556 1283 1800 1358 relationibus
1825 1309 1885 1379 po

554 1414 740 1489 tissimum
770 1415 888 1511 patris
914 1417 959 1494 fr.
999 1417 1257 1491 Emmanuelis
1293 1419 1341 1490 ab
1378 1417 1611 1492 Ascensione
1648 1415 1884 1490 innitebatur.

555 1546 792 1644 Quapropter
811 1549 1060 1624 narrationem
1081 1576 1187 1624 suam
1207 1550 1398 1624 concludit
1417 1550 1476 1623 his
1496 1549 1638 1623 verbis:
1675 1547 1782 1639 «Qui
1804 1547 1885 1620 finis

553 1681 622 1754 fuit
651 1681 759 1756 huius
787 1683 965 1780 egregiae
996 1684 1197 1778 legationis
1223 1699 1261 1758 et
1289 1698 1510 1757 structarum
1539 1685 1719 1756 adversus
1746 1681 1884 1755 aethio·

555 1814 677 1910 picam
706 1815 923 1891 missionem
954 1817 1237 1890 calumniarum.
1267 1818 1321 1891 Ut
1349 1815 1436 1890 hinc
1457 1816 1581 1889 norint
1599 1814 1883 1889 eminentissimi

552 1948 771 2023 Cardinales
799 1951 1071 2047 Propagandae
1100 1950 1205 2023 Fidei
1236 1948 1439 2046 praepositi
1469 1974 1582 2045 quam
1602 1951 1701 2023 lente
1720 1965 1757 2022 et
1778 1963 1884 2021 caute

553 2083 714 2155 debeant
742 2082 779 2154 in
810 2082 988 2156 similium
1016 2083 1242 2157 fabricamm
1272 2082 1444 2157 examine
1472 2098 1510 2157 et
1537 2082 1730 2156 auditione
1758 2106 1883 2179 proce

529 2268 533 2277 ·
552 2215 686 2289 dere».
707 2216 846 2312 Erped.
862 2218 980 2301 Aera,
998 2217 1059 2290 lib.
1077 2217 1137 2303 IV,
1155 2243 1237 2313 cap.
1255 2243 1294 2291 ιν
1308 2217 1409 2310 (Rer.
1426 2217 1544 2302 Aera,
1560 2217 1633 2290 vol.
1647 2218 1712 2301 lx,
1729 2241 1766 2313 p.
1784 2220 1881 2311 257).

552 2349 640 2422 Post
664 2349 760 2423 hanc
790 2349 903 2445 igitur
927 2350 1230 2424 informationem
1254 2350 1372 2447 patris
1391 2350 1649 2423 Emmanuelis
1677 2351 1724 2422 ab
1743 2351 1881 2422 Ascen-

551 2481 657 2554 sione
686 2481 796 2555 trium
825 2482 972 2556 illorum
993 2483 1159 2557 brevium
1189 2484 1236 2557 ad
1257 2484 1461 2567 Fasiladas‚
1484 2483 1532 2556 ad
1552 2484 1740 2567 Abunam,
1763 2482 1812 2555 ad
1831 2483 1879 2553 lc-

550 2615 670 2711 ceghe
697 2616 890 2711 expeditio
919 2617 1069 2690 decreta
1087 2632 1164 2700 est;
1186 2641 1356 2711 cumque,
1379 2630 1484 2712 pater
1503 2615 1691 2700 Veemers,
1718 2629 1758 2688 ut
1785 2615 1881 2688 infra

549 2747 703 2833 dicetur,
738 2774 838 2822 anno
873 2755 967 2841 1645
1009 2749 1169 2823 vicarius
1201 2749 1430 2845 apostolicus
1457 2748 1685 2844 Aethiopiae
1722 2748 1794 2822 suit
1830 2773 1881 2820 re-

549 2882 739 2956 nuntiatus
767 2883 802 2956 ei
831 2883 968 2956 tradita
995 2884 1145 2956 fuerunt
1172 2882 1213 2956 ut
1240 2882 1276 2955 in
1298 2882 1539 2978 Aethiopiam
1560 2907 1686 2956 secum
1706 2882 1877 2955 deferret.

658 3018 717 3094 18.
740 3018 884 3090 lnterea
897 3016 1087 3089 laboribus
1101 3030 1139 3088 et
1153 3015 1319 3089 febribus
1334 3017 1528 3089 confectus
1544 3015 1729 3088 Suacheni
1746 3041 1768 3089 e
1787 3013 1881 3088 vivis

547 3151 694 3225 excedit
723 3166 829 3247 pater
856 3151 1044 3225 Antonius
1072 3179 1094 3225 a
1122 3151 1343 3246 Virgoletta,
1372 3150 1481 3246 eique
1511 3150 1547 3223 in
1583 3175 1736 3223 munere
1775 3150 1880 3222 Prae·

547 3283 636 3357 fecti
664 3283 855 3358 missionis
883 3284 1061 3358 sufficitur
1090 3298 1195 3378 pater
1223 3284 1266 3356 fr.
1288 3284 1476 3357 Antonius
1496 3309 1519 3357 a
1538 3281 1826 3381 Petrapagana(
1852 3286 1876 3377 l.

547 3416 641 3490 Cum
669 3442 759 3490 vero
778 3417 816 3489 S.
838 3416 1097 3513 Congregatio
1116 3416 1164 3488 de
1184 3418 1434 3513 Propaganda
1454 3417 1546 3490 Fide
1569 3431 1779 3513 reputasset
1800 3440 1877 3511 per·

547 3575 688 3645 paucos
702 3550 776 3622 iam
799 3550 956 3624 lesuitas
976 3550 1013 3622 in
1035 3549 1240 3644 Aethiopia
1257 3550 1396 3645 degere
1411 3552 1670 3624 confirmatum
1686 3551 1734 3622 ab
1750 3574 1795 3622 ea
1810 3547 1877 3620 fuit

546 3683 736 3755 decretum
764 3682 870 3755 utin
903 3680 1104 3754 remotiora
1142 3680 1361 3756 missionum
1400 3684 1482 3757 loca
1520 3682 1685 3779 religiosi
1719 3682 1875 3755 duorum

546 3816 678 3889 saltem
698 3815 882 3889 Ordinum
914 3815 1145 3889 mitterentur
1164 3816 1226 3903 (zi.
1256 3816 1331 3888 Sed
1351 3815 1439 3910 quia
1459 3815 1639 3910 sapientis
1657 3831 1714 3888 est
1735 3828 1874 3887 mutare

545 3949 757 4034 consilium,
798 3975 881 4023 cum
920 3948 1151 4045 experientia
1187 3948 1378 4023 docuisset
1410 3949 1661 4023 differentium
1690 3947 1872 4020 Ordinum

545 4081 805 4177 religiosorum
835 4082 872 4154 in
902 4107 976 4155 una
1004 4083 1211 4177 eademque
1243 4082 1420 4155 missione
1449 4081 1702 4177 praesentiam
1737 4080 1789 4154 rei
1819 4104 1872 4152 ca-

623 4312 668 4385 (1)
691 4309 776 4378 APF,
798 4310 871 4367 Acta
895 4306 978 4382 1643,
1002 4310 1031 4368 ff.
1054 4310 1122 4384 489,
1144 4329 1174 4367 n.
1197 4326 1251 4381 44;
1274 4310 1374 4381 4085
1397 4328 1426 4366 n.
1450 4325 1496 4377 20.

622 4407 667 4486 (2)
689 4408 855 4466 Decretum
876 4427 966 4483 snpra
984 4410 1110 4466 relatum
1127 4428 1162 4466 ex
1179 4409 1263 4465 Actis
1279 4409 1352 4465 anni
1373 4406 1540 4479 topi-1635
1555 4408 1606 4483 (cl.
1623 4425 1714 4481 supra
1729 4422 1796 4481 pag.
1810 4417 1871 4470 xxi,

542 4515 616 4564 nota
647 4506 977 4580 1“)·S.Cong1egatio
1006 4506 1198 4564 confirmavit
1220 4506 1271 4563 die
1297 4521 1334 4562 zo
1357 4507 1420 4563 iulii
1447 4504 1531 4577 1637,
1553 4505 1678 4579 quando
1701 4500 1872 4561 Patriarcha

543 4603 674 4662 Mendez
695 4606 734 4662 ab
756 4605 864 4661 eadem
886 4603 1133 4678 Congregatione
1159 4604 1365 4678 postulaverat
1379 4615 1411 4660 ut
1427 4604 1492 4660 eius
1514 4603 1655 4660 executio
1677 4601 1871 4676 suspendere·

542 4712 597 4758 tur.
635 4702 712 4759 «Ad
734 4700 1013 4776 Congregationem
1035 4702 1096 4758 diei
1120 4716 1157 4757 20
1179 4701 1243 4757 iulii
1269 4699 1352 4772 1637.
1387 4716 1434 4772 41.
1459 4700 1621 4757 Referente
1642 4699 1754 4757 eodem
1778 4696 1871 4754 Emin.

543 4799 579 4858 D.
603 4799 761 4857 Cardinali
781 4799 962 4856 Albernotio
975 4842 982 4856 .
996 4844 1002 4856 .
1016 4843 1032 4867 .,
1055 4798 1296 4855 Eminentissimi
1319 4798 1424 4855 Patres
1445 4807 1593 4856 steterunt
1613 4798 1646 4853 in
1669 4797 1802 4854 decretis
1820 4808 1870 4868 pro

542 4897 688 4955 missione
710 4896 956 4954 Reformatorum
979 4897 1011 4953 in
1033 4896 1206 4971 Aethiopia,
1223 4898 1263 4953 ob
1278 4905 1337 4952 tres
1352 4897 1501 4954 rationes:
1524 4895 1636 4964 Primo,
1652 4895 1735 4969 quia,
1750 4913 1787 4951 ex
1804 4906 1871 4950 con·

541 4994 675 5051 sessione
697 4995 834 5051 eiusdem
857 4993 1050 5051 Patriarchae
1072 4993 1103 5049 in
1126 4994 1190 5050 eius
1212 4993 1315 5049 libello
1337 4993 1476 5068 supplici,
1499 4993 1530 5049 in
1552 4991 1718 5066 Aethiopia
1747 5008 1811 5049 non
1830 5003 1871 5042 re-

541 5102 717 5148 manserunt
738 5093 797 5148 nisi
820 5110 871 5147 sex
894 5101 995 5166 patres
1017 5090 1180 5147 Societatis
1203 5100 1232 5146 et
1256 5090 1442 5164 Apollinaris
1458 5090 1620 5164 episcopus
1635 5089 1700 5146 eius
1715 5088 1870 5145 coadiutor

541 5209 610 5246 cum
633 5190 732 5246 sutum
753 5190 956 5256 successione,
979 5199 1066 5244 etex
1089 5189 1225 5244 eiusdem
1250 5187 1443 5243 Patriarchae
1466 5188 1666 5244 relationibus
1688 5197 1760 5243 ante
1775 5186 1870 5260 plnres
