<?xml version="1.0" encoding="UTF-8"?>
<!DOCTYPE html PUBLIC "-//W3C//DTD XHTML 1.0 Transitional//EN"
    "http://www.w3.org/TR/xhtml1/DTD/xhtml1-transitional.dtd">
<html xmlns="http://www.w3.org/1999/xhtml" xml:lang="en" lang="en">
 <head>
  <title>
</title>
<meta http-equiv="Content-Type" content="text/html;charset=utf-8" />
  <meta name='ocr-system' content='tesseract 3.04.00' />
  <meta name='ocr-capabilities' content='ocr_page ocr_carea ocr_par ocr_line ocrx_word'/>
</head>
<body>
  <div class='ocr_page' id='page_1' title='image "./rerumaethiopica00beccgoog_0181.png"; bbox 0 0 4124 6182; ppageno 0'>
   <div class='ocr_carea' id='block_1_1' title="bbox 543 604 1536 657">
    <p class='ocr_par' dir='ltr' id='par_1_1' title="bbox 543 604 1536 657">
     <span class='ocr_line' id='line_1_1' title="bbox 543 604 1536 657; baseline -0.001 -2"><span class='ocrx_word' id='word_1_1' title='bbox 543 613 604 657; x_wconf 89' lang='lat'>110</span> <span class='ocrx_word' id='word_1_2' title='bbox 872 604 1145 656; x_wconf 80' lang='lat' dir='ltr'>EXPEDITIONIS</span> <span class='ocrx_word' id='word_1_3' title='bbox 1169 604 1431 655; x_wconf 83' lang='lat' dir='ltr'>AETHIOPICAE</span> <span class='ocrx_word' id='word_1_4' title='bbox 1455 604 1536 654; x_wconf 87' lang='lat' dir='ltr'>ETC.</span> 
     </span>
    </p>
   </div>
   <div class='ocr_carea' id='block_1_2' title="bbox 186 750 1964 4546">
    <p class='ocr_par' dir='ltr' id='par_1_2' title="bbox 186 750 1964 4546">
     <span class='ocr_line' id='line_1_2' title="bbox 224 750 1872 825; baseline -0.002 -10"><span class='ocrx_word' id='word_1_5' title='bbox 224 763 512 815; x_wconf 67' lang='lat' dir='ltr'>modestimine</span> <span class='ocrx_word' id='word_1_6' title='bbox 633 776 679 818; x_wconf 86' lang='lat' dir='ltr'>rr.</span> <span class='ocrx_word' id='word_1_7' title='bbox 704 753 754 819; x_wconf 96' lang='lat' dir='ltr'>Ut</span> <span class='ocrx_word' id='word_1_8' title='bbox 777 752 872 818; x_wconf 81' lang='lat' dir='ltr'>Cafld</span> <span class='ocrx_word' id='word_1_9' title='bbox 894 773 974 817; x_wconf 90' lang='lat' dir='ltr'>suas</span> <span class='ocrx_word' id='word_1_10' title='bbox 996 754 1267 816; x_wconf 79' lang='lat' dir='ltr'>machinationes</span> <span class='ocrx_word' id='word_1_11' title='bbox 1289 753 1460 825; x_wconf 87' lang='lat' dir='ltr'>disiectas,</span> <span class='ocrx_word' id='word_1_12' title='bbox 1484 771 1585 816; x_wconf 89' lang='lat' dir='ltr'>caeso</span> <span class='ocrx_word' id='word_1_13' title='bbox 1608 750 1708 822; x_wconf 91' lang='lat' dir='ltr'>Iulio,</span> <span class='ocrx_word' id='word_1_14' title='bbox 1740 760 1792 813; x_wconf 91' lang='lat' dir='ltr'>est</span> <span class='ocrx_word' id='word_1_15' title='bbox 1823 752 1872 813; x_wconf 92' lang='lat' dir='ltr'>in·</span> 
     </span>
     <span class='ocr_line' id='line_1_3' title="bbox 189 836 1870 951; baseline -0.004 -17"><span class='ocrx_word' id='word_1_16' title='bbox 189 836 298 887; x_wconf 40' lang='grc' dir='ltr'>Μ’*</span> <span class='ocrx_word' id='word_1_17' title='bbox 538 872 654 944; x_wconf 91' lang='lat' dir='ltr'>tuitus,</span> <span class='ocrx_word' id='word_1_18' title='bbox 686 873 752 934; x_wconf 87' lang='lat' dir='ltr'><strong>sibi</strong></span> <span class='ocrx_word' id='word_1_19' title='bbox 782 890 860 934; x_wconf 91' lang='lat' dir='ltr'>sero</span> <span class='ocrx_word' id='word_1_20' title='bbox 890 889 1013 933; x_wconf 87' lang='lat' dir='ltr'>cavere</span> <span class='ocrx_word' id='word_1_21' title='bbox 1044 870 1167 951; x_wconf 88' lang='lat' dir='ltr'>coepit,</span> <span class='ocrx_word' id='word_1_22' title='bbox 1199 880 1234 932; x_wconf 92' lang='lat' dir='ltr'>et</span> <span class='ocrx_word' id='word_1_23' title='bbox 1264 869 1380 951; x_wconf 88' lang='lat' dir='ltr'>priora</span> <span class='ocrx_word' id='word_1_24' title='bbox 1406 868 1536 932; x_wconf 88' lang='lat' dir='ltr'>scelera</span> <span class='ocrx_word' id='word_1_25' title='bbox 1566 869 1665 931; x_wconf 88' lang='lat' dir='ltr'>novis</span> <span class='ocrx_word' id='word_1_26' title='bbox 1688 884 1870 949; x_wconf 80' lang='lat' dir='ltr'>exaugere,</span> 
     </span>
     <span class='ocr_line' id='line_1_4' title="bbox 538 981 1871 1069; baseline -0.005 -19"><span class='ocrx_word' id='word_1_27' title='bbox 538 987 675 1053; x_wconf 86' lang='lat' dir='ltr'>sublato</span> <span class='ocrx_word' id='word_1_28' title='bbox 698 1006 759 1069; x_wconf 92' lang='lat' dir='ltr'>per</span> <span class='ocrx_word' id='word_1_29' title='bbox 781 986 924 1049; x_wconf 84' lang='lat' dir='ltr'>insidias</span> <span class='ocrx_word' id='word_1_30' title='bbox 954 986 1073 1057; x_wconf 89' lang='lat' dir='ltr'>milite,</span> <span class='ocrx_word' id='word_1_31' title='bbox 1104 986 1162 1067; x_wconf 93' lang='lat' dir='ltr'>qui</span> <span class='ocrx_word' id='word_1_32' title='bbox 1193 986 1414 1047; x_wconf 89' lang='lat' dir='ltr'>consiliorum</span> <span class='ocrx_word' id='word_1_33' title='bbox 1442 981 1555 1047; x_wconf 85' lang='lat' dir='ltr'>fuerat</span> <span class='ocrx_word' id='word_1_34' title='bbox 1586 983 1816 1046; x_wconf 83' lang='lat' dir='ltr'>internuntius</span> <span class='ocrx_word' id='word_1_35' title='bbox 1837 992 1871 1044; x_wconf 90' lang='lat' dir='ltr'>et</span> 
     </span>
     <span class='ocr_line' id='line_1_5' title="bbox 538 1100 1870 1185; baseline -0.004 -20"><span class='ocrx_word' id='word_1_36' title='bbox 538 1103 717 1173; x_wconf 90' lang='lat' dir='ltr'>monacho,</span> <span class='ocrx_word' id='word_1_37' title='bbox 747 1104 806 1185; x_wconf 92' lang='lat' dir='ltr'>qui</span> <span class='ocrx_word' id='word_1_38' title='bbox 837 1111 1016 1185; x_wconf 89' lang='lat' dir='ltr'>utrumque</span> <span class='ocrx_word' id='word_1_39' title='bbox 1047 1103 1091 1165; x_wconf 90' lang='lat' dir='ltr'>ad</span> <span class='ocrx_word' id='word_1_40' title='bbox 1121 1101 1348 1164; x_wconf 85' lang='lat' dir='ltr'>inchoandam</span> <span class='ocrx_word' id='word_1_41' title='bbox 1379 1110 1415 1163; x_wconf 91' lang='lat' dir='ltr'>et</span> <span class='ocrx_word' id='word_1_42' title='bbox 1444 1100 1686 1181; x_wconf 83' lang='lat' dir='ltr'>complendam</span> <span class='ocrx_word' id='word_1_43' title='bbox 1717 1100 1870 1161; x_wconf 88' lang='lat' dir='ltr'>coniura-</span> 
     </span>
     <span class='ocr_line' id='line_1_6' title="bbox 536 1213 1871 1302; baseline -0.002 -22"><span class='ocrx_word' id='word_1_44' title='bbox 536 1220 665 1282; x_wconf 84' lang='lat' dir='ltr'>tionem</span> <span class='ocrx_word' id='word_1_45' title='bbox 691 1218 860 1302; x_wconf 82' lang='lat' dir='ltr'>sacrilego</span> <span class='ocrx_word' id='word_1_46' title='bbox 886 1226 921 1281; x_wconf 93' lang='lat' dir='ltr'>et</span> <span class='ocrx_word' id='word_1_47' title='bbox 948 1217 1069 1281; x_wconf 88' lang='lat' dir='ltr'>insano</span> <span class='ocrx_word' id='word_1_48' title='bbox 1095 1216 1310 1281; x_wconf 88' lang='lat' dir='ltr'>anathemate</span> <span class='ocrx_word' id='word_1_49' title='bbox 1337 1218 1585 1289; x_wconf 82' lang='lat' dir='ltr'>obstrinxerat3</span> <span class='ocrx_word' id='word_1_50' title='bbox 1613 1216 1675 1277; x_wconf 90' lang='lat' dir='ltr'>sed</span> <span class='ocrx_word' id='word_1_51' title='bbox 1694 1225 1791 1278; x_wconf 83' lang='lat' dir='ltr'>tanta</span> <span class='ocrx_word' id='word_1_52' title='bbox 1813 1213 1871 1277; x_wconf 88' lang='lat' dir='ltr'>fla·</span> 
     </span>
     <span class='ocr_line' id='line_1_7' title="bbox 536 1330 1871 1417; baseline -0.002 -21"><span class='ocrx_word' id='word_1_53' title='bbox 536 1335 622 1417; x_wconf 85' lang='lat' dir='ltr'>gitia</span> <span class='ocrx_word' id='word_1_54' title='bbox 644 1335 702 1398; x_wconf 91' lang='lat' dir='ltr'>diu</span> <span class='ocrx_word' id='word_1_55' title='bbox 726 1335 834 1416; x_wconf 85' lang='lat' dir='ltr'>premi</span> <span class='ocrx_word' id='word_1_56' title='bbox 857 1334 1121 1417; x_wconf 85' lang='lat' dir='ltr'>haudquaquam</span> <span class='ocrx_word' id='word_1_57' title='bbox 1143 1352 1245 1415; x_wconf 90' lang='lat' dir='ltr'>posse</span> <span class='ocrx_word' id='word_1_58' title='bbox 1268 1344 1392 1403; x_wconf 87' lang='lat' dir='ltr'>certus,</span> <span class='ocrx_word' id='word_1_59' title='bbox 1423 1333 1484 1396; x_wconf 91' lang='lat' dir='ltr'>illa</span> <span class='ocrx_word' id='word_1_60' title='bbox 1514 1331 1631 1402; x_wconf 86' lang='lat' dir='ltr'>semel,</span> <span class='ocrx_word' id='word_1_61' title='bbox 1663 1350 1766 1394; x_wconf 86' lang='lat' dir='ltr'>caeso</span> <span class='ocrx_word' id='word_1_62' title='bbox 1797 1330 1871 1394; x_wconf 89' lang='lat' dir='ltr'>Ras</span> 
     </span>
     <span class='ocr_line' id='line_1_8' title="bbox 536 1447 1870 1532; baseline -0.003 -19"><span class='ocrx_word' id='word_1_63' title='bbox 536 1448 618 1513; x_wconf 75' lang='lat' dir='ltr'>Sela</span> <span class='ocrx_word' id='word_1_64' title='bbox 640 1448 795 1513; x_wconf 84' lang='lat' dir='ltr'>Christds</span> <span class='ocrx_word' id='word_1_65' title='bbox 818 1461 852 1513; x_wconf 89' lang='lat' dir='ltr'>et</span> <span class='ocrx_word' id='word_1_66' title='bbox 875 1449 1095 1532; x_wconf 86' lang='lat' dir='ltr'>Imperatore,</span> <span class='ocrx_word' id='word_1_67' title='bbox 1119 1447 1283 1531; x_wconf 87' lang='lat' dir='ltr'>perficere</span> <span class='ocrx_word' id='word_1_68' title='bbox 1306 1449 1467 1512; x_wconf 90' lang='lat' dir='ltr'>decrevit.</span> <span class='ocrx_word' id='word_1_69' title='bbox 1496 1448 1649 1511; x_wconf 88' lang='lat' dir='ltr'>Primum</span> <span class='ocrx_word' id='word_1_70' title='bbox 1673 1450 1870 1510; x_wconf 85' lang='lat' dir='ltr'>convocatis</span> 
     </span>
     <span class='ocr_line' id='line_1_9' title="bbox 536 1564 1870 1648; baseline -0.001 -20"><span class='ocrx_word' id='word_1_71' title='bbox 536 1566 685 1648; x_wconf 91' lang='lat' dir='ltr'>undique</span> <span class='ocrx_word' id='word_1_72' title='bbox 708 1567 743 1629; x_wconf 90' lang='lat' dir='ltr'>in</span> <span class='ocrx_word' id='word_1_73' title='bbox 767 1568 894 1629; x_wconf 89' lang='lat' dir='ltr'>curiam</span> <span class='ocrx_word' id='word_1_74' title='bbox 918 1568 989 1629; x_wconf 88' lang='lat' dir='ltr'>suis</span> <span class='ocrx_word' id='word_1_75' title='bbox 1012 1566 1178 1629; x_wconf 87' lang='lat' dir='ltr'>militibus</span> <span class='ocrx_word' id='word_1_76' title='bbox 1202 1576 1238 1629; x_wconf 91' lang='lat' dir='ltr'>ut</span> <span class='ocrx_word' id='word_1_77' title='bbox 1274 1566 1362 1628; x_wconf 87' lang='lat' dir='ltr'>inter</span> <span class='ocrx_word' id='word_1_78' title='bbox 1393 1565 1558 1628; x_wconf 88' lang='lat' dir='ltr'>ludicram</span> <span class='ocrx_word' id='word_1_79' title='bbox 1589 1564 1727 1626; x_wconf 92' lang='lat' dir='ltr'>illorum</span> <span class='ocrx_word' id='word_1_80' title='bbox 1758 1575 1870 1626; x_wconf 90' lang='lat' dir='ltr'>osten·</span> 
     </span>
     <span class='ocr_line' id='line_1_10' title="bbox 535 1679 1870 1765; baseline -0.001 -21"><span class='ocrx_word' id='word_1_81' title='bbox 535 1684 701 1747; x_wconf 89' lang='lat' dir='ltr'>tationem</span> <span class='ocrx_word' id='word_1_82' title='bbox 725 1681 901 1763; x_wconf 90' lang='lat' dir='ltr'>inopinum</span> <span class='ocrx_word' id='word_1_83' title='bbox 925 1691 959 1744; x_wconf 93' lang='lat' dir='ltr'>et</span> <span class='ocrx_word' id='word_1_84' title='bbox 982 1682 1242 1744; x_wconf 82' lang='lat' dir='ltr'>excubitoribus</span> <span class='ocrx_word' id='word_1_85' title='bbox 1266 1683 1313 1765; x_wconf 90' lang='lat' dir='ltr'>(ut</span> <span class='ocrx_word' id='word_1_86' title='bbox 1338 1679 1870 1763; x_wconf 86' lang='lat' dir='ltr'>plerumqueassolet)1mpera·</span> 
     </span>
     <span class='ocr_line' id='line_1_11' title="bbox 535 1795 1869 1879; baseline 0 -21"><span class='ocrx_word' id='word_1_87' title='bbox 535 1808 644 1860; x_wconf 90' lang='lat' dir='ltr'>torem</span> <span class='ocrx_word' id='word_1_88' title='bbox 667 1798 867 1863; x_wconf 89' lang='lat' dir='ltr'>destitutum</span> <span class='ocrx_word' id='word_1_89' title='bbox 892 1798 1118 1879; x_wconf 87' lang='lat' dir='ltr'>interciperet.</span> <span class='ocrx_word' id='word_1_90' title='bbox 1143 1795 1244 1879; x_wconf 82' lang='lat' dir='ltr'>Quod</span> <span class='ocrx_word' id='word_1_91' title='bbox 1267 1808 1382 1861; x_wconf 89' lang='lat' dir='ltr'>tamen</span> <span class='ocrx_word' id='word_1_92' title='bbox 1400 1799 1632 1879; x_wconf 86' lang='lat' dir='ltr'>spectaculum</span> <span class='ocrx_word' id='word_1_93' title='bbox 1650 1797 1719 1869; x_wconf 88' lang='lat' dir='ltr'>ille,</span> <span class='ocrx_word' id='word_1_94' title='bbox 1736 1798 1869 1878; x_wconf 79' lang='lat' dir='ltr'>gravio·</span> 
     </span>
     <span class='ocr_line' id='line_1_12' title="bbox 536 1912 1869 1996; baseline -0.002 -20"><span class='ocrx_word' id='word_1_95' title='bbox 536 1915 629 1976; x_wconf 91' lang='lat' dir='ltr'>ribus</span> <span class='ocrx_word' id='word_1_96' title='bbox 651 1925 732 1977; x_wconf 93' lang='lat' dir='ltr'>tunc</span> <span class='ocrx_word' id='word_1_97' title='bbox 756 1915 846 1976; x_wconf 89' lang='lat' dir='ltr'>curis</span> <span class='ocrx_word' id='word_1_98' title='bbox 869 1914 1062 1996; x_wconf 89' lang='lat' dir='ltr'>impeditus,</span> <span class='ocrx_word' id='word_1_99' title='bbox 1086 1916 1301 1978; x_wconf 86' lang='lat' dir='ltr'>detrectavit.</span> <span class='ocrx_word' id='word_1_100' title='bbox 1322 1912 1456 1977; x_wconf 87' lang='lat' dir='ltr'>Deinde</span> <span class='ocrx_word' id='word_1_101' title='bbox 1471 1914 1616 1976; x_wconf 90' lang='lat' dir='ltr'>solemni</span> <span class='ocrx_word' id='word_1_102' title='bbox 1632 1914 1869 1994; x_wconf 86' lang='lat' dir='ltr'>propinatione</span> 
     </span>
     <span class='ocr_line' id='line_1_13' title="bbox 535 2026 1869 2113; baseline -0.002 -21"><span class='ocrx_word' id='word_1_103' title='bbox 535 2028 611 2092; x_wconf 84' lang='lat' dir='ltr'>Ras</span> <span class='ocrx_word' id='word_1_104' title='bbox 634 2026 717 2093; x_wconf 71' lang='lat' dir='ltr'>sela</span> <span class='ocrx_word' id='word_1_105' title='bbox 739 2028 896 2093; x_wconf 83' lang='lat' dir='ltr'>Christds</span> <span class='ocrx_word' id='word_1_106' title='bbox 918 2039 1046 2111; x_wconf 86' lang='lat' dir='ltr'>parata,</span> <span class='ocrx_word' id='word_1_107' title='bbox 1070 2051 1157 2113; x_wconf 88' lang='lat' dir='ltr'>quae</span> <span class='ocrx_word' id='word_1_108' title='bbox 1180 2030 1325 2094; x_wconf 89' lang='lat' dir='ltr'>subinde</span> <span class='ocrx_word' id='word_1_109' title='bbox 1354 2031 1388 2093; x_wconf 92' lang='lat' dir='ltr'>in</span> <span class='ocrx_word' id='word_1_110' title='bbox 1415 2040 1631 2092; x_wconf 85' lang='lat' dir='ltr'>centauream</span> <span class='ocrx_word' id='word_1_111' title='bbox 1663 2047 1807 2091; x_wconf 88' lang='lat' dir='ltr'>coenam</span> <span class='ocrx_word' id='word_1_112' title='bbox 1837 2037 1869 2090; x_wconf 90' lang='lat' dir='ltr'>et</span> 
     </span>
     <span class='ocr_line' id='line_1_14' title="bbox 534 2144 1869 2228; baseline -0.003 -19"><span class='ocrx_word' id='word_1_113' title='bbox 534 2146 729 2228; x_wconf 88' lang='lat' dir='ltr'>thyesteam</span> <span class='ocrx_word' id='word_1_114' title='bbox 753 2164 905 2208; x_wconf 91' lang='lat' dir='ltr'>mensam</span> <span class='ocrx_word' id='word_1_115' title='bbox 929 2155 1128 2217; x_wconf 90' lang='lat' dir='ltr'>verteretur,</span> <span class='ocrx_word' id='word_1_116' title='bbox 1144 2157 1179 2209; x_wconf 90' lang='lat' dir='ltr'>et</span> <span class='ocrx_word' id='word_1_117' title='bbox 1196 2146 1276 2209; x_wconf 90' lang='lat' dir='ltr'>inde</span> <span class='ocrx_word' id='word_1_118' title='bbox 1291 2146 1405 2210; x_wconf 89' lang='lat' dir='ltr'>subito</span> <span class='ocrx_word' id='word_1_119' title='bbox 1421 2146 1466 2208; x_wconf 93' lang='lat' dir='ltr'>ad</span> <span class='ocrx_word' id='word_1_120' title='bbox 1481 2144 1728 2227; x_wconf 86' lang='lat' dir='ltr'>Imperatorem</span> <span class='ocrx_word' id='word_1_121' title='bbox 1745 2145 1869 2206; x_wconf 92' lang='lat' dir='ltr'>discur-</span> 
     </span>
     <span class='ocr_line' id='line_1_15' title="bbox 535 2256 1964 2343; baseline 0.001 -19"><span class='ocrx_word' id='word_1_122' title='bbox 535 2273 675 2325; x_wconf 90' lang='lat' dir='ltr'>reretur.</span> <span class='ocrx_word' id='word_1_123' title='bbox 699 2259 795 2342; x_wconf 84' lang='lat' dir='ltr'>Quae</span> <span class='ocrx_word' id='word_1_124' title='bbox 817 2260 979 2334; x_wconf 70' lang='lat' dir='ltr'>*molitio</span> <span class='ocrx_word' id='word_1_125' title='bbox 997 2271 1178 2343; x_wconf 88' lang='lat' dir='ltr'>antequam</span> <span class='ocrx_word' id='word_1_126' title='bbox 1196 2262 1342 2324; x_wconf 92' lang='lat' dir='ltr'>mulsum</span> <span class='ocrx_word' id='word_1_127' title='bbox 1358 2271 1617 2343; x_wconf 82' lang='lat' dir='ltr'>excoqueretur,</span> <span class='ocrx_word' id='word_1_128' title='bbox 1635 2260 1781 2323; x_wconf 88' lang='lat' dir='ltr'>disiecta</span> <span class='ocrx_word' id='word_1_129' title='bbox 1796 2256 1868 2329; x_wconf 84' lang='lat' dir='ltr'>fuit,</span> <span class='ocrx_word' id='word_1_130' title='bbox 1895 2264 1912 2316; x_wconf 79' lang='lat' dir='ltr'>f.</span> <span class='ocrx_word' id='word_1_131' title='bbox 1929 2274 1964 2326; x_wconf 81' lang='lat'>55·</span> 
     </span>
     <span class='ocr_line' id='line_1_16' title="bbox 535 2377 1869 2461; baseline -0.003 -19"><span class='ocrx_word' id='word_1_132' title='bbox 535 2388 687 2442; x_wconf 89' lang='lat' dir='ltr'>scatente</span> <span class='ocrx_word' id='word_1_133' title='bbox 710 2379 860 2460; x_wconf 88' lang='lat' dir='ltr'>undique</span> <span class='ocrx_word' id='word_1_134' title='bbox 881 2379 1114 2460; x_wconf 90' lang='lat' dir='ltr'>proditionum</span> <span class='ocrx_word' id='word_1_135' title='bbox 1138 2379 1246 2460; x_wconf 88' lang='lat' dir='ltr'>ipsius</span> <span class='ocrx_word' id='word_1_136' title='bbox 1265 2379 1430 2451; x_wconf 88' lang='lat' dir='ltr'>tumultu;</span> <span class='ocrx_word' id='word_1_137' title='bbox 1453 2379 1513 2461; x_wconf 90' lang='lat' dir='ltr'>qui</span> <span class='ocrx_word' id='word_1_138' title='bbox 1529 2377 1777 2460; x_wconf 88' lang='lat' dir='ltr'>Imperatorem</span> <span class='ocrx_word' id='word_1_139' title='bbox 1793 2377 1869 2438; x_wconf 90' lang='lat' dir='ltr'>ade·</span> 
     </span>
     <span class='ocr_line' id='line_1_17' title="bbox 534 2491 1869 2577; baseline -0.004 -19"><span class='ocrx_word' id='word_1_140' title='bbox 534 2498 586 2577; x_wconf 85' lang='lat' dir='ltr'>git</span> <span class='ocrx_word' id='word_1_141' title='bbox 609 2504 645 2558; x_wconf 92' lang='lat' dir='ltr'>ut</span> <span class='ocrx_word' id='word_1_142' title='bbox 668 2496 704 2558; x_wconf 92' lang='lat' dir='ltr'>in</span> <span class='ocrx_word' id='word_1_143' title='bbox 727 2515 786 2559; x_wconf 89' lang='lat' dir='ltr'>eas</span> <span class='ocrx_word' id='word_1_144' title='bbox 809 2495 944 2576; x_wconf 82' lang='lat' dir='ltr'>exquiri</span> <span class='ocrx_word' id='word_1_145' title='bbox 968 2506 1002 2557; x_wconf 90' lang='lat' dir='ltr'>et</span> <span class='ocrx_word' id='word_1_146' title='bbox 1025 2496 1232 2558; x_wconf 86' lang='lat' dir='ltr'>sententiam</span> <span class='ocrx_word' id='word_1_147' title='bbox 1255 2492 1403 2577; x_wconf 87' lang='lat' dir='ltr'>proferri</span> <span class='ocrx_word' id='word_1_148' title='bbox 1426 2494 1567 2557; x_wconf 92' lang='lat' dir='ltr'>iuberet.</span> <span class='ocrx_word' id='word_1_149' title='bbox 1584 2491 1695 2574; x_wconf 88' lang='lat' dir='ltr'>Quam</span> <span class='ocrx_word' id='word_1_150' title='bbox 1723 2510 1869 2575; x_wconf 91' lang='lat' dir='ltr'>pronun·</span> 
     </span>
     <span class='ocr_line' id='line_1_18' title="bbox 535 2605 1869 2693; baseline -0.003 -21"><span class='ocrx_word' id='word_1_151' title='bbox 535 2611 655 2674; x_wconf 87' lang='lat' dir='ltr'>tiatam</span> <span class='ocrx_word' id='word_1_152' title='bbox 679 2611 752 2692; x_wconf 90' lang='lat' dir='ltr'>ipse</span> <span class='ocrx_word' id='word_1_153' title='bbox 774 2607 932 2681; x_wconf 88' lang='lat' dir='ltr'>firmavit,</span> <span class='ocrx_word' id='word_1_154' title='bbox 957 2619 990 2673; x_wconf 89' lang='lat' dir='ltr'>et</span> <span class='ocrx_word' id='word_1_155' title='bbox 1014 2611 1078 2672; x_wconf 93' lang='lat' dir='ltr'>sub</span> <span class='ocrx_word' id='word_1_156' title='bbox 1100 2629 1292 2691; x_wconf 91' lang='lat' dir='ltr'>sycomoro,</span> <span class='ocrx_word' id='word_1_157' title='bbox 1315 2611 1407 2693; x_wconf 92' lang='lat' dir='ltr'>quod</span> <span class='ocrx_word' id='word_1_158' title='bbox 1432 2629 1522 2672; x_wconf 92' lang='lat' dir='ltr'>nunc</span> <span class='ocrx_word' id='word_1_159' title='bbox 1553 2611 1656 2672; x_wconf 89' lang='lat' dir='ltr'>etiam</span> <span class='ocrx_word' id='word_1_160' title='bbox 1687 2605 1773 2670; x_wconf 88' lang='lat' dir='ltr'>facti</span> <span class='ocrx_word' id='word_1_161' title='bbox 1804 2626 1869 2669; x_wconf 90' lang='lat' dir='ltr'>me-</span> 
     </span>
     <span class='ocr_line' id='line_1_19' title="bbox 536 2724 1869 2808; baseline -0.005 -19"><span class='ocrx_word' id='word_1_162' title='bbox 536 2728 678 2789; x_wconf 90' lang='lat' dir='ltr'>moriam</span> <span class='ocrx_word' id='word_1_163' title='bbox 703 2736 827 2798; x_wconf 87' lang='lat' dir='ltr'>servat,</span> <span class='ocrx_word' id='word_1_164' title='bbox 852 2728 975 2790; x_wconf 88' lang='lat' dir='ltr'>evirati</span> <span class='ocrx_word' id='word_1_165' title='bbox 998 2726 1092 2788; x_wconf 92' lang='lat' dir='ltr'>illius</span> <span class='ocrx_word' id='word_1_166' title='bbox 1115 2738 1216 2808; x_wconf 90' lang='lat' dir='ltr'>caput</span> <span class='ocrx_word' id='word_1_167' title='bbox 1240 2728 1421 2789; x_wconf 91' lang='lat' dir='ltr'>decussum</span> <span class='ocrx_word' id='word_1_168' title='bbox 1452 2727 1589 2795; x_wconf 87' lang='lat' dir='ltr'>clamat,</span> <span class='ocrx_word' id='word_1_169' title='bbox 1622 2724 1765 2787; x_wconf 91' lang='lat' dir='ltr'>stultum</span> <span class='ocrx_word' id='word_1_170' title='bbox 1797 2740 1869 2784; x_wconf 92' lang='lat' dir='ltr'>esse</span> 
     </span>
     <span class='ocr_line' id='line_1_20' title="bbox 534 2840 1870 2925; baseline -0.002 -21"><span class='ocrx_word' id='word_1_171' title='bbox 534 2862 703 2925; x_wconf 91' lang='lat' dir='ltr'>quemque</span> <span class='ocrx_word' id='word_1_172' title='bbox 727 2844 874 2905; x_wconf 87' lang='lat' dir='ltr'>maiores</span> <span class='ocrx_word' id='word_1_173' title='bbox 897 2862 1028 2923; x_wconf 86' lang='lat' dir='ltr'>pennas</span> <span class='ocrx_word' id='word_1_174' title='bbox 1051 2843 1133 2905; x_wconf 93' lang='lat' dir='ltr'>nido</span> <span class='ocrx_word' id='word_1_175' title='bbox 1155 2842 1361 2915; x_wconf 84' lang='lat' dir='ltr'>extendere;</span> <span class='ocrx_word' id='word_1_176' title='bbox 1396 2843 1568 2925; x_wconf 86' lang='lat' dir='ltr'>ingratum</span> <span class='ocrx_word' id='word_1_177' title='bbox 1599 2840 1691 2902; x_wconf 88' lang='lat' dir='ltr'>mala</span> <span class='ocrx_word' id='word_1_178' title='bbox 1721 2859 1785 2923; x_wconf 90' lang='lat' dir='ltr'>pro</span> <span class='ocrx_word' id='word_1_179' title='bbox 1815 2841 1870 2901; x_wconf 89' lang='lat' dir='ltr'>be·</span> 
     </span>
     <span class='ocr_line' id='line_1_21' title="bbox 536 2956 1869 3040; baseline -0.002 -21"><span class='ocrx_word' id='word_1_180' title='bbox 536 2959 709 3020; x_wconf 91' lang='lat' dir='ltr'>nemeritis</span> <span class='ocrx_word' id='word_1_181' title='bbox 732 2958 884 3030; x_wconf 88' lang='lat' dir='ltr'>reddere,</span> <span class='ocrx_word' id='word_1_182' title='bbox 908 2969 942 3021; x_wconf 90' lang='lat' dir='ltr'>et</span> <span class='ocrx_word' id='word_1_183' title='bbox 965 2959 1151 3040; x_wconf 91' lang='lat' dir='ltr'>quidquam</span> <span class='ocrx_word' id='word_1_184' title='bbox 1175 2969 1294 3021; x_wconf 88' lang='lat' dir='ltr'>contra</span> <span class='ocrx_word' id='word_1_185' title='bbox 1317 2957 1428 3020; x_wconf 90' lang='lat' dir='ltr'>Deum</span> <span class='ocrx_word' id='word_1_186' title='bbox 1453 2956 1566 3020; x_wconf 91' lang='lat' dir='ltr'>moliri</span> <span class='ocrx_word' id='word_1_187' title='bbox 1589 2958 1734 3039; x_wconf 91' lang='lat' dir='ltr'>impium</span> <span class='ocrx_word' id='word_1_188' title='bbox 1761 2968 1796 3018; x_wconf 90' lang='lat' dir='ltr'>et</span> <span class='ocrx_word' id='word_1_189' title='bbox 1823 2958 1869 3016; x_wconf 92' lang='lat' dir='ltr'>in-</span> 
     </span>
     <span class='ocr_line' id='line_1_22' title="bbox 535 3071 1382 3155; baseline 0.001 -20"><span class='ocrx_word' id='word_1_190' title='bbox 535 3092 665 3144; x_wconf 88' lang='lat' dir='ltr'>sanum,</span> <span class='ocrx_word' id='word_1_191' title='bbox 691 3093 754 3135; x_wconf 90' lang='lat' dir='ltr'>nec</span> <span class='ocrx_word' id='word_1_192' title='bbox 776 3084 892 3136; x_wconf 91' lang='lat' dir='ltr'>tamen</span> <span class='ocrx_word' id='word_1_193' title='bbox 915 3074 960 3136; x_wconf 91' lang='lat' dir='ltr'>ab</span> <span class='ocrx_word' id='word_1_194' title='bbox 983 3071 1215 3155; x_wconf 89' lang='lat' dir='ltr'>Aethiopibus</span> <span class='ocrx_word' id='word_1_195' title='bbox 1238 3074 1382 3136; x_wconf 91' lang='lat' dir='ltr'>auditur.</span> 
     </span>
     <span class='ocr_line' id='line_1_23' title="bbox 223 3186 1870 3271; baseline 0.001 -22"><span class='ocrx_word' id='word_1_196' title='bbox 223 3201 410 3249; x_wconf 73' lang='lat' dir='ltr'>Damotes</span> <span class='ocrx_word' id='word_1_197' title='bbox 445 3197 509 3248; x_wconf 83' lang='lat' dir='ltr'>vin·</span> <span class='ocrx_word' id='word_1_198' title='bbox 630 3210 678 3251; x_wconf 88' lang='lat'>12.</span> <span class='ocrx_word' id='word_1_199' title='bbox 703 3186 873 3252; x_wconf 87' lang='lat' dir='ltr'>Utfatali</span> <span class='ocrx_word' id='word_1_200' title='bbox 898 3188 1045 3252; x_wconf 90' lang='lat' dir='ltr'>Abunae</span> <span class='ocrx_word' id='word_1_201' title='bbox 1068 3190 1178 3252; x_wconf 84' lang='lat' dir='ltr'>exitio</span> <span class='ocrx_word' id='word_1_202' title='bbox 1201 3208 1345 3252; x_wconf 88' lang='lat' dir='ltr'>vacuam</span> <span class='ocrx_word' id='word_1_203' title='bbox 1377 3190 1591 3271; x_wconf 90' lang='lat' dir='ltr'>aethiopicae</span> <span class='ocrx_word' id='word_1_204' title='bbox 1622 3190 1792 3252; x_wconf 90' lang='lat' dir='ltr'>ecclesiae</span> <span class='ocrx_word' id='word_1_205' title='bbox 1818 3208 1870 3250; x_wconf 89' lang='lat' dir='ltr'>ca·</span> 
     </span>
     <span class='ocr_line' id='line_1_24' title="bbox 186 3281 1870 3387; baseline 0.001 -22"><span class='ocrx_word' id='word_1_206' title='bbox 186 3281 297 3322; x_wconf 58' lang='lat' dir='ltr'>‘unm&#39;</span> <span class='ocrx_word' id='word_1_207' title='bbox 536 3304 692 3368; x_wconf 88' lang='lat' dir='ltr'>thedram</span> <span class='ocrx_word' id='word_1_208' title='bbox 716 3303 908 3387; x_wconf 89' lang='lat' dir='ltr'>Imperator</span> <span class='ocrx_word' id='word_1_209' title='bbox 938 3315 990 3369; x_wconf 91' lang='lat' dir='ltr'>est</span> <span class='ocrx_word' id='word_1_210' title='bbox 1022 3307 1282 3387; x_wconf 86' lang='lat' dir='ltr'>contemplatus,</span> <span class='ocrx_word' id='word_1_211' title='bbox 1307 3305 1451 3368; x_wconf 89' lang='lat' dir='ltr'>latinum</span> <span class='ocrx_word' id='word_1_212' title='bbox 1478 3320 1561 3368; x_wconf 84' lang='lat' dir='ltr'>mox</span> <span class='ocrx_word' id='word_1_213' title='bbox 1592 3305 1870 3369; x_wconf 85' lang='lat' dir='ltr'>Patriarchama</span> 
     </span>
     <span class='ocr_line' id='line_1_25' title="bbox 536 3419 1870 3505; baseline -0.001 -22"><span class='ocrx_word' id='word_1_214' title='bbox 536 3419 734 3484; x_wconf 88' lang='lat' dir='ltr'>Lusitaniae</span> <span class='ocrx_word' id='word_1_215' title='bbox 758 3420 861 3505; x_wconf 82' lang='lat' dir='ltr'>Rege</span> <span class='ocrx_word' id='word_1_216' title='bbox 883 3433 917 3484; x_wconf 94' lang='lat' dir='ltr'>et</span> <span class='ocrx_word' id='word_1_217' title='bbox 940 3420 1103 3485; x_wconf 90' lang='lat' dir='ltr'>Romano</span> <span class='ocrx_word' id='word_1_218' title='bbox 1125 3419 1292 3485; x_wconf 91' lang='lat' dir='ltr'>Pontifice</span> <span class='ocrx_word' id='word_1_219' title='bbox 1315 3422 1422 3484; x_wconf 90' lang='lat' dir='ltr'>semel</span> <span class='ocrx_word' id='word_1_220' title='bbox 1454 3433 1488 3484; x_wconf 92' lang='lat' dir='ltr'>et</span> <span class='ocrx_word' id='word_1_221' title='bbox 1512 3423 1634 3484; x_wconf 92' lang='lat' dir='ltr'>iterum</span> <span class='ocrx_word' id='word_1_222' title='bbox 1658 3420 1870 3504; x_wconf 81' lang='lat' dir='ltr'>efflagitavit,</span> 
     </span>
     <span class='ocr_line' id='line_1_26' title="bbox 537 3534 1869 3621; baseline 0 -24"><span class='ocrx_word' id='word_1_223' title='bbox 537 3534 773 3598; x_wconf 89' lang='lat' dir='ltr'>difficultatem</span> <span class='ocrx_word' id='word_1_224' title='bbox 796 3537 956 3619; x_wconf 90' lang='lat' dir='ltr'>precibus</span> <span class='ocrx_word' id='word_1_225' title='bbox 979 3556 1115 3619; x_wconf 89' lang='lat' dir='ltr'>semper</span> <span class='ocrx_word' id='word_1_226' title='bbox 1137 3538 1332 3601; x_wconf 88' lang='lat' dir='ltr'>obiectante</span> <span class='ocrx_word' id='word_1_227' title='bbox 1348 3539 1502 3621; x_wconf 83' lang='lat' dir='ltr'>ingenita</span> <span class='ocrx_word' id='word_1_228' title='bbox 1517 3535 1704 3600; x_wconf 87' lang='lat' dir='ltr'>Abassinis</span> <span class='ocrx_word' id='word_1_229' title='bbox 1720 3538 1869 3605; x_wconf 89' lang='lat' dir='ltr'>levitate,</span> 
     </span>
     <span class='ocr_line' id='line_1_27' title="bbox 438 3651 1872 3734; baseline 0 -21"><span class='ocrx_word' id='word_1_230' title='bbox 438 3715 440 3720; x_wconf 78' lang='grc'><strong>,</strong></span> <span class='ocrx_word' id='word_1_231' title='bbox 537 3663 571 3713; x_wconf 90' lang='lat' dir='ltr'>et</span> <span class='ocrx_word' id='word_1_232' title='bbox 595 3651 716 3714; x_wconf 88' lang='lat' dir='ltr'>inolita</span> <span class='ocrx_word' id='word_1_233' title='bbox 738 3652 1056 3716; x_wconf 83' lang='lat' dir='ltr'>Alexandrinorum</span> <span class='ocrx_word' id='word_1_234' title='bbox 1079 3672 1231 3716; x_wconf 90' lang='lat' dir='ltr'>errorum</span> <span class='ocrx_word' id='word_1_235' title='bbox 1255 3653 1472 3716; x_wconf 89' lang='lat' dir='ltr'>adhaesione.</span> <span class='ocrx_word' id='word_1_236' title='bbox 1498 3652 1578 3716; x_wconf 93' lang='lat' dir='ltr'>Non</span> <span class='ocrx_word' id='word_1_237' title='bbox 1601 3665 1718 3716; x_wconf 90' lang='lat' dir='ltr'>tamen</span> <span class='ocrx_word' id='word_1_238' title='bbox 1739 3652 1872 3734; x_wconf 90' lang='lat' dir='ltr'>penitus</span> 
     </span>
     <span class='ocr_line' id='line_1_28' title="bbox 537 3766 1871 3852; baseline 0.002 -25"><span class='ocrx_word' id='word_1_239' title='bbox 537 3775 615 3828; x_wconf 90' lang='lat' dir='ltr'>sunt</span> <span class='ocrx_word' id='word_1_240' title='bbox 637 3766 795 3837; x_wconf 88' lang='lat' dir='ltr'>reiectae,</span> <span class='ocrx_word' id='word_1_241' title='bbox 820 3786 863 3829; x_wconf 91' lang='lat' dir='ltr'>ne</span> <span class='ocrx_word' id='word_1_242' title='bbox 886 3767 1079 3849; x_wconf 89' lang='lat' dir='ltr'>desperatio</span> <span class='ocrx_word' id='word_1_243' title='bbox 1102 3768 1306 3849; x_wconf 84' lang='lat' dir='ltr'>pollulantia</span> <span class='ocrx_word' id='word_1_244' title='bbox 1329 3770 1363 3832; x_wconf 88' lang='lat' dir='ltr'>in</span> <span class='ocrx_word' id='word_1_245' title='bbox 1388 3769 1505 3831; x_wconf 91' lang='lat' dir='ltr'>multis</span> <span class='ocrx_word' id='word_1_246' title='bbox 1520 3767 1601 3832; x_wconf 92' lang='lat' dir='ltr'>fidei</span> <span class='ocrx_word' id='word_1_247' title='bbox 1621 3770 1779 3852; x_wconf 87' lang='lat' dir='ltr'>germina</span> <span class='ocrx_word' id='word_1_248' title='bbox 1795 3788 1871 3831; x_wconf 92' lang='lat' dir='ltr'>con·</span> 
     </span>
     <span class='ocr_line' id='line_1_29' title="bbox 536 3879 1871 3965; baseline 0.002 -23"><span class='ocrx_word' id='word_1_249' title='bbox 536 3882 728 3943; x_wconf 89' lang='lat' dir='ltr'>taminaret.</span> <span class='ocrx_word' id='word_1_250' title='bbox 753 3879 863 3963; x_wconf 80' lang='lat' dir='ltr'>Quam</span> <span class='ocrx_word' id='word_1_251' title='bbox 887 3881 1087 3965; x_wconf 88' lang='lat' dir='ltr'>Imperator,</span> <span class='ocrx_word' id='word_1_252' title='bbox 1111 3904 1179 3946; x_wconf 93' lang='lat' dir='ltr'>non</span> <span class='ocrx_word' id='word_1_253' title='bbox 1203 3895 1337 3946; x_wconf 92' lang='lat' dir='ltr'>tanturn</span> <span class='ocrx_word' id='word_1_254' title='bbox 1361 3881 1468 3948; x_wconf 85' lang='lat' dir='ltr'>fratre</span> <span class='ocrx_word' id='word_1_255' title='bbox 1491 3882 1566 3947; x_wconf 82' lang='lat' dir='ltr'>Asa</span> <span class='ocrx_word' id='word_1_256' title='bbox 1589 3881 1747 3947; x_wconf 83' lang='lat' dir='ltr'>Christds</span> <span class='ocrx_word' id='word_1_257' title='bbox 1763 3886 1871 3948; x_wconf 90' lang='lat' dir='ltr'>eidem</span> 
     </span>
     <span class='ocr_line' id='line_1_30' title="bbox 538 3996 1873 4082; baseline 0.002 -25"><span class='ocrx_word' id='word_1_258' title='bbox 538 4017 582 4058; x_wconf 88' lang='lat' dir='ltr'>ex</span> <span class='ocrx_word' id='word_1_259' title='bbox 607 3996 736 4060; x_wconf 91' lang='lat' dir='ltr'>intimis</span> <span class='ocrx_word' id='word_1_260' title='bbox 759 3998 872 4060; x_wconf 93' lang='lat' dir='ltr'>cordis</span> <span class='ocrx_word' id='word_1_261' title='bbox 894 3996 989 4061; x_wconf 90' lang='lat' dir='ltr'>fibris</span> <span class='ocrx_word' id='word_1_262' title='bbox 1016 4010 1216 4082; x_wconf 84' lang='lat' dir='ltr'>aggregato,</span> <span class='ocrx_word' id='word_1_263' title='bbox 1248 4001 1309 4062; x_wconf 93' lang='lat' dir='ltr'>sed</span> <span class='ocrx_word' id='word_1_264' title='bbox 1340 4001 1465 4082; x_wconf 90' lang='lat' dir='ltr'>ubique</span> <span class='ocrx_word' id='word_1_265' title='bbox 1496 4019 1701 4082; x_wconf 88' lang='lat' dir='ltr'>promovere</span> <span class='ocrx_word' id='word_1_266' title='bbox 1733 4000 1873 4063; x_wconf 90' lang='lat' dir='ltr'>summis</span> 
     </span>
     <span class='ocr_line' id='line_1_31' title="bbox 537 4112 1874 4200; baseline 0.001 -26"><span class='ocrx_word' id='word_1_267' title='bbox 537 4113 660 4176; x_wconf 90' lang='lat' dir='ltr'>studiis</span> <span class='ocrx_word' id='word_1_268' title='bbox 683 4114 876 4177; x_wconf 88' lang='lat' dir='ltr'>anhelabat.</span> <span class='ocrx_word' id='word_1_269' title='bbox 901 4112 972 4178; x_wconf 88' lang='lat' dir='ltr'>Sed</span> <span class='ocrx_word' id='word_1_270' title='bbox 999 4116 1120 4177; x_wconf 91' lang='lat' dir='ltr'>nullibi</span> <span class='ocrx_word' id='word_1_271' title='bbox 1151 4116 1298 4198; x_wconf 91' lang='lat' dir='ltr'>amplior</span> <span class='ocrx_word' id='word_1_272' title='bbox 1324 4135 1424 4200; x_wconf 82' lang='lat' dir='ltr'>seges</span> <span class='ocrx_word' id='word_1_273' title='bbox 1454 4136 1557 4199; x_wconf 89' lang='lat' dir='ltr'>quam</span> <span class='ocrx_word' id='word_1_274' title='bbox 1588 4119 1678 4180; x_wconf 88' lang='lat' dir='ltr'>inter</span> <span class='ocrx_word' id='word_1_275' title='bbox 1707 4115 1874 4179; x_wconf 89' lang='lat' dir='ltr'>Damotes</span> 
     </span>
     <span class='ocr_line' id='line_1_32' title="bbox 537 4229 1873 4314; baseline 0.002 -23"><span class='ocrx_word' id='word_1_276' title='bbox 537 4229 689 4310; x_wconf 85' lang='lat' dir='ltr'>graviter</span> <span class='ocrx_word' id='word_1_277' title='bbox 711 4231 746 4292; x_wconf 92' lang='lat' dir='ltr'>in</span> <span class='ocrx_word' id='word_1_278' title='bbox 770 4231 877 4311; x_wconf 91' lang='lat' dir='ltr'>ipsius</span> <span class='ocrx_word' id='word_1_279' title='bbox 900 4229 1202 4312; x_wconf 89' lang='lat' dir='ltr'>amplificationem</span> <span class='ocrx_word' id='word_1_280' title='bbox 1225 4241 1259 4294; x_wconf 91' lang='lat' dir='ltr'>et</span> <span class='ocrx_word' id='word_1_281' title='bbox 1275 4233 1310 4294; x_wconf 91' lang='lat' dir='ltr'>in</span> <span class='ocrx_word' id='word_1_282' title='bbox 1326 4234 1585 4314; x_wconf 86' lang='lat' dir='ltr'>superstitiosae</span> <span class='ocrx_word' id='word_1_283' title='bbox 1607 4234 1744 4296; x_wconf 89' lang='lat' dir='ltr'>sabbati</span> <span class='ocrx_word' id='word_1_284' title='bbox 1761 4234 1873 4296; x_wconf 89' lang='lat' dir='ltr'>obser·</span> 
     </span>
     <span class='ocr_line' id='line_1_33' title="bbox 538 4345 1874 4432; baseline 0.002 -27"><span class='ocrx_word' id='word_1_285' title='bbox 538 4345 674 4407; x_wconf 88' lang='lat' dir='ltr'>vantiae</span> <span class='ocrx_word' id='word_1_286' title='bbox 696 4345 907 4408; x_wconf 88' lang='lat' dir='ltr'>evulsionem</span> <span class='ocrx_word' id='word_1_287' title='bbox 931 4347 1128 4410; x_wconf 90' lang='lat' dir='ltr'>connitente</span> <span class='ocrx_word' id='word_1_288' title='bbox 1151 4347 1227 4410; x_wconf 90' lang='lat' dir='ltr'>Ras</span> <span class='ocrx_word' id='word_1_289' title='bbox 1250 4345 1332 4411; x_wconf 74' lang='lat' dir='ltr'>Sela</span> <span class='ocrx_word' id='word_1_290' title='bbox 1355 4345 1513 4411; x_wconf 81' lang='lat' dir='ltr'>Christds</span> <span class='ocrx_word' id='word_1_291' title='bbox 1536 4350 1736 4412; x_wconf 90' lang='lat' dir='ltr'>eorumdem</span> <span class='ocrx_word' id='word_1_292' title='bbox 1753 4348 1874 4432; x_wconf 83' lang='lat' dir='ltr'>gentili</span> 
     </span>
     <span class='ocr_line' id='line_1_34' title="bbox 223 4457 1872 4546; baseline 0.004 -28"><span class='ocrx_word' id='word_1_293' title='bbox 223 4470 339 4518; x_wconf 77' lang='lat' dir='ltr'>Parrum</span> <span class='ocrx_word' id='word_1_294' title='bbox 367 4482 400 4518; x_wconf 79' lang='lat' dir='ltr'>ex</span> <span class='ocrx_word' id='word_1_295' title='bbox 429 4468 510 4519; x_wconf 75' lang='lat' dir='ltr'>mdia</span> <span class='ocrx_word' id='word_1_296' title='bbox 538 4470 572 4522; x_wconf 89' lang='lat' dir='ltr'>et</span> <span class='ocrx_word' id='word_1_297' title='bbox 595 4457 781 4540; x_wconf 88' lang='lat' dir='ltr'>praefecto.</span> <span class='ocrx_word' id='word_1_298' title='bbox 805 4461 945 4524; x_wconf 89' lang='lat' dir='ltr'>Patrum</span> <span class='ocrx_word' id='word_1_299' title='bbox 970 4481 1104 4544; x_wconf 92' lang='lat' dir='ltr'>quoque</span> <span class='ocrx_word' id='word_1_300' title='bbox 1127 4482 1189 4545; x_wconf 89' lang='lat' dir='ltr'>per</span> <span class='ocrx_word' id='word_1_301' title='bbox 1208 4464 1327 4526; x_wconf 89' lang='lat' dir='ltr'>eadem</span> <span class='ocrx_word' id='word_1_302' title='bbox 1343 4472 1499 4546; x_wconf 88' lang='lat' dir='ltr'>tempora</span> <span class='ocrx_word' id='word_1_303' title='bbox 1514 4483 1561 4526; x_wconf 82' lang='lat' dir='ltr'>ex</span> <span class='ocrx_word' id='word_1_304' title='bbox 1576 4462 1676 4527; x_wconf 91' lang='lat' dir='ltr'>India</span> <span class='ocrx_word' id='word_1_305' title='bbox 1692 4465 1872 4527; x_wconf 89' lang='lat' dir='ltr'>missorum</span> 
     </span>
    </p>
   </div>
   <div class='ocr_carea' id='block_1_3' title="bbox 185 4538 1874 4659">
    <p class='ocr_par' dir='ltr' id='par_1_3' title="bbox 185 4524 2028 4661">
     <span class='ocr_line' id='line_1_35' title="bbox 185 4538 1874 4659; baseline 0.004 -24"><span class='ocrx_word' id='word_1_306' title='bbox 185 4538 332 4590; x_wconf 50' lang='lat' dir='ltr'>“imm</span> <span class='ocrx_word' id='word_1_307' title='bbox 539 4594 698 4638; x_wconf 91' lang='lat' dir='ltr'>numerus</span> <span class='ocrx_word' id='word_1_308' title='bbox 729 4578 902 4640; x_wconf 84' lang='lat' dir='ltr'>excrevit:</span> <span class='ocrx_word' id='word_1_309' title='bbox 932 4579 1079 4659; x_wconf 89' lang='lat' dir='ltr'>primum</span> <span class='ocrx_word' id='word_1_310' title='bbox 1102 4599 1192 4641; x_wconf 88' lang='lat' dir='ltr'>anno</span> <span class='ocrx_word' id='word_1_311' title='bbox 1220 4582 1301 4642; x_wconf 86' lang='lat'>1618</span> <span class='ocrx_word' id='word_1_312' title='bbox 1327 4578 1452 4642; x_wconf 90' lang='lat' dir='ltr'>Didaci</span> <span class='ocrx_word' id='word_1_313' title='bbox 1476 4578 1637 4642; x_wconf 80' lang='lat' dir='ltr'>a&#39;Matos</span> <span class='ocrx_word' id='word_1_314' title='bbox 1669 4581 1811 4644; x_wconf 91' lang='lat' dir='ltr'>lusitani</span> <span class='ocrx_word' id='word_1_315' title='bbox 1839 4589 1874 4642; x_wconf 92' lang='lat' dir='ltr'>et</span> 
     </span>
    </p>
   </div>
   <div class='ocr_carea' id='block_1_4' title="bbox 538 4688 1875 5239">
    <p class='ocr_par' dir='ltr' id='par_1_4' title="bbox 538 4688 2027 5301">
     <span class='ocr_line' id='line_1_36' title="bbox 539 4688 1874 4776; baseline 0.004 -24"><span class='ocrx_word' id='word_1_316' title='bbox 539 4688 684 4753; x_wconf 91' lang='lat' dir='ltr'>Antonii</span> <span class='ocrx_word' id='word_1_317' title='bbox 707 4690 814 4754; x_wconf 91' lang='lat' dir='ltr'>Bruni</span> <span class='ocrx_word' id='word_1_318' title='bbox 837 4694 936 4755; x_wconf 87' lang='lat' dir='ltr'>siculi</span> <span class='ocrx_word' id='word_1_319' title='bbox 961 4694 1133 4775; x_wconf 86' lang='lat' dir='ltr'>ingressu;</span> <span class='ocrx_word' id='word_1_320' title='bbox 1157 4695 1280 4757; x_wconf 91' lang='lat' dir='ltr'>deinde</span> <span class='ocrx_word' id='word_1_321' title='bbox 1304 4715 1337 4776; x_wconf 89' lang='lat' dir='ltr'>p.</span> <span class='ocrx_word' id='word_1_322' title='bbox 1356 4692 1596 4760; x_wconf 89' lang='lat' dir='ltr'>Emmanuelis</span> <span class='ocrx_word' id='word_1_323' title='bbox 1622 4694 1809 4759; x_wconf 90' lang='lat' dir='ltr'>Almeidae</span> <span class='ocrx_word' id='word_1_324' title='bbox 1824 4696 1874 4757; x_wconf 86' lang='lat' dir='ltr'>vi·</span> 
     </span>
     <span class='ocr_line' id='line_1_37' title="bbox 538 4805 1874 4882; baseline 0.005 -15"><span class='ocrx_word' id='word_1_325' title='bbox 538 4806 698 4878; x_wconf 87' lang='lat' dir='ltr'>sitatoris‚</span> <span class='ocrx_word' id='word_1_326' title='bbox 723 4805 958 4871; x_wconf 89' lang='lat' dir='ltr'>Emmanuelis</span> <span class='ocrx_word' id='word_1_327' title='bbox 981 4810 1146 4882; x_wconf 88' lang='lat' dir='ltr'>Barradii,</span> <span class='ocrx_word' id='word_1_328' title='bbox 1163 4809 1330 4874; x_wconf 88' lang='lat' dir='ltr'>Ludovici</span> <span class='ocrx_word' id='word_1_329' title='bbox 1346 4809 1533 4874; x_wconf 88' lang='lat' dir='ltr'>Cardeirae</span> <span class='ocrx_word' id='word_1_330' title='bbox 1549 4821 1583 4874; x_wconf 91' lang='lat' dir='ltr'>et</span> <span class='ocrx_word' id='word_1_331' title='bbox 1599 4810 1629 4873; x_wconf 87' lang='lat' dir='ltr'>F</span> <span class='ocrx_word' id='word_1_332' title='bbox 1630 4813 1778 4876; x_wconf 90' lang='lat' dir='ltr'>rancisci</span> <span class='ocrx_word' id='word_1_333' title='bbox 1794 4810 1874 4875; x_wconf 88' lang='lat' dir='ltr'>Car-</span> 
     </span>
     <span class='ocr_line' id='line_1_38' title="bbox 538 4921 1873 5010; baseline 0.006 -29"><span class='ocrx_word' id='word_1_334' title='bbox 538 4921 644 4983; x_wconf 91' lang='lat' dir='ltr'>valhii</span> <span class='ocrx_word' id='word_1_335' title='bbox 669 4922 892 4986; x_wconf 88' lang='lat' dir='ltr'>lusitanorum</span> <span class='ocrx_word' id='word_1_336' title='bbox 915 4944 1005 4986; x_wconf 89' lang='lat' dir='ltr'>anno</span> <span class='ocrx_word' id='word_1_337' title='bbox 1033 4927 1114 5004; x_wconf 79' lang='lat'>1623</span> <span class='ocrx_word' id='word_1_338' title='bbox 1139 4946 1185 4989; x_wconf 82' lang='lat' dir='ltr'>ex</span> <span class='ocrx_word' id='word_1_339' title='bbox 1208 4925 1307 4989; x_wconf 90' lang='lat' dir='ltr'>India</span> <span class='ocrx_word' id='word_1_340' title='bbox 1331 4927 1483 4991; x_wconf 88' lang='lat' dir='ltr'>discessu</span> <span class='ocrx_word' id='word_1_341' title='bbox 1507 4938 1552 4999; x_wconf 91' lang='lat' dir='ltr'>et,</span> <span class='ocrx_word' id='word_1_342' title='bbox 1569 4939 1648 5010; x_wconf 93' lang='lat' dir='ltr'>post</span> <span class='ocrx_word' id='word_1_343' title='bbox 1664 4927 1816 4991; x_wconf 92' lang='lat' dir='ltr'>hiemem</span> <span class='ocrx_word' id='word_1_344' title='bbox 1838 4927 1873 4989; x_wconf 91' lang='lat' dir='ltr'>in</span> 
     </span>
     <span class='ocr_line' id='line_1_39' title="bbox 538 5035 1874 5125; baseline 0.005 -27"><span class='ocrx_word' id='word_1_345' title='bbox 538 5035 670 5099; x_wconf 89' lang='lat' dir='ltr'>Arabia</span> <span class='ocrx_word' id='word_1_346' title='bbox 693 5048 911 5111; x_wconf 88' lang='lat' dir='ltr'>transactam,</span> <span class='ocrx_word' id='word_1_347' title='bbox 936 5041 1055 5104; x_wconf 89' lang='lat' dir='ltr'>adulto</span> <span class='ocrx_word' id='word_1_348' title='bbox 1078 5044 1253 5124; x_wconf 89' lang='lat' dir='ltr'>sequentis</span> <span class='ocrx_word' id='word_1_349' title='bbox 1283 5043 1363 5105; x_wconf 90' lang='lat' dir='ltr'>anni</span> <span class='ocrx_word' id='word_1_350' title='bbox 1395 5043 1549 5106; x_wconf 87' lang='lat' dir='ltr'>ianuario</span> <span class='ocrx_word' id='word_1_351' title='bbox 1580 5044 1616 5106; x_wconf 94' lang='lat' dir='ltr'>in</span> <span class='ocrx_word' id='word_1_352' title='bbox 1648 5043 1874 5125; x_wconf 87' lang='lat' dir='ltr'>Aethiopiam</span> 
     </span>
     <span class='ocr_line' id='line_1_40' title="bbox 538 5152 1875 5239; baseline 0.005 -25"><span class='ocrx_word' id='word_1_353' title='bbox 538 5153 692 5234; x_wconf 88' lang='lat' dir='ltr'>appulsu.</span> <span class='ocrx_word' id='word_1_354' title='bbox 717 5152 849 5235; x_wconf 87' lang='lat' dir='ltr'>Quibus</span> <span class='ocrx_word' id='word_1_355' title='bbox 872 5174 1046 5219; x_wconf 89' lang='lat' dir='ltr'>accessere</span> <span class='ocrx_word' id='word_1_356' title='bbox 1069 5158 1228 5238; x_wconf 89' lang='lat' dir='ltr'>proximo</span> <span class='ocrx_word' id='word_1_357' title='bbox 1244 5157 1328 5220; x_wconf 91' lang='lat' dir='ltr'>iulio</span> <span class='ocrx_word' id='word_1_358' title='bbox 1351 5168 1467 5239; x_wconf 90' lang='lat' dir='ltr'>patres</span> <span class='ocrx_word' id='word_1_359' title='bbox 1482 5157 1690 5222; x_wconf 89' lang='lat' dir='ltr'>Emmanuel</span> <span class='ocrx_word' id='word_1_360' title='bbox 1706 5159 1875 5231; x_wconf 88' lang='lat' dir='ltr'>Lameira,</span> 
     </span>
    </p>
   </div>
   <div class='ocr_carea' id='block_1_5' title="bbox 0 0 2066 6180">
    <p class='ocr_par' dir='ltr' id='par_1_5' title="bbox 0 0 2066 6180">
     <span class='ocr_line' id='line_1_41' title="bbox 0 0 2066 6180; baseline 0 0"><span class='ocrx_word' id='word_1_361' title='bbox 0 0 2066 6180; x_wconf 95' lang='lat' dir='ltr'> </span> 
     </span>
    </p>
   </div>
  </div>
 </body>
</html>
