4066 6174
1207 10 1427 171 Χ

597 651 712 700 LIBER
735 652 773 711 11,
797 652 921 701 CAPUT
957 652 1084 703 XXXV.
1444 660 1502 722 391

169 810 327 864 extremo
352 801 444 864 vitae
466 799 567 863 limiti
590 798 817 881 applicatum;
840 808 998 881 oportere
1021 810 1059 864 ut
1081 801 1125 863 de
1148 800 1254 863 animi
1277 802 1388 865 salute
1412 812 1507 867 cura·

169 926 231 988 ret,
255 926 289 980 et
313 924 432 979 notum
456 914 584 979 faceret
607 916 664 978 cui
685 913 765 979 fidei
788 917 823 979 in
846 924 957 979 morte
991 916 1178 979 adhereret
1203 916 1299 980 Tunc
1329 937 1415 980 voce
1445 938 1506 981 ex·

169 1033 299 1115 pedita,
323 1033 417 1095 elata
439 1040 473 1096 et
495 1050 622 1115 magno
637 1032 743 1095 animi
759 1030 884 1095 affectu
900 1033 1091 1114 respondit:
1107 1032 1147 1096 In
1171 1041 1310 1096 sanctae
1325 1033 1507 1097 Romanae

169 1148 350 1213 Ecclesiae
365 1146 433 1211 fide
448 1147 592 1221 morior;
612 1149 681 1211 iam
697 1146 841 1211 crimina
852 1168 927 1211 sum
943 1147 1121 1213 confessus
1136 1158 1169 1212 et
1185 1148 1373 1213 Basilidem
1389 1150 1506 1223 semel,

169 1276 204 1329 et
227 1267 368 1347 saepius
391 1263 494 1348 (quod
517 1283 635 1328 verum
658 1263 742 1349 erat)
778 1274 989 1328 contestatus
1015 1266 1110 1338 haec,
1142 1285 1229 1347 quae
1260 1276 1368 1348 gesta,
1400 1265 1507 1331 fuisse

170 1383 214 1445 ad
238 1383 448 1455 rusticanos;
471 1381 666 1444 Romanam
689 1391 803 1445 tamen
819 1379 919 1444 fidem
938 1382 1047 1445 solam
1063 1393 1216 1446 sanctam
1237 1401 1312 1447 esse
1328 1392 1363 1446 et
1377 1401 1505 1455 verani,

170 1496 408 1561 Patriarcham
431 1507 465 1561 et
503 1505 616 1579 patres
643 1497 708 1579 ipsi
739 1506 817 1560 ante
848 1498 961 1561 omnia
991 1499 1243 1562 commendans.
1274 1497 1385 1580 Quam
1416 1509 1507 1563 recte

170 1613 239 1677 hoc
262 1622 370 1695 pater,
394 1623 464 1677 tam
489 1613 623 1697 ingrate
646 1622 680 1675 et
704 1612 809 1695 impie
831 1613 891 1676 ille
914 1633 960 1677 ex
983 1615 1128 1679 adverso
1162 1614 1341 1696 praestitit.
1372 1613 1508 1678 Monuit

170 1731 276 1793 etiam
300 1739 397 1811 pater
419 1730 586 1811 optimum
608 1727 701 1794 factu
725 1748 811 1804 esse,
826 1730 855 1792 si
871 1732 915 1794 de
930 1728 994 1803 his,
1019 1730 1052 1791 in
1076 1731 1199 1813 quibus
1222 1730 1267 1794 ab
1289 1730 1409 1793 ultima
1428 1749 1508 1793 con·

172 1844 324 1910 fessione
347 1846 548 1928 deliquerat,
572 1866 697 1911 novam
720 1856 865 1919 texeret,
890 1857 924 1911 et
947 1866 1043 1911 sacra
1069 1866 1106 1910 se
1135 1845 1353 1910 Eucharistia
1376 1848 1410 1910 in
1433 1848 1507 1909 exi·

172 1971 246 2024 tum
270 1962 426 2025 muniret.
451 1960 596 2045 Utrique
619 1964 669 2025 rei
692 1964 819 2035 annuit,
843 1964 904 2026 sed
928 1972 1083 2025 neutram
1107 1962 1257 2046 peregit;
1278 1982 1356 2027 nam
1372 1981 1507 2045 procra-

172 2079 359 2141 stinantem
382 2096 475 2142 mors
499 2076 748 2171 praefestinans
773 2080 886 2161 rapuit
916 2079 972 2142 die
1002 2080 1136 2142 decima
1165 2089 1264 2142 sexta
1294 2080 1507 2161 septembris,

174 2213 263 2275 quae
286 2204 359 2258 erat
382 2191 468 2258 feria
490 2196 608 2278 quinta
630 2197 711 2259 anni
726 2195 900 2258 millesimi
917 2195 1157 2258 sexcentesimi
1173 2195 1341 2277 trigesimi
1356 2195 1506 2268 secundi,

174 2312 298 2374 aetatis
320 2330 403 2374 suae
426 2311 645 2396 sexagesimo
668 2314 789 2395 primo,
815 2314 912 2396 regni
937 2311 1107 2394 vigesimo
1130 2320 1263 2375 octavo.

265 2424 314 2506 *7.
339 2425 371 2493 Ο
394 2426 564 2492 infinitum
586 2449 723 2494 auream
746 2430 894 2492 hominis
921 2429 1072 2492 indolem
1107 2430 1382 2510 pernoscentium
1413 2428 1507 2491 dolo·
1569 2431 1786 2486 n'xclamnuo
1823 2435 1853 2486 ln

174 2564 246 2608 rem
270 2554 305 2607 et
327 2563 520 2626 supremam
543 2544 637 2609 illius
659 2543 915 2609 infelicitatem!
940 2544 1078 2629 Regem
1101 2555 1152 2609 tot
1167 2556 1308 2608 naturae
1327 2554 1360 2607 et
1375 2545 1508 2626 gratiae
1534 2507 1598 2629 {¹1¹2}
1615 2507 1714 2645 'ff'
1732 2507 1854 2557 ΝΟΜ

174 2661 313 2724 dotibus
336 2670 549 2735 exornatum,
574 2662 696 2725 robore
726 2672 760 2725 et
793 2659 992 2724 fortitudine
1026 2661 1298 2742 praecellentem,
1329 2660 1509 2742 prudentia

175 2787 210 2840 et
233 2774 465 2841 munificentia
488 2778 668 2862 insignem,
691 2780 749 2862 qui
765 2787 816 2841 tot
830 2777 994 2841 victorias
1009 2799 1029 2841 a
1044 2779 1114 2840 suis
1128 2777 1284 2840 hostibus
1299 2778 1509 2839 continenter

175 2903 418 2975 reportaverat,
443 2895 512 2976 qui,
537 2895 617 2957 dum
641 2915 742 2958 verae
766 2893 845 2957 fidei
869 2895 1006 2967 studuit,
1029 2903 1081 2956 tot
1104 2914 1125 2956 a
1148 2892 1224 2958 Deo
1257 2891 1426 2956 beneficia
1448 2911 1509 2955 ex·

175 3018 323 3091 ceperat,
348 3009 381 3072 in
406 3028 483 3072 eam
506 3011 629 3073 mentis
653 3009 837 3092 caliginem
861 3011 1027 3074 corruisse
1050 3020 1085 3072 ut
1110 3010 1153 3072 ab
1169 3008 1262 3073 illius
1278 3006 1345 3072 fide
1360 3006 1510 3071 fovenda

174 3134 210 3187 et
233 3126 466 3207 promovenda
488 3126 660 3190 abstiterit
683 3135 728 3199 et,
758 3146 963 3209 quamquam
994 3127 1091 3189 illam
1122 3146 1141 3189 e
1171 3127 1274 3189 corde
1305 3145 1373 3188 non
1403 3126 1509 3206 depo·

175 3242 291 3313 suerit,
315 3261 418 3304 causa
441 3240 542 3305 fuerit
564 3251 602 3306 ut
624 3243 721 3305 multi
744 3242 788 3306 ad
811 3243 1035 3306 deserendam
1068 3243 1318 3314 inducerentur,
1342 3242 1408 3305 sibi
1435 3260 1509 3323 per-

175 3357 411 3420 suasissimum
446 3355 585 3431 faciens,
610 3359 640 3421 si
663 3359 775 3422 Deum
809 3358 983 3441 ipsiusque
1017 3357 1120 3421 fidem
1154 3358 1373 3441 posthaberet
1399 3367 1433 3421 et
1459 3377 1510 3421 re·

176 3471 285 3536 ditum
308 3474 353 3536 ad
376 3484 553 3555 parentum
576 3493 712 3538 suorum
736 3493 867 3539 errores
889 3476 959 3539 suis
977 3476 1199 3557 permitteret,
1216 3475 1342 3558 vulgus
1357 3473 1510 3557 ignobile

175 3590 314 3671 tyranni
336 3609 469 3672 sequax
490 3590 556 3654 sibi
580 3591 844 3674 adiungendum,
875 3600 910 3654 et
932 3590 1113 3672 imperium
1143 3589 1178 3651 in
1208 3589 1263 3652 his
1293 3590 1410 3652 mundi
1440 3587 1510 3652 fae-

177 3705 275 3769 cibus
297 3715 331 3769 et
354 3707 530 3770 daemonis
553 3708 832 3789 manipularibus,
857 3716 892 3771 et
914 3726 983 3770 non
1006 3708 1041 3768 in
1064 3705 1140 3770 Deo
1166 3702 1379 3779 firmandum,
1395 3706 1452 3787 qui
1475 3707 1510 3767 in

178 3822 365 3885 maioribus
386 3821 552 3904 periculis
572 3821 683 3906 ipsum
699 3842 871 3905 nunquam
887 3821 1059 3887 defecerat
1074 3831 1118 3894 et,
1135 3832 1172 3885 ut
1187 3824 1379 3904 superiores
1396 3822 1512 3885 hostes

177 3939 372 4021 subegerat,
403 3940 454 4001 sic
486 3948 662 4020 presentes
692 3951 782 4003 esset
813 3939 1070 4022 subiugaturusl
1103 3938 1180 4001 Hac
1212 3946 1292 4001 note
1326 3946 1360 3999 et
1390 3934 1511 3999 infami

177 4052 340 4137 stigmate
362 4064 585 4136 compunctus
606 4056 714 4118 vitam
737 4055 791 4117 vir
813 4054 872 4117 ille
895 4052 992 4127 finiit,
1016 4074 1084 4135 quo
1115 4055 1180 4117 nisi
1211 4052 1454 4117 conscientiam
1477 4062 1513 4115 et

179 4167 307 4232 famam
330 4163 488 4243 inureret,
512 4169 778 4252 aethiopicorum
813 4170 1062 4253 Imperatorum
1090 4180 1211 4234 vertex
1241 4169 1309 4233 dici
1339 4179 1454 4252 posset
1477 4177 1511 4232 et

179 4304 255 4347 cum
279 4282 457 4367 quibusvis
480 4286 568 4357 aliis,
591 4305 677 4368 quos
700 4287 768 4350 alia
791 4306 978 4370 suspexere
1000 4305 1107 4369 regna
1130 4296 1164 4350 et
1187 4286 1322 4349 saecula
1343 4286 1511 4367 componi.

269 4404 298 4463 8.
323 4398 460 4484 Viginti
483 4401 632 4483 quinque
661 4400 724 4463 filii
756 4403 908 4476 masculi,
936 4413 1070 4484 praeter
1095 4405 1211 4484 plures
1235 4399 1402 4465 foeminas
1432 4411 1512 4465 ante
1575 4408 1649 4460 Novi
1679 4407 1860 4489 imperatoris

180 4515 286 4597 ipsius
309 4517 441 4579 obitum
463 4515 596 4580 animos
618 4516 767 4580 haeresis
789 4516 1003 4599 professione
1017 4527 1240 4599 peremerunt
1258 4514 1328 4580 Sed
1344 4527 1513 4580 maturato
1540 4478 1859 4605 ffurvefflffigfflffie

179 4633 215 4694 in
237 4631 376 4695 illorum
399 4650 544 4714 corpora
567 4632 704 4696 divinae
727 4632 876 4697 iustitiae
900 4636 992 4718 rigor
1015 4633 1211 4718 evigilavit3
1232 4636 1294 4697 vix
1310 4634 1399 4696 enim
1415 4644 1513 4715 pater

180 4747 298 4811 oculos
320 4748 500 4820 clauserat,
525 4768 601 4811 cum
626 4751 784 4831 princeps
807 4759 841 4813 et
865 4769 973 4814 novus
996 4771 1059 4814 rex
1081 4750 1262 4823 Basilides,
1286 4759 1323 4812 ut
1345 4770 1383 4813 se
1409 4770 1429 4813 a
1456 4769 1512 4812 cu·

180 4863 228 4925 ris
258 4863 427 4936 liberaret,
463 4883 581 4928 omnes
611 4866 646 4927 in
676 4866 815 4929 vincula
849 4867 1032 4950 compegit,
1063 4878 1197 4949 praeter
1230 4866 1419 4938 Claudium,
1454 4867 1513 4947 qui

180 4980 275 5042 solus
298 4981 387 5043 inter
410 4989 563 5044 caeteros
593 4999 774 5063 germanus
804 4991 895 5058 erat;
925 4993 1060 5065 sumpto
1090 4983 1259 5065 principio
1286 5002 1307 5045 a
1330 4981 1456 5044 Iacobo
1479 4993 1514 5046 et

181 5094 286 5170 Iust0,
308 5095 401 5178 quod
425 5097 498 5158 nati
520 5108 634 5161 essent
656 5097 708 5161 lte
731 5096 861 5162 Amata
883 5097 1056 5172 Michelis,
1079 5100 1230 5162 secunda
1256 5097 1363 5180 patris
1395 5117 1515 5171 uxore,

181 5211 269 5273 inter
292 5212 442 5297 tigraeos
463 5212 653 5277 clarissima
675 5222 710 5278 et
732 5214 909 5297 sanguinis
942 5215 1191 5278 necessitudine
1213 5234 1291 5277 cum
1315 5233 1429 5276 eorum
1454 5234 1514 5295 po·
