4058 6178
534 543 594 616 148
863 555 1137 606 EXPEDITIONIS
1160 557 1422 608 AETHIOPICAE
1445 559 1525 609 ETC.

529 699 750 763 tribunalium
775 702 952 775 iudicibus,
976 702 1186 776 doctoribus,
1210 706 1406 769 cantoribus
1436 716 1470 769 et
1500 707 1718 790 gravioribus
1744 728 1847 771 mona·

530 815 614 888 chis,
637 813 714 898 *qui
737 836 897 881 romanae
919 816 1000 882 fidei
1035 840 1157 883 nomen
1192 821 1367 895 dederant,
1392 833 1444 886 est
1473 824 1695 888 desideratus.
1719 825 1758 887 In
1781 845 1847 908 sug·
1869 838 1883 884 t.
1900 849 1930 896 μ.

528 942 637 1013 gestu,
667 932 723 995 ubi
756 934 993 1015 imperatorius
1024 936 1165 999 thronus
1196 939 1380 1009 visebatur,
1404 939 1492 1002 duae
1519 940 1627 1003 sellae
1650 939 1848 1023 augustiores

529 1047 733 1120 eminebant,
759 1048 792 1110 in
815 1067 958 1130 quarum
983 1051 1091 1121 laeva,
1117 1050 1371 1133 pontificalibus
1394 1054 1603 1133 ornamentis
1629 1066 1662 1118 et
1688 1057 1776 1118 tiara
1803 1076 1848 1118 su·

528 1163 653 1233 blimis,
679 1164 878 1227 Patriarcha
900 1167 949 1228 sic
973 1167 1017 1229 ad
1040 1166 1229 1232 confertam
1253 1169 1454 1233 concionem
1477 1181 1530 1233 est
1553 1190 1704 1234 exorsus.

1110 1438 1281 1501 Hortatio.

216 1634 441 1717 uunmqsentum
458 1645 501 1685 ¹⁰·
620 1654 649 1713 3.
674 1633 901 1699 Obedientiae
924 1637 1140 1699 sanctissImo
1164 1636 1303 1700 domino
1330 1648 1445 1701 nostro
1472 1636 1615 1700 Urbano
1642 1637 1758 1699 divina
1783 1656 1850 1718 pro·

180 1707 238 1757 ω
254 1705 411 1758 mm
529 1752 682 1814 videntia
705 1772 815 1833 papae
839 1751 927 1814 VIII
950 1762 984 1815 et
1018 1751 1194 1816 fidelitatis
1220 1752 1398 1817 Ecclesiae
1425 1753 1607 1817 Romanae
1638 1754 1849 1817 iuramentum

529 1888 550 1928 a
566 1868 751 1930 monarcha
774 1867 1011 1949 potentissimo
1034 1866 1152 1932 Seltan
1177 1867 1336 1953 Seguedo
1352 1879 1387 1932 et
1406 1871 1566 1933 universo
1586 1870 1692 1951 ipsius
1718 1870 1851 1951 imperio

529 1993 721 2053 exacturus,
746 1995 780 2045 et
803 2003 921 2046 omnes
944 1984 1003 2065 qui
1026 1985 1148 2048 adsunt
1171 1994 1206 2047 et
1229 1987 1263 2047 in
1288 1983 1330 2048 iis
1354 1993 1462 2048 totam
1486 1983 1710 2066 Aethiopiam
1729 1985 1773 2047 ad
1787 1983 1850 2045 uni·

529 2107 634 2160 tatem
659 2110 692 2161 et
720 2099 874 2162 intimam
906 2119 982 2162 cum
1013 2101 1151 2172 eadem,
1165 2099 1322 2164 Ecclesia
1353 2101 1626 2164 communionem
1657 2102 1850 2169 hortaturus,

530 2234 596 2294 quo
619 2214 834 2296 potissimum
857 2225 942 2288 utar,
962 2236 1063 2299 quam
1079 2218 1259 2279 verborum
1276 2218 1412 2279 illorum
1428 2217 1583 2289 exordio,
1598 2218 1722 2297 quibus
1741 2216 1852 2278 Petms

528 2328 707 2393 Ecclesiae
730 2340 851 2394 vertex
874 2340 1006 2395 tantum
1039 2329 1214 2413 fastigium
1246 2343 1297 2396 est
1324 2332 1537 2415 promeritus,
1569 2343 1602 2394 et
1633 2332 1711 2395 aliIs
1740 2330 1852 2413 quibus

529 2444 685 2508 Christus
708 2447 866 2509 dominus
889 2447 997 2528 ipsius
1020 2445 1271 2510 confessionem
1302 2449 1505 2530 approbans,
1537 2448 1649 2510 eidem
1680 2446 1852 2528 primatum

530 2562 564 2623 in
589 2580 708 2624 omnes
731 2560 922 2643 Apostolos
945 2574 978 2626 et
1002 2560 1177 2626 Ecclesiae
1192 2565 1383 2626 concessit?
1400 2562 1598 2644 Discipulos
1613 2562 1673 2625 ille
1688 2581 1778 2633 suos,
1792 2579 1853 2623 non

528 2688 563 2739 ut
587 2676 743 2750 disceret,
759 2678 819 2740 sed
837 2686 873 2741 ut
889 2679 1037 2751 doceret,
1054 2679 1136 2759 quid
1152 2680 1194 2741 de
1211 2699 1247 2741 se
1263 2680 1419 2742 homines
1434 2680 1608 2750 sentirent,
1627 2677 1852 2760 interrogavit.

530 2792 683 2856 Caeteris
713 2804 825 2857 autem
861 2795 968 2857 varia'
991 2804 1025 2858 et
1056 2795 1196 2857 omnino
1227 2793 1317 2858 falsa
1347 2793 1581 2866 referentibus,
1613 2794 1786 2876 proprium
1816 2791 1855 2851 ab

530 2908 613 2989 ipsis
637 2907 835 2991 suffragium
859 2910 1038 2992 requssivit
1051 2909 1104 2993 (ι).
1125 2910 1201 2973 Illis
1216 2921 1329 2973 autem
1345 2911 1402 2974 vel
1419 2909 1664 2993 ignorantibus,
1681 2910 1735 2972 vel
1753 2906 1855 2970 haesi·

529 3024 680 3087 tantibus
704 3025 827 3089 Petrus
849 3026 1027 3089 audentior
1050 3037 1084 3090 et
1108 3026 1253 3089 celerior
1275 3046 1337 3109 pro
1353 3026 1511 3090 omnibus
1525 3027 1717 3107 respondit:
1755 3024 1806 3087 Tu
1826 3042 1857 3085 es

531 3137 691 3203 Chrt'stus
705 3141 813 3224 filius
836 3141 908 3204 Dei
927 3141 1062 3225 orbib),
1085 3162 1152 3224 qua
1174 3145 1344 3206 sententia
1358 3141 1522 3224 quidquid
1539 3143 1581 3204 de
1594 3139 1730 3203 Christo
1754 3139 1856 3202 credi·

530 3255 635 3327 derat,
659 3277 761 3319 unam
784 3257 917 3320 scilicet
939 3258 1046 3339 ipsius
1068 3277 1144 3321 esse
1170 3277 1352 3340 personam
1375 3258 1615 3340 duplIcemque
1632 3269 1795 3325 naturam,
1810 3263 1857 3315 est

531 3372 720 3452 amplexus,
745 3383 781 3436 ut
805 3373 903 3435 Pauli
933 3373 1096 3437 Emeseni
1126 3394 1184 3437 ore
1215 3376 1359 3437 homilia
1388 3392 1503 3437 coram
1534 3372 1617 3436 divo
1647 3369 1781 3454 Cyrillo
1802 3370 1857 3431 ba·

531 3488 603 3549 bita
615 3488 670 3569 (3),
686 3499 764 3570 post
776 3501 889 3551 actum
901 3491 944 3553 de
962 3489 1113 3553 Nestorii
1129 3491 1264 3553 haeresi
1278 3491 1486 3571 triumphum
1499 3490 1534 3551 in
1554 3488 1794 3551 Alexandrina
1807 3505 1858 3547 ec·

531 3604 636 3665 clesia
658 3613 803 3667 testatus
826 3615 877 3667 est
901 3605 991 3669 idem
1015 3605 1175 3689 Cyrillus.
1200 3603 1338 3669 Certum
1362 3607 1453 3669 enim
1476 3613 1539 3676 est,
1556 3604 1591 3667 id
1607 3625 1628 3666 a
1649 3620 1858 3686 quocumque

531 3717 613 3792 dici,
635 3721 727 3801 quod
750 3740 865 3784 coram
889 3722 963 3803 ipso
986 3723 1022 3784 in
1046 3723 1152 3804 ipsius
1174 3722 1321 3805 gratiam
1345 3731 1379 3784 et
1402 3723 1478 3802 Ipso
1502 3721 1696 3802 plaudente,
1718 3716 1859 3781 affirma·

218 3838 310 3923 verb·
330 3836 406 3886 Petri
418 3850 503 3886 unam
530 3844 593 3896 tur.
623 3835 656 3897 T
651 3857 675 3898 u
691 3857 725 3899 er
748 3835 905 3899 Christus
926 3839 986 3919 (ait
1010 3836 1209 3920 Emesenus)
1232 3841 1361 3900 reaturo
1383 3834 1509 3920 duplex
1532 3834 1651 3917 (altera
1664 3853 1791 3915 nempe
1814 3832 1860 3893 di·
1986 3868 1987 3935 l

183 3909 288 3962 Christi
309 3923 458 3972 personam
477 3920 505 3960 et
557 3951 563 3964 .
830 3955 836 3967 ,
1365 3954 1370 3967 ,
1703 3950 1709 3961 ,
1732 3950 1738 3961 ,
1858 3944 1863 3955 .

184 3985 254 4034 duas
266 3992 503 4044 mmmmm„
532 3972 620 4023 vina,
646 3971 732 4032 quae
756 3964 865 4037 ungu,
888 3955 996 4016 altera
1018 3954 1166 4016 humana
1188 3972 1275 4036 quae
1290 3952 1449 4036 ungitur).
1474 3952 1634 4014 Addens:
1658 3949 1777 4013 Falsus
1795 3947 1860 4010 Det
1986 3946 1987 3999 l

185 4056 289 4105 rerunt.
530 4067 609 4141 vui,
632 4069 770 4154 agnovit
791 4068 927 4132 unt'cam
945 4074 1137 4153 personam,
1152 4089 1228 4130 eam
1251 4089 1334 4131 vero
1357 4069 1509 4130 diuinam
1534 4088 1579 4130 ex
1599 4077 1695 4149 patre
1711 4066 1860 4150 genitam

531 4192 565 4245 et
577 4185 688 4246 eidem
701 4184 1035 4248 consubstantialem.
1048 4184 1114 4247 Est
1127 4183 1217 4247 enim
1229 4184 1414 4270 gemratzb,
1426 4185 1611 4247 secundum
1623 4180 1862 4262 Philosophos

526 4300 690 4383 processio
713 4321 733 4362 o
751 4300 923 4385 prz'nczpz'o
945 4299 1032 4363 vz‘tae
1047 4300 1228 4364 mtrmseco
1242 4301 1290 4363 ad
1300 4299 1563 4363 sz'rnilri‘udinem
1577 4297 1624 4380 (4)
1636 4297 1692 4360 vel
1708 4297 1862 4359 identita-

531 4426 599 4477 tem
615 4418 661 4497 (in
678 4416 755 4478 aliis
770 4417 1045 4499 generationibus
1060 4414 1266 4497 specificam,
1278 4419 1312 4479 in
1329 4418 1447 4479 divina
1463 4412 1681 4494 numericam)
1698 4413 1737 4476 in
1753 4411 1862 4476 eadem

531 4535 668 4603 notzere,
692 4533 786 4595 cuius
809 4535 939 4595 ratione
963 4533 1067 4596 dixit:
1090 4533 1163 4617 Ego
1184 4536 1219 4595 et
1234 4536 1457 4616 paterunum
1469 4551 1587 4594 sumus
1602 4528 1657 4612 (5),
1673 4538 1708 4591 et
1723 4530 1863 4591 iterum:

532 4647 593 4729 qui
604 4648 694 4710 vadet
709 4670 759 4711 mc
774 4649 866 4712 vallet
879 4653 912 4712 et
933 4649 1074 4713 Patrem
1091 4668 1200 4712 rneum
1217 4651 1271 4730 (ὁ).
1296 4649 1398 4711 Hanc
1420 4665 1585 4729 personae
1608 4647 1779 4708 unitatem
1804 4642 1863 4712 Tu,

531 4781 719 4844 pronomen
735 4765 1047 4837 demonstrativum,
1062 4766 1199 4837 indicat,
1216 4766 1307 4846 quod
1322 4783 1513 4827 sermonem
1529 4782 1597 4825 non
1614 4763 1659 4825 ad
1673 4762 1792 4842 plures
1807 4779 1864 4822 ex·

534 4879 653 4951 tendit,
677 4880 737 4942 sed
753 4882 797 4943 ad
814 4901 915 4943 unum
932 4883 1105 4964 singulare
1122 4891 1156 4945 et
1172 4881 1512 4944 incom*municabile
1528 4879 1741 4943 individuum
1768 4878 1865 4960 (sicut
1889 4877 1905 4927 f.
1920 4882 1964 4931 5²³·

619 5037 659 5103 (1)
677 5041 790 5097 lsattk,
812 5037 852 5097 16,
871 5056 896 5092 n.
918 5051 958 5102 13.
981 5070 1008 5078 -
1030 5040 1071 5108 (2)
1090 5041 1203 5099 Ibld.,n.
1220 5040 1259 5093 16.
1273 5070 1306 5078 —
1321 5043 1358 5104 (3)
1371 5040 1493 5090 Homilia
1508 5052 1518 5088 1
1535 5055 1622 5089 coram
1635 5039 1697 5088 divo
1710 5037 1824 5104 Cyrillo.
1835 5061 1866 5073 ·-

533 5126 570 5191 (4)
589 5128 703 5184 Arist„
724 5137 747 5187 7,
767 5131 898 5192 Metapa,
916 5146 973 5194 cap,
993 5130 1016 5187 8,
1031 5139 1091 5180 text.
1105 5130 1146 5182 28.
1161 5158 1192 5167 -
1207 5130 1247 5195 (5)
1260 5131 1364 5187 Ioann„
1380 5141 1420 5188 10,
1433 5145 1459 5179 n.
1473 5139 1514 5190 30.
1527 5156 1562 5165 -
1575 5126 1614 5192 (6)
1628 5129 1731 5183 Iounn„
1748 5139 1792 5189 14,
1805 5142 1831 5176 n.
1843 5136 1867 5185 9.
