4066 6184
245 2760 310 2808 Non
335 2757 395 2818 regi
425 2749 527 2805 Achus

210 2830 260 2878 ned
290 2828 387 2877 domui
420 2819 529 2875 David
577 2859 582 2870 .

209 2899 262 2949 hoc
281 2898 394 2961 signum
414 2898 504 2946 datur.

553 609 615 682 248
886 618 1160 669 EXPEDlTlONlS
1184 619 1447 669 AETHIOPICAE
1471 620 1550 669 ETC.

551 776 602 828 ter
625 766 822 830 Rebeccam
845 766 1006 839 nubilem,
1030 768 1134 830 etiam
1158 765 1269 829 Maria
1292 765 1426 848 Moysis
1448 785 1555 840 soror,
1580 787 1621 830 eo
1648 778 1741 831 tanto
1757 772 1883 841 senior,

552 892 589 945 ut
612 901 689 945 cum
713 882 786 964 ipse
809 883 952 966 vagiens
975 883 1019 946 ad
1043 882 1114 944 Nili
1145 902 1239 945 oram
1271 882 1306 945 in
1336 880 1467 946 fiscella
1497 893 1588 946 esset
1618 886 1802 965 expositus,
1834 885 1883 948 rei

552 996 654 1061 finem
678 999 883 1080 exploraret,
908 995 999 1061 filiae
1023 998 1212 1061 Pharaonis
1234 1019 1271 1062 se
1294 999 1458 1062 obtulerit
1482 999 1525 1062 ad
1550 1001 1740 1063 vocandam
1765 997 1885 1063 foemi-

552 1134 640 1185 nam,
665 1131 752 1195 quae
776 1115 887 1195 ipsum
911 1115 1143 1185 nutricaretur‚
1169 1125 1310 1177 matrem
1334 1135 1430 1178 suam
1454 1115 1664 1197 perduxerit,
1690 1124 1725 1179 et
1747 1117 1883 1179 domum

552 1250 628 1293 cum
653 1227 822 1292 infantulo
845 1231 891 1293 sit
907 1230 1070 1294 comitata
1083 1228 1184 1314 (quae
1200 1233 1315 1294 omnia
1331 1231 1379 1294 ita
1394 1233 1554 1294 simulate
1569 1240 1605 1294 et
1620 1232 1754 1303 callide,
1771 1233 1885 1314 puella

552 1347 726 1428 septennis
748 1345 873 1428 exequi
901 1366 967 1408 non
995 1348 1121 1427 posset)
1148 1366 1189 1409 eo
1216 1345 1412 1430 Scripturae
1439 1348 1516 1411 loco
1534 1347 1640 1411 Almo
1664 1360 1883 1430 nuncupatur.

552 1462 716 1525 Perrexit
725 1460 842 1545 puello
856 1461 1029 1543 (hebraice
1044 1461 1160 1541 Almo(
1177 1467 1211 1526 et
1224 1462 1352 1527 vocam‘t
1366 1468 1508 1527 matrem
1523 1484 1620 1527 niam
1636 1463 1691 1547 (1).
1708 1463 1884 1527 Hebraeo-

553 1596 627 1640 rum
651 1579 755 1640 etiam
779 1577 979 1640 iuvenculae
1002 1598 1089 1660 quae
1109 1580 1265 1642 eamdem
1282 1578 1428 1642 Mariam
1444 1599 1520 1642 cum
1537 1582 1711 1662 tympanis
1726 1591 1759 1643 et
1775 1581 1886 1643 sistris

553 1714 613 1776 per
636 1713 728 1756 mare
751 1692 908 1756 Rubrum
933 1705 1011 1757 sunt
1041 1704 1254 1768 consecutae,
1287 1696 1367 1758 licet
1398 1698 1432 1758 in
1463 1694 1589 1759 Exodo
1620 1697 1752 1759 ratione
1782 1715 1886 1759 sexus

553 1811 708 1872 dieantur
731 1811 899 1882 mulieres,
925 1831 945 1873 a
971 1810 1108 1874 Davide
1139 1820 1279 1893 propter
1306 1811 1566 1875 absconsionem
1593 1820 1628 1874 et
1655 1814 1884 1895 integritatem

554 1935 719 1988 vocantur
735 1925 883 1997 Alomot,
900 1926 991 2007 quod
1007 1935 1061 1989 est
1076 1927 1209 2008 plurale
1225 1928 1269 1990 ab
1285 1927 1391 1991 Almo
1402 1926 1456 2009 (2).
1474 1924 1534 1991 Sic
1550 1929 1641 1991 enim
1657 1927 1814 1990 hebraice
1826 1928 1885 1990 ha-

554 2044 661 2113 betur,
680 2043 738 2104 ubi
763 2051 878 2104 textus
901 2038 1045 2104 *latinus
1069 2044 1130 2105 ait:
1156 2043 1415 2106 Praevenerunt
1424 2044 1597 2128 principes
1612 2042 1885 2127 conrnmtr'psnl·
1915 2055 1934 2104 s.
1949 2051 1990 2101 nt.
2017 2028 2018 2031 '

553 2158 698 2222 lentr'bzcs
722 2158 760 2221 in
784 2157 890 2221 medio
914 2158 1178 2233 rneenculornm,
1201 2163 1274 2223 sive
1299 2162 1480 2244 virginum,
1498 2159 1821 2244 tympanistriarum
1832 2158 1883 2243 (3).

555 2273 603 2337 Ut
625 2275 912 2357 quemadmodum
935 2273 1049 2347 Almo,
1075 2276 1181 2338 idest
1204 2277 1304 2359 virgo
1328 2278 1461 2358 (nempe
1485 2274 1595 2339 Maria
1618 2274 1754 2358 Moysis
1780 2294 1884 2345 soror,

554 2392 621 2453 iam
653 2401 733 2454 tunc
767 2390 876 2453 multo
900 2393 1008 2453 maior
1038 2393 1279 2473 octogenaria),
1312 2392 1545 2455 Hebraeorum
1571 2397 1636 2476 per
1666 2411 1759 2455 mare
1788 2391 1889 2455 duxit

554 2507 749 2578 exercitum,
772 2508 864 2589 quod
888 2518 982 2571 notat
1005 2509 1105 2571 divus
1129 2508 1346 2580 Ambrosius,
1370 2511 1419 2571 sic
1450 2529 1526 2571 eam
1554 2510 1670 2590 plures
1701 2507 1789 2571 aliae
1818 2508 1884 2568 vir·

555 2625 653 2707 gines
675 2625 901 2705 tripudiantes
923 2626 1170 2707 sequerentur(
1195 2624 1215 2709 ).

645 2745 675 2804 8.
699 2738 800 2803 Unde
830 2749 946 2802 tamen
976 2741 1124 2823 colligis,
1151 2761 1172 2803 o
1199 2738 1374 2813 Salomon,
1399 2741 1510 2804 Isaiae
1534 2739 1821 2813 vaticinationem,
1846 2740 1887 2801 de

556 2876 655 2939 signo
679 2877 699 2918 a
723 2856 797 2917 Deo
821 2857 963 2927 edendo,
999 2856 1209 2938 implendam
1237 2859 1272 2920 in
1303 2856 1374 2920 filio
1406 2877 1452 2921 ex
1483 2857 1602 2919 Achaz
1633 2868 1668 2920 et
1699 2856 1813 2939 puella
1836 2875 1887 2917 se·

556 2973 672 3055 ptenni
688 2975 868 3045 nascituro,
885 2992 961 3035 cum
979 2993 1046 3036 nou
1062 2974 1200 3055 propria
1217 2977 1391 3056 utriusque
1408 2976 1555 3043 nomina,
1573 2976 1632 3036 sed
1645 2973 1756 3036 solum
1775 2971 1888 3054 appel·

557 3091 711 3160 lativum,
736 3099 837 3171 atque
861 3091 1024 3152 insertum
1050 3086 1177 3163 matris,
1201 3093 1292 3172 quod
1316 3102 1368 3153 est
1391 3089 1506 3164 Almo,
1522 3090 1752 3172 proponatur?
1772 3088 1886 3158 Isaias,

556 3206 665 3286 inquit
689 3206 757 3278 ille,
782 3225 859 3268 cum
883 3205 1003 3268 Achae
1027 3207 1303 3287 colloquebatur:
1327 3226 1429 3287 quem
1453 3225 1546 3290 ergo,
1571 3207 1636 3269 nisi
1661 3206 1768 3287 ipsius
1783 3202 1888 3266 filium

557 3323 764 3385 insinuaret?
798 3320 861 3384 Cui
897 3322 1112 3385 Patriarcha:
1148 3322 1314 3404 Ineptam,
1350 3343 1371 3383 o
1402 3320 1577 3393 Salomon,
1613 3321 1888 3385 consecutionem

556 3449 590 3501 et
624 3440 849 3501 certissimam
888 3438 1108 3520 propheticae
1146 3441 1401 3502 consuetudinis
1441 3439 1711 3521 ignorationem!
1751 3437 1886 3500 Falsum

556 3573 690 3636 quoque
714 3557 868 3627 assumis,
893 3573 970 3617 cum
994 3556 1054 3625 ais,
1079 3554 1204 3617 Isaiam
1232 3557 1266 3617 in
1297 3554 1397 3617 huius
1424 3556 1516 3638 signi
1547 3555 1781 3636 propositione
1812 3571 1887 3615 curn

556 3671 662 3751 impio
685 3669 788 3754 Rege
813 3670 973 3733 locutum.
997 3669 1146 3733 Locutus
1168 3671 1306 3752 quidem
1331 3668 1452 3743 fuerat,
1480 3689 1557 3732 cum
1589 3669 1695 3731 dixit:
1719 3669 1802 3732 Pete
1831 3667 1891 3730 nti

557 3785 693 3870 signnm
717 3807 738 3849 o
761 3785 910 3849 Domino
933 3785 1007 3847 Deo
1030 3790 1088 3848 tno
1105 3788 1163 3867 (5),
1187 3786 1249 3848 sed
1265 3806 1341 3848 cum
1358 3786 1441 3867 ipse,
1459 3806 1511 3855 ne,
1531 3787 1559 3848 si
1577 3794 1718 3867 peteret,
1735 3806 1776 3846 eo
1791 3783 1887 3845 exhi·

557 3903 629 3965 bito
653 3899 917 3966 confunderetur
939 3913 973 3965 et
996 3901 1062 3964 Dei
1085 3901 1197 3984 gloria
1221 3913 1411 3987 augeretur,
1435 3903 1598 3966 dixisset:
1623 3901 1705 3963 Non
1723 3905 1836 3985 petam
1857 3903 1888 3962 et

557 4040 624 4081 non
652 4018 782 4082 tentabo
812 4018 1010 4092 Dominum,
1041 4029 1146 4091 vates,
1182 4020 1270 4081 iusta
1302 4020 1537 4102 indignatione
1568 4018 1729 4099 percitus,
1761 4037 1800 4080 eo
1832 4035 1885 4077 ne·

557 4138 683 4218 glecto‚
707 4156 744 4199 se
768 4137 811 4199 ad
834 4137 927 4198 cives
957 4134 1262 4217 Ierosolymitanos
1293 4135 1480 4198 convertit:
1508 4131 1637 4196 Audite
1666 4153 1744 4218 ergo
1774 4132 1885 4195 domas

558 4250 684 4315 David.
708 4252 853 4336 Propter
875 4251 933 4315 noc
959 4251 1053 4315 dabit
1082 4250 1253 4315 Dominus
1282 4251 1352 4335 epse
1381 4250 1469 4314 vobis
1499 4250 1579 4331 (non
1610 4248 1717 4331 Regi)
1743 4248 1883 4335 signum.

559 4369 641 4431 Ecce
671 4367 774 4454 Virgo
797 4368 960 4453 concipiet
988 4372 1024 4431 et
1049 4369 1165 4452 pariet
1186 4368 1310 4452 filium
1327 4366 1381 4450 (6).
1412 4364 1499 4428 Esto
1530 4374 1643 4428 autern
1676 4364 1783 4428 lsaias
1812 4383 1883 4425 cum

558 4484 660 4567 Rege
684 4485 888 4564 loqueretur,
912 4486 1032 4556 nescis,
1056 4484 1243 4546 solemnem
1269 4502 1345 4545 esse
1368 4482 1611 4564 prophetarum
1635 4500 1765 4543 morem
1788 4480 1883 4542 celeri

560 4601 683 4662 mentis
707 4621 727 4662 a
750 4599 826 4662 Deo
849 4601 1009 4663 incitatae
1033 4600 1230 4683 agitatione,
1256 4619 1276 4662 a
1298 4599 1533 4680 praesentibus
1560 4598 1603 4660 ad
1620 4595 1735 4659 futura
1749 4598 1883 4676 abrupte

560 4726 594 4778 et
617 4718 691 4779 sine
714 4717 785 4778 ulla
808 4716 1022 4779 connexione
1045 4715 1266 4787 transvolare,
1291 4725 1324 4777 et
1348 4724 1483 4795 sumpta
1499 4715 1578 4775 inde
1594 4714 1783 4783 occasione,
1799 4709 1881 4773 Me-

560 4833 630 4894 siac
654 4833 867 4913 potissimum
892 4833 1055 4913 mysteria
1078 4833 1272 4913 explicare?
1288 4830 1355 4913 Qui
1372 4840 1465 4895 totus
1481 4839 1534 4893 est
1549 4827 1747 4911 Scripturae
1769 4845 1883 4907 scopus

651 5020 691 5079 (1)
709 5020 802 5077 Exod„
822 5032 846 5077 2,
865 5036 890 5071 n.
912 5020 936 5071 8.
966 5049 998 5055 —
1026 5020 1066 5085 (2)
1085 5020 1178 5075 Exod„
1201 5030 1240 5081 15,
1261 5031 1303 5071 20.
1327 5047 1354 5056 -
1376 5017 1414 5085 (3)
1434 5020 1532 5069 Psalm.
1552 5015 1595 5075 67,
1614 5033 1640 5067 n.
1661 5014 1703 5068 26.
1723 5044 1756 5053 -
1774 5018 1808 5077 (4)
1825 5012 1881 5060 Di-

559 5123 624 5155 vus
653 5108 826 5164 Ambros„
855 5109 930 5172 epist.
957 5108 998 5166 81,
1024 5108 1058 5161 al.
1084 5115 1107 5166 7,
1131 5110 1172 5157 An
1196 5109 1325 5159 Strictum
1347 5116 1456 5174 popam.
1477 5136 1510 5144 -
1529 5105 1570 5173 (5)
1597 5107 1669 5164 lsai,
1701 5116 1723 5166 7,
1743 5122 1766 5156 n.
1786 5116 1822 5153 Η.
1852 5130 1878 5136 -·

560 5196 599 5264 (6)
619 5199 692 5255 lsai„
714 5204 738 5255 7,
757 5214 782 5249 n.
805 5209 844 5260 13,
867 5211 906 5260 14.
