4124 6182
543 551 585 610 94
875 547 1149 599 exeenrrroms
1172 548 1436 599 AETH10P1CAE
1461 550 1541 599 erc.

540 712 578 756 se
601 693 717 756 nidum
741 693 836 758 saxis
858 693 999 759 affixum
1023 696 1221 781 colligebat,
1245 707 1279 761 et
1302 697 1487 780 aliquando
1517 698 1651 760 auctior
1676 716 1781 780 quam
1816 696 1876 759 ad·

541 820 691 883 venerat,
714 830 797 873 auro
819 830 841 874 a
863 812 1110 877 mercatoribus
1132 824 1269 879 extorto
1293 823 1327 877 et
1349 813 1386 876 ln
1410 813 1555 876 laminas
1577 811 1735 884 conflato,
1759 822 1794 875 et
1817 832 1876 895 ga·

542 925 614 988 lero
638 924 679 989 iis
701 936 879 1001 exornato,
903 947 990 1009 quae
1012 930 1126 1011 prisca
1149 928 1215 994 fuit
1238 927 1378 1013 Regum
1403 929 1640 992 abassinorum
1661 947 1797 991 corona
1815 927 1877 990 Bis

540 1038 621 1103 Sela
644 1038 799 1104 Christos
821 1061 899 1105 cum
922 1044 994 1107 suis
1016 1045 1126 1127 copiis
1149 1047 1192 1109 ad
1215 1045 1373 1108 eumdem
1397 1063 1435 1108 se
1457 1045 1613 1116 contulit,
1638 1053 1673 1107 et
1696 1043 1730 1105 in
1762 1042 1875 1125 planis

540 1166 747 1239 superatum,
770 1157 814 1220 ad
836 1157 959 1222 altiora
981 1157 1246 1244 profugientem,
1270 1170 1305 1223 et
1336 1161 1371 1223 in
1402 1160 1445 1222 iis
1474 1160 1613 1241 saepius
1643 1159 1874 1239 conquisitum

540 1273 826 1355 comprehendere
861 1295 928 1337 non
963 1277 1084 1357 potuit.
1120 1274 1290 1357 Quocirca
1321 1274 1569 1357 Imperatorem
1600 1274 1788 1345 admonuit,
1820 1273 1878 1337 'fi-

538 1408 719 1473 graeorum
753 1392 886 1454 animos
921 1392 1185 1476 haudquaquam
1212 1391 1497 1474 tranquillandos,
1529 1392 1596 1455 nisi
1627 1391 1700 1472 ipse
1732 1392 1778 1454 ad
1808 1411 1876 1462 eos,

538 1524 701 1568 coronam
725 1505 759 1568 in
784 1506 1022 1571 Auxumitano
1044 1508 1175 1590 templo
1197 1519 1391 1592 sumpturus
1414 1509 1605 1579 accederet,
1625 1518 1659 1571 et
1674 1517 1756 1570 tunc
1772 1504 1875 1570 facile

539 1630 720 1703 tyrannum
745 1622 842 1684 illum
865 1624 1104 1706 subigendum,
1128 1625 1277 1688 Parabat
1299 1644 1337 1687 se
1359 1625 1403 1686 ad
1426 1644 1501 1687 eam
1525 1622 1784 1705 expeditionem
1807 1621 1874 1684 Im·

538 1745 686 1821 perator,
709 1737 771 1800 sed
795 1748 935 1802 coactus
957 1750 1009 1803 est
1031 1739 1264 1824 Bagamediro
1287 1763 1308 1803 a
1331 1738 1442 1804 Gallis
1465 1751 1634 1822 occupato
1657 1758 1758 1821 opem
1775 1736 1877 1810 ferre,

539 1852 706 1935 aquibus
729 1854 876 1934 primum
900 1864 1088 1937 superatus,
1113 1855 1253 1919 eosdem
1275 1867 1396 1939 postea
1420 1856 1635 1920 memorabili
1652 1856 1800 1919 victoria
1821 1876 1876 1918 su-

538 1962 802 2053 peravit.'Tunc
824 1972 963 2054 protegi
987 1982 1021 2034 et
1044 1991 1122 2035 cum
1146 1974 1390 2055 perduellibus,
1415 1982 1449 2036 et
1472 1992 1548 2035 cum
1569 1971 1718 2036 sinistris
1740 1972 1785 2033 de
1809 1969 1875 2032 lm·

538 2095 696 2166 peratore
719 2087 848 2149 nuntiis
871 2088 1068 2151 certandum
1093 2086 1167 2161 fuit,
1196 2107 1341 2170 quorum
1371 2087 1578 2169 repetitione
1608 2087 1772 2149 audacior
1802 2085 1877 2148 red·

538 2198 631 2265 ditus
661 2208 836 2281 tyrannus,
868 2200 1073 2265 Fremonam
1108 2202 1312 2285 depraedari
1343 2202 1532 2274 constituit,
1563 2221 1667 2285 quam
1698 2221 1776 2265 cum
1809 2200 1876 2263 iam

538 2325 627 2381 esset
649 2315 817 2398 proxime,
841 2318 1017 2400 paululum
1048 2320 1093 2383 ad
1123 2320 1316 2403 ditipienda
1345 2318 1509 2401 Protegis
1539 2318 1689 2382 militum
1715 2318 1873 2387 tentoria,

538 2432 662 2512 qulbus
685 2434 837 2496 maxime
860 2436 994 2517 egebat,
1019 2435 1205 2520 digressus,
1228 2446 1299 2500 tres
1322 2438 1428 2499 duces
1452 2435 1656 2497 Fremonam
1678 2433 1878 2514 praemisit;

538 2546 563 2609 ii
584 2556 712 2632 tamen,
744 2571 812 2614 non
834 2551 968 2634 panico,
992 2553 1054 2615 sed
1073 2552 1191 2615 divino
1205 2561 1335 2615 terrore
1350 2551 1507 2632 correpti,
1523 2551 1569 2612 ab
1583 2568 1626 2612 ea
1644 2548 1880 2630 depeculanda

538 2666 785 2732 abstinuerunt.
798 2667 949 2731 Thomas
964 2686 1100 2750 quoque
1116 2667 1255 2739 Nebret,
1272 2669 1374 2740 idest,
1387 2663 1584 2749 praefectus
1599 2662 1877 2735 Auxi*mitanus,
1905 2670 1922 2718 f·
1939 2676 1997 2730 47³·
2048 2666 2049 2701 l

537 2782 727 2859 Fremonae
751 2784 893 2848 divitias
915 2784 1030 2846 auhno
1054 2784 1235 2856 devorans,
1258 2782 1416 2845 collectis
1439 2779 1648 2864 octingentis
1667 2781 1879 2862 praedatori·

538 2898 611 2971 bus,
635 2900 678 2962 ad
703 2919 779 2962 eam
803 2919 840 2962 se
864 2898 1026 2970 accinxit,
1039 2908 1074 2961 et
1096 2918 1160 2961 sex
1183 2899 1229 2961 ab
1251 2917 1293 2961 ea
1310 2896 1516 2960 milliaribus
1531 2906 1748 2978 pernoctans,
1766 2905 1803 2959 ut
1821 2914 1879 2958 an-

538 3014 696 3079 telucano
720 3015 849 3079 assultu
873 3024 1066 3097 occuparet,
1091 3015 1206 3078 subito
1224 3014 1386 3097 ‚protegis
1409 3033 1431 3075 a
1454 3012 1616 3076 Debaroa
1632 3013 1784 3076 adventu
1801 3032 1879 3075 con·

538 3138 717 3203 sternatus,
742 3140 851 3194 tutum
875 3150 912 3193 se
935 3150 1002 3193 non
1034 3130 1189 3202 credidit,
1214 3131 1280 3194 nisi
1304 3129 1346 3192 ad
1371 3128 1512 3193 ultimos
1530 3128 1671 3191 Tocatis
1695 3128 1771 3211 [sic]
1796 3125 1880 3191 fines

538 3256 741 3327 penetraret.

226 3366 381 3428 mperator
416 3369 512 3416 Auxu·
629 3365 659 3425 6.
684 3359 806 3424 Victor
828 3382 849 3424 a
871 3359 983 3425 Gallis
1005 3379 1180 3444 regressus
1203 3360 1404 3442 Imperator,
1428 3362 1518 3423 intra
1544 3361 1620 3423 dies
1651 3370 1731 3422 octo
1764 3378 1879 3422 neces·

192 3449 254 3485 mae
271 3446 432 3486 mmm*
539 3475 629 3541 saria
652 3478 696 3539 ad
724 3476 788 3541 iter
817 3477 985 3560 tigraeum
1017 3478 1240 3558 comparavit,
1268 3487 1303 3539 et
1334 3476 1369 3540 in
1400 3496 1441 3540 eo
1472 3485 1649 3559 gratanter
1673 3496 1693 3538 a
1717 3496 1750 3558 p.
1776 3475 1878 3538 Petro

539 3591 661 3656 Paeaio
685 3603 720 3655 et
742 3594 837 3655 socio
860 3593 1001 3664 Invisus,
1024 3602 1059 3655 et
1083 3605 1126 3654 ix
1148 3591 1318 3655 kalendas
1341 3590 1462 3673 aprilis
1484 3593 1565 3654 anni
1590 3594 1673 3671 1609
1689 3590 1879 3654 Auxumae

539 3708 584 3770 ab
606 3706 736 3773 Abuna
757 3705 899 3770 Simone
922 3706 1001 3770 oleo
1024 3707 1207 3779 delibutus,
1239 3725 1401 3770 coronam
1432 3708 1575 3789 accepit.
1606 3705 1692 3770 Eius
1722 3706 1877 3770 discessu

539 3822 750 3886 Dambaeam
774 3824 926 3886 turbavit
949 3822 1063 3887 Malae
1087 3822 1238 3906 Seguedi
1262 3824 1466 3888 vernaculus
1489 3823 1759 3893 Melchisedech,
1786 3822 1878 3886 Arso

538 3939 688 4020 quodam
711 3939 797 4020 regii
820 3938 997 4021 sanguinis
1020 3959 1065 4001 ex
1088 3939 1241 4003 Amarae
1265 3950 1380 4003 monte
1409 3942 1443 4003 in
1469 3938 1727 4021 imperatorium
1756 3959 1879 4002 nomen

539 4063 714 4128 extract03
739 4064 772 4117 et
794 4054 950 4136 patribus
972 4053 1129 4116 Antonio
1152 4053 1346 4117 Fernandio
1370 4065 1404 4118 et
1423 4055 1609 4118 Laurentio
1628 4054 1795 4118 Romano
1812 4073 1877 4116 non

539 4187 659 4249 parum
682 4169 813 4250 negotii
837 4167 1022 4231 facessivit.
1047 4167 1158 4232 Celeri
1182 4179 1296 4232 tamen
1320 4171 1407 4254 regii
1432 4168 1547 4233 fratris
1568 4168 1704 4232 Emana
1722 4167 1880 4233 Christos

541 4304 561 4345 a
583 4282 731 4367 Tigraeo
754 4303 862 4367 regno
881 4283 1081 4347 dimissione
1096 4286 1262 4348 tumultus
1277 4303 1462 4366 repressus,
1478 4284 1738 4346 Melchisedech
1756 4285 1791 4347 in
1808 4285 1880 4347 acie

541 4399 666 4470 occiso,
689 4409 723 4461 et
746 4400 884 4461 alumno
907 4399 952 4460 ad
975 4398 1217 4479 Imperatorem
1241 4402 1443 4463 transmIsso
1466 4410 1501 4462 et
1524 4400 1619 4462 illius
1643 4399 1796 4462 iussione
1823 4400 1880 4461 de·

541 4522 706 4576 truncato.
731 4512 922 4595 Imperator
945 4533 1028 4576 vero
1050 4514 1245 4578 Debaroam
1270 4515 1312 4578 ad
1337 4513 1499 4578 fallacem
1527 4515 1692 4578 Iacobum
1725 4516 1879 4583 tetendit,

540 4628 601 4710 qui
623 4647 705 4690 suae
728 4646 855 4710 gnarus
877 4629 1062 4702 imbelliae,
1086 4629 1238 4693 dimissis
1261 4630 1371 4712 copiis
1393 4642 1428 4694 et
1450 4632 1571 4713 paucis
1594 4631 1719 4712 capris,
1736 4649 1879 4712 quarum

540 4743 630 4806 lacte
653 4743 795 4811 viveret,
819 4762 934 4805 secum
961 4745 1154 4824 asportatis,
1182 4746 1216 4807 in
1241 4747 1337 4808 avias
1368 4745 1517 4809 latebras
1539 4765 1578 4808 se
1604 4747 1805 4818 coniiciens,
1829 4745 1879 4807 illi

541 4877 636 4940 spem
661 4858 825 4920 victoriae
849 4859 987 4921 ademit.
1004 4857 1117 4940 Quare
1133 4859 1167 4921 in
1185 4860 1399 4923 Dambaeam
1415 4882 1452 4924 se
1468 4881 1545 4924 cum
1561 4858 1668 4924 fratre
1684 4858 1769 4924 Sela
1784 4861 1878 4923 Chri·

541 4972 612 5037 stds
635 4973 775 5054 recepit,
798 4973 1021 5055 Tigraeorum
1044 4973 1258 5057 praefectura
1281 4976 1366 5038 clari
1389 4978 1538 5040 nominis
1557 4987 1592 5040 et
1609 4976 1790 5060 sanguinis
1805 4977 1876 5039 viro

542 5086 712 5170 Ampsala
734 5086 888 5151 Christos
912 5090 1158 5164 commendata,
1183 5092 1237 5154 cui
1269 5090 1384 5155 Iacobi
1413 5093 1596 5174 superandi
1619 5093 1735 5175 gloria
1765 5111 1877 5156 serva·
