4124 6182
549 565 565 625 7
573 567 588 609 2
882 557 1155 608 EXPEDITIONIS
1178 556 1438 606 AETHIOPICAE
1462 557 1543 607 ETC.

546 717 673 780 coctus,
690 719 727 771 ut
743 708 857 788 prodit
873 707 979 789 ipsius
994 707 1142 789 epistola
1163 702 1349 789 *synodica
1365 707 1398 768 in
1417 705 1592 788 Haymaot
1608 704 1739 767 Abbau
1755 704 1883 767 aethio·
1909 712 1926 764 l.
1946 723 1997 773 311.
2045 778 2046 803 ¹

546 826 624 905 pico
640 834 674 887 et
690 824 890 887 nominatim
908 825 997 885 inter
1013 823 1101 885 alios
1117 824 1299 886 damnatus
1315 823 1350 884 in
1372 832 1474 885 sexto
1498 821 1646 884 concilio
1665 820 1822 904 generali
1840 819 1883 901 (1)

547 941 580 1002 111
605 939 799 1002 admirabili
822 939 884 1001 illa
906 939 1054 1020 epistola
1069 939 1140 1000 divi
1157 935 1344 1019 Sophronii
1359 937 1573 1019 patriarchae
1593 935 1881 1018 ierosolymitani,

547 1075 634 1137 quae
656 1053 837 1117 undecima
860 1055 953 1116 illius
976 1055 1109 1117 actione
1132 1051 1371 1116 circumfertur
1393 1054 1427 1115 in
1451 1072 1520 1135 qua
1542 1053 1628 1115 haec
1652 1053 1759 1115 verba
1789 1070 1883 1132 repe·

234 1177 385 1227 Beniamin
397 1178 519 1227 Alexan·
547 1173 694 1233 riuntur:
718 1170 918 1233 [ninantur
942 1174 1057 1232 aulem
1083 1189 1157 1232 cum
1179 1169 1239 1244 eis,
1263 1173 1296 1231 et
1317 1168 1525 1232 amiciantur
1546 1166 1729 1231 anatliema
1745 1171 1782 1230 et
1796 1171 1883 1229 cala·

199 1249 298 1299 drinus
308 1248 465 1298 haereticus
476 1248 520 1297 vi·
766 1286 772 1296 .
837 1285 842 1297 .
1077 1284 1083 1297 .
1558 1284 1565 1296 .

200 1323 367 1369 „bum
384 1325 446 1382 ⁶³0·
546 1286 658 1350 thema
680 1286 863 1348 Beniamin
886 1282 1155 1356 Alexandrinus,
1180 1289 1215 1348 et
1235 1285 1382 1348 Ioannes
1404 1289 1437 1349 ei
1458 1284 1604 1371 Sergius
1631 1282 1839 1367 Thomasque
1854 1288 1886 1346 et

546 1403 579 1466 S
577 1422 692 1466 auarus
713 1400 810 1486 Syri,
834 1400 897 1484 qui
916 1399 1025 1463 adim
1046 1400 1168 1464 uiuunt
1188 1400 1292 1464 utiam
1315 1399 1532 1464 execrabilem
1555 1404 1590 1463 et
1609 1399 1795 1463 crrcdelti‘ar
1812 1398 1884 1482 pti*-

547 1524 648 1582 tatem
680 1521 889 1602 expugnant.
914 1513 1064 1578 Vivebat
1095 1517 1200 1600 igitur
1230 1516 1420 1588 Beniamin,
1453 1536 1520 1578 non
1550 1516 1612 1578 1110
1636 1517 1774 1597 quidem
1800 1525 1884 1577 tem·

548 1655 640 1715 pore,
665 1655 733 1716 quo
760 1635 968 1697 celebratum
992 1629 1056 1696 luit
1080 1633 1176 1695 ilium
1209 1633 1403 1705 concilium,
1435 1652 1524 1695 anno
1551 1630 1678 1695 Christi
1705 1643 1886 1694 sexcente-

548 1753 635 1813 simo
658 1753 886 1834 octogesimo;
911 1751 973 1814 sed
996 1770 1065 1831 quo
1089 1751 1178 1811 inter
1201 1749 1363 1811 mortales
1386 1749 1512 1831 agebat
1535 1748 1635 1810 divus
1658 1744 1884 1828 Sophronius‚

546 1887 647 1950 quem
682 1868 942 1930 eminentissimi
977 1866 1146 1928 Batonius
1181 1876 1215 1927 et
1251 1864 1482 1927 Bellarminus
1516 1863 1695 1947 trigesimo
1731 1863 1885 1925 eiusdem

547 1983 656 2045 seculi
685 2002 786 2055 anno,
816 1982 874 2064 qui
906 1982 1197 2063 declmusquintus
1221 1990 1294 2043 erat
1316 1980 1444 2042 Teclae
1477 1979 1677 2061 Haymanot
1703 1989 1884 2060 reponunt.

548 2097 698 2162 Videant
720 2117 803 2181 ergo
826 2118 894 2181 quo
919 2099 990 2159 iure
1013 2098 1057 2160 ad
1083 2117 1121 2160 se
1152 2097 1324 2178 pertinere
1347 2096 1457 2177 possit
1480 2104 1596 2177 patres
1627 2094 1886 2157 Praedicatores

549 2214 610 2276 illo
633 2223 729 2276 tanto
753 2214 967 2276 recentiores.

238 2330 438 2415 Augustiniani
460 2346 522 2382 θεοῦ
638 2333 668 2391 6.
693 2326 730 2391 Si
754 2329 861 2391 solius
887 2328 1051 2409 temporis
1081 2326 1168 2388 ratio
1195 2327 1354 2389 habenda
1380 2336 1480 2397 esset,
1510 2325 1631 2389 iustius
1658 2345 1783 2388 novem
1808 2325 1887 2386 illos

202 2402 522 2537 {sgffiiffgffifffl
550 2447 736 2509 monachos
770 2444 836 2506 sibi
871 2444 1053 2507 vendicare
1080 2452 1220 2524 possent
1249 2442 1422 2506 Eremitae
1452 2441 1710 2526 Augustiniani,
1742 2459 1886 2523 quorum

551 2564 645 2633 ordo,
669 2581 746 2624 cum
769 2560 835 2642 ipsi
860 2562 894 2621 in
917 2559 1142 2640 Aethiopiam
1157 2567 1236 2620 sunt
1252 2560 1408 2642 ingressi,
1426 2559 1675 2640 octogesimum
1695 2557 1764 2619 iam
1780 2577 1803 2618 a
1817 2557 1887 2619 suis

551 2676 712 2759 auspiciis
734 2695 860 2740 annum
883 2676 1025 2758 agebat;
1049 2676 1111 2737 sed
1134 2675 1240 2737 multa
1263 2676 1410 2744 obstant,
1435 2693 1477 2736 ne
1504 2675 1547 2736 ad
1570 2693 1608 2736 se
1631 2673 1675 2735 ab
1699 2672 1785 2753 ipsis
1809 2691 1887 2733 evo-

551 2805 677 2857 centur.
709 2793 748 2855 In
780 2793 899 2874 primis
930 2792 1022 2873 quod
1053 2793 1088 2852 in
1120 2792 1218 2854 libris
1251 2791 1454 2872 aethiopicis
1481 2811 1526 2852 ex
1549 2788 1645 2851 Rum
1669 2799 1704 2851 et
1727 2788 1887 2871 Aegypto

239 2916 323 2972 Ram,
349 2929 409 2964 non
433 2916 524 2997 noma
551 2911 686 2973 advecti
710 2909 876 2970 dicantur.
900 2906 945 2969 Et
968 2909 1126 2987 quamvis
1149 2907 1233 2968 rude
1263 2908 1388 2988 vulgus
1418 2925 1503 2968 sono
1533 2906 1690 2967 delusum
1723 2902 1886 2972 Romam,

204 2995 256 3044 ω’
275 2986 325 3035 ⁸⁸⁶
343 2988 471 3036 Thracia.
551 3046 639 3107 quae
661 3025 799 3087 Romea
822 3024 866 3085 ab
890 3022 973 3105 ipsis
995 3023 1130 3094 dicitur,
1153 3021 1249 3084 Rum
1273 3042 1348 3085 esse
1371 3021 1562 3093 arbitretur,
1587 3039 1667 3082 vere
1698 3028 1814 3082 tamen
1838 3029 1887 3079 est

551 3143 709 3212 Thracia,
740 3160 827 3222 quae
861 3159 882 3202 a
912 3138 1044 3201 Latinis
1073 3138 1205 3201 colonis
1236 3150 1269 3200 et
1300 3138 1482 3209 militibus,
1514 3137 1597 3199 illuc
1627 3157 1648 3199 a
1686 3134 1886 3199 Costantino

552 3257 682 3338 Magno
705 3276 782 3318 cum
806 3256 951 3337 imperio
974 3256 1161 3327 translatis,
1185 3264 1306 3316 vocata
1323 3264 1376 3317 est
1391 3252 1577 3325 Romania,
1601 3254 1646 3315 ab
1662 3252 1887 3314 orientalibus

552 3392 635 3435 vero
659 3372 753 3434 Rum
777 3380 811 3434 et
834 3371 969 3434 Rumes
992 3369 1098 3452 ipsius
1115 3371 1335 3441 habitatores,
1353 3371 1423 3431 imo
1438 3379 1608 3452 quotquot
1631 3388 1677 3431 011
1701 3367 1888 3430 christiana

552 3488 718 3571 religione
748 3501 825 3569 post
855 3488 890 3548 in
921 3488 1084 3549 turcicam
1115 3486 1389 3567 superstitionem
1421 3486 1678 3568 degenerarunt.
1703 3482 1759 3545 Ex
1790 3481 1885 3544 Rum

554 3608 657 3688 igitur
681 3615 714 3666 et
737 3603 884 3666 ihracia
906 3603 980 3665 sive
1002 3601 1147 3666 Graecia
1169 3610 1204 3664 et
1226 3600 1393 3685 Aegypto
1417 3621 1540 3663 novem
1564 3599 1617 3662 illi
1632 3600 1755 3662 heroes
1786 3600 1886 3661 adve-

241 3725 437 3807 morientem
465 3739 527 3774 mo·
554 3731 685 3790 nerunt,
708 3729 744 3782 ut
768 3720 867 3780 unius
889 3718 1108 3781 Pantaleonis
1131 3736 1253 3779 nomen
1270 3717 1427 3779 illaesum
1442 3717 1601 3779 ostendit.
1619 3714 1665 3778 Et
1681 3733 1888 3796 quamquam

205 3796 453 3920 231,ssme
466 3810 525 3844 Μ
555 3858 600 3899 ex
623 3833 747 3898 Africa
769 3835 813 3896 ad
840 3836 1084 3897 transmarinos
1110 3854 1130 3894 a
1160 3831 1330 3895 Vandalis
1359 3831 1540 3914 exagitati,
1569 3830 1744 3893 Eremitae
1767 3830 1888 3912 Augu-

554 3952 692 4014 stiniani
715 3952 921 4013 transierunt
944 3949 978 4011 in
1001 3948 1218 4030 Hispaniam,
1246 3945 1378 4011 Gallias
1408 3957 1442 4010 et
1472 3946 1608 4009 Italiam
1632 3947 1740 4028 prius,
1770 3953 1889 4026 postea

556 4069 590 4129 in
614 4064 831 4130 Germaniam
855 4074 889 4127 et
911 4064 1125 4127 Britanniam
1149 4065 1375 4135 exundarunt,
1399 4062 1481 4145 quin
1508 4064 1656 4125 sciamus
1687 4060 1794 4123 ullam
1817 4080 1888 4122 um-

554 4202 657 4264 quam
680 4184 714 4244 in
738 4180 913 4245 Orientem
938 4181 1192 4261 expeditionem
1216 4180 1260 4241 ab
1284 4178 1368 4261 ipsis
1394 4188 1571 4242 tentatam.
1603 4176 1677 4239 Nec
1708 4197 1795 4258 opus
1818 4186 1889 4239 erat

553 4309 693 4369 tentare,
718 4317 795 4360 eum
818 4317 864 4359 ex
887 4297 1148 4360 eminentissimi
1171 4295 1314 4358 Baronii
1337 4297 1547 4367 auctoritate,
1571 4293 1745 4358 Occidens
1772 4311 1888 4355 mona·

553 4415 636 4478 chos
659 4432 795 4494 semper
817 4415 861 4475 ab
884 4411 1024 4475 Oriente
1048 4414 1228 4492 acceperit,
1253 4430 1437 4494 numquam
1461 4411 1600 4473 dederit

642 4546 672 4604 7.
697 4526 742 4588 Et
764 4524 889 4607 partim
913 4523 1038 4587 falsum
1063 4535 1124 4596 031,
1148 4526 1274 4606 partim
1299 4522 1478 4595 infirmum,
1503 4523 1596 4603 quod
1611 4520 1717 4585 refert
1733 4522 1887 4585 eruditis·

552 4644 659 4705 simus
682 4643 774 4705 vitae
806 4642 878 4704 divi
901 4640 1090 4723 Augustini
1118 4640 1265 4722 scriptor
1288 4640 1342 4723 (2),
1374 4640 1510 4702 Romae
1542 4639 1578 4701 in
1607 4638 1738 4720 templo
1770 4634 1886 4700 Sancti

551 4758 720 4840 Stephani
742 4757 995 4820 Abassinorum
1026 4766 1186 4818 testatum
1211 4756 1363 4837 reperiri,
1387 4756 1490 4837 paulo
1512 4763 1592 4836 post
1622 4764 1780 4835 tempora
1810 4772 1887 4816 0011·

552 4876 623 4937 01111
647 4871 936 4936 Chalcedonensis
959 4892 1081 4935 novem
1107 4872 1292 4934 monachos
1316 4873 1395 4934 latis
1414 4891 1434 4934 0
1457 4872 1549 4933 corio
1572 4871 1677 4943 zonis,
1694 4878 1730 4932 01
1746 4869 1887 4932 1110111013

640 5034 682 5101 (1)
701 5032 849 5098 6²synnd..
868 5041 918 5085 act.
941 5045 980 5084 11,
1000 5060 1034 5070 -
1053 5032 1094 5099 (2)
1119 5033 1171 5084 Fr.
1199 5031 1378 5083 Ludovlc.
1407 5032 1449 5080 ab
1468 5030 1599 5094 Augei.
1625 5030 1706 5080 Vitae
1723 5046 1744 5082 s.
1764 5033 1885 5095 Aug-ml,

553 5124 597 5177 lib.
618 5139 642 5187 4,
662 5140 718 5188 cup.
739 5135 780 5180 20,
800 5122 846 5173 sol.
868 5134 926 5183 109,
