4066 6184
566 595 627 671 298
897 602 1171 651 EXPEDlTlONIS
1194 600 1456 651 AETHIOPICAE
1479 598 1559 648 ETC.

564 752 738 833 tesaciens.
762 750 959 837 Negotiatio
983 748 1189 835 Aethiopiae,
1212 769 1296 834 qiiae
1319 748 1453 813 tamdia
1474 747 1513 811 i'n
1531 746 1623 811 iiiam
1634 745 1791 832 gentiam
1805 746 1886 810 abir·

564 869 664 941 ravit,
680 866 781 955 facto
803 872 854 931 est
881 866 939 930 hoc
970 870 1115 951 tempore
1144 865 1325 930 thesaurus
1350 864 1523 929 ¹Ecclesiae
1550 869 1586 929 et
1610 860 1776 950 gaudiani
1805 862 1886 939 coeli.

564 984 705 1055 Munda,
729 983 835 1057 Deus,
858 982 983 1045 in'rtuti'
1002 987 1091 1056 tuac,
1113 982 1279 1064 confirma
1294 981 1361 1056 hoc,
1385 981 1491 1056 Deus,
1514 980 1604 1065 quod
1622 983 1780 1065 operatus
1801 1000 1834 1043 es
1854 979 1886 1041 iii

559 1101 698 1187 populis
719 1099 933 1185 Aethiopum.
966 1099 1036 1162 Vix
1058 1099 1129 1163 dici
1144 1103 1263 1185 potest,
1284 1097 1486 1162 ociierobitis
1500 1097 1633 1185 frater,
1656 1117 1758 1182 quani
1784 1097 1888 1160 uberes

564 1215 761 1302 apostolicae
781 1215 1018 1279 consolationis
1034 1214 1180 1302 fructus
1202 1213 1313 1278 Roma
1334 1213 1459 1300 ceperit
1479 1234 1523 1277 cx
1547 1213 1676 1277 litteris
1701 1211 1783 1286 tuis,
1805 1216 1888 1296 opto·

564 1338 635 1397 tom
658 1331 850 1417 Aethiopici
869 1332 1061 1417 regnatoris
1083 1330 1386 1395 reconciliationem
1401 1328 1649 1393 nuntiantibus.
1666 1328 1742 1392 Nos
1757 1327 1889 1391 certain

564 1448 622 1511 hoe
637 1448 732 1531 fidei
749 1445 953 1511 orthodoxae
971 1446 1167 1512 sanctuario
1181 1446 1290 1510 sacris
1300 1446 1612 1531 potentiosimorum
1633 1443 1830 1531 principum
1842 1444 1888 1507 ob

564 1563 689 1648 sequio's
710 1564 804 1638 culti,
828 1563 1077 1647 complectimur
1103 1563 1252 1628 brachiio
1276 1562 1475 1648 pontificiae
1508 1561 1688 1626 charitatis
1717 1560 1889 1625 Seltonuni

564 1680 754 1766 Saguntum
771 1699 909 1743 romono
922 1677 1105 1743 sacerdotio
1128 1679 1351 1745 remotissima
1373 1676 1574 1763 Aethiopiae
1597 1697 1702 1764 regna
1720 1676 1781 1762 pic
1798 1676 1890 1740 subii·

565 1796 713 1860 cientem.
738 1795 953 1860 Faenerutus
969 1796 1077 1881 plane
1098 1800 1150 1861 est
1171 1795 1244 1858 Deo
1266 1793 1477 1859 exercituum
1500 1794 1570 1880 qui,
1584 1815 1659 1858 cuni
1679 1794 1772 1858 diaes
1793 1792 1890 1857 sitin

566 1911 806 1986 mioerioordia,
829 1911 995 1976 tributum
1017 1912 1076 1975 hoc
1097 1912 1182 1976 coelo
1204 1912 1350 1977 debitum
1384 1912 1654 1976 remunerabitur
1681 1909 1728 1974 i'i's
1757 1909 1890 1985 deicidis,
2000 1960 2001 2007 g

567 2028 686 2114 quidm
699 2028 831 2093 venales
846 2032 928 2091 sunt
937 2028 1156 2113 principatus
1171 2027 1394 2093 beatitudinis
1407 2028 1639 2113 sempiternae.
1659 2027 1825 2111 Quamuis
1838 2047 1891 2090 ou·
2000 2010 2001 2049 ³

567 2150 632 2208 teni
655 2149 793 2208 terrena
814 2142 972 2231 felicitas
1001 2165 1069 2207 non
1101 2151 1231 2231 semper
1252 2146 1485 2210 documentum
1507 2143 1670 2209 habeatur
1692 2144 1829 2208 dioi'riae
1847 2144 1891 2206 be·

567 2259 783 2332 nouokntiae,
806 2259 864 2323 cui
883 2257 1064 2324 identidem
1087 2260 1170 2324 libet
1190 2280 1316 2324 aurum
1331 2258 1424 2345 fidei
1444 2261 1523 2347 igne
1536 2260 1774 2324 calamitatuni
1788 2258 1892 2344 expla-

568 2396 656 2450 rore,
667 2382 841 2461 speramus
856 2380 967 2440 tomen
975 2375 1070 2463 sore,
1086 2381 1135 2451 nt,
1150 2375 1231 2440 dum
1242 2374 1289 2440 ad
1296 2377 1501 2463 coangelioos
1513 2376 1614 2441 Petri
1616 2373 1718 2461 pedes
1726 2376 1895 2461 prandent

567 2490 755 2577 Aethiopes,
777 2491 915 2555 sensuri
934 2491 1008 2556 sint
1028 2492 1066 2555 in
1085 2492 1295 2557 exercituum
1310 2492 1548 2557 catholioorum
1563 2491 1725 2563 ni'ctori‘io,
1741 2497 1775 2555 et
1789 2490 1894 2576 regiae
2001 2526 2002 2601 g

567 2607 688 2692 stirpis
705 2606 821 2693 gloria
844 2606 1089 2672 misericordem
1113 2608 1233 2694 pocati
1259 2609 1417 2673 numinis
1442 2608 1685 2695 praesentiam.
1715 2608 1797 2672 Iani
1825 2626 1894 2671 ocio
2001 2612 2002 2683 ἶ

567 2719 624 2785 ¹'in
646 2722 705 2785 hoc
726 2722 816 2786 orbis
832 2723 952 2807 patria
973 2724 1098 2789 colitur
1120 2724 1295 2787 nationum
1319 2725 1522 2789 lactantium
1545 2725 1676 2811 plausu
1697 2745 1819 2787 nanim
1838 2723 1894 2787 Se·
1915 2728 1985 2788 fons·

564 2836 670 2924 guedi
691 2837 899 2923 imperantis,
923 2839 1015 2903 etin
1038 2840 1163 2904 eoelum
1186 2840 1324 2904 tollitur
1346 2840 1461 2905 virtus
1481 2841 1583 2905 Zelac
1607 2839 1744 2904 Christi
1754 2838 1894 2927 fratris,

568 2976 673 3040 quem,
695 2954 730 3018 si
748 2954 955 3019 christianae
973 2956 1117 3041 pietatis
1139 2977 1274 3021 cursum
1290 2962 1482 3022 constanter
1495 2957 1786 3031 consummaverit,
1796 2954 1895 3043 fania

563 3072 776 3156 posteritatis
794 3072 992 3157 plaudentis
1012 3073 1220 3137 consimilem
1237 3074 1449 3159 praedicabit
1470 3073 1660 3138 beatissimo
1682 3073 1743 3137 illi
1767 3073 1897 3160 reginae
2002 3098 2003 3111 ¹

569 3186 735 3251 Condaci's
756 3187 914 3259 eunucho,
938 3188 1137 3275 Aethiopiae
1158 3191 1306 3275 apostolo
1321 3196 1355 3254 et
1366 3190 1539 3277 euangelii
1552 3189 1723 3276 praeconi.
1741 3191 1838 3272 Quae
1853 3188 1897 3253 oi·
2002 3190 2003 3193 ’

568 3323 650 3366 num
673 3305 942 3388 compunctionis,
964 3305 1041 3369 sctis
1058 3306 1258 3391 pontificiae
1280 3306 1458 3371 charitatis
1487 3304 1547 3369 diu
1573 3307 1779 3391 potantia
1805 3324 1898 3379 nunc,

568 3418 774 3483 benedicente
797 3419 954 3495 Domino,
970 3421 1100 3506 colligit
1114 3442 1242 3486 manna
1257 3423 1436 3486 suauitatio
1449 3443 1494 3488 ex
1516 3420 1704 3507 aethiopioa
1726 3422 1831 3486 oinea
1851 3419 1902 3484 cui

569 3532 651 3598 dari
663 3535 843 3620 accipimus
854 3536 1001 3621 gloriam
1017 3536 1186 3603 Libonict
1196 3541 1344 3603 decorem
1357 3538 1515 3604 Carmeli.
1530 3538 1627 3603 Certe
1638 3538 1692 3602 hic
1701 3544 1737 3603 et
1738 3537 1899 3622 fideliam

565 3655 679 3734 proces
694 3655 727 3715 et
740 3651 912 3736 sacrificia
926 3651 1132 3716 sacerdotum
1146 3655 1404 3739 omnipotentem
1419 3650 1686 3719 miscricordiam
1701 3652 1841 3719 assidue
1847 3649 1900 3739 pa

570 3771 644 3830 tent
656 3767 760 3849 filiae
781 3767 872 3837 Nili,
896 3768 979 3832 olim
1003 3769 1147 3833 tenebris
1171 3768 1312 3856 inferni
1324 3771 1605 3857 nigrioonti[sic]
1621 3776 1656 3835 et
1669 3791 1761 3835 nnnc
1777 3776 1902 3855 semper

571 3882 679 3947 niocm
702 3884 785 3947 coeli
803 3881 988 3947 dealbatae:
1005 3885 1224 3969 praecipuam
1246 3906 1323 3951 vero
1341 3886 1491 3973 gloriam
1513 3887 1732 3973 flagitabunt
1751 3884 1902 3972 Segnedo

572 3999 754 4083 regnatori]
778 4020 873 4083 quem
895 4000 1131 4063 charissimum
1156 4002 1194 4063 in
1218 4000 1353 4066 Christo
1363 4004 1487 4087 filium
1503 4008 1655 4067 nostrum
1671 4024 1768 4066 sacro
1785 4003 1902 4067 triani·

566 4112 713 4199 phuntcs
739 4115 865 4200 gaudio
895 4121 1137 4201 nuncupamus.
1165 4117 1392 4203 Effundimns
1414 4124 1517 4204 super
1540 4118 1639 4183 illum
1661 4119 1804 4204 eiusque
1829 4124 1902 4204 pro·

571 4230 699 4294 vincias
717 4231 914 4316 pontificiae
935 4231 1169 4296 benedictionio
1190 4232 1374 4305 thesauros,
1393 4234 1624 4322 patefacimus
1645 4232 1852 4320 Aethiopiae
1865 4233 1907 4296 ad

571 4346 762 4409 Romanam
786 4346 968 4410 Ecclesiam
991 4348 1157 4424 redeunti,
1180 4354 1368 4414 cataractas
1389 4350 1474 4414 coeli
1492 4349 1700 4438 efficiidcnti's
1722 4371 1835 4435 aquas
1856 4370 1904 4413 sa·

571 4462 654 4525 lictis
675 4468 777 4548 super
798 4463 979 4527 sitientem.
1003 4465 1114 4528 Porro
1137 4470 1247 4529 nectem
1264 4465 1459 4552 fatebimur
1480 4473 1579 4531 aucto
1601 4488 1671 4531 esse
1681 4468 1906 4553 pontificatus

572 4579 687 4641 nostri
705 4579 821 4643 decora
843 4586 879 4643 et
896 4580 1025 4666 gandia
1047 4581 1321 4655 christianitatis,
1338 4583 1372 4646 si
1384 4583 1464 4646 Rex
1478 4587 1513 4647 et
1531 4584 1679 4669 populus
1700 4583 1906 4669 Aethiopum

567 4699 632 4778 per
654 4700 782 4779 optatos
804 4696 930 4782 legatos
945 4695 1091 4783 fuerint
1112 4697 1174 4772 hic,
1197 4704 1232 4762 ct
1248 4700 1385 4785 generis
1400 4699 1819 4785 humani’Rcdcmptorem
1834 4699 1906 4764 aio

573 4810 733 4885 raverint,
755 4812 989 4897 beatorumque
1011 4814 1234 4898 apostolorum
1257 4814 1385 4877 cineres
1402 4815 1653 4878 venerabuntur
1668 4814 1707 4877 in
1723 4814 1786 4878 hoc
1803 4813 1907 4880 monte

571 4932 685 4990 sancto
707 4929 787 5001 eins,
811 4949 853 4991 cx
876 4951 940 5014 qno
963 4936 1071 4994 rectae
1078 4931 1174 5015 ,fidei
1185 4935 1219 4993 et
1232 4930 1380 4994 coelestis
1393 4931 1580 5016 sapiantiae
1597 4931 1811 5005 documento,
1827 4937 1906 4995 tani-

572 5065 670 5127 qnom
692 5065 736 5106 ex
758 5046 852 5109 corde
874 5047 1029 5131 spiritns,
1053 5048 1101 5111 ad
1119 5054 1247 5111 coetera
1269 5048 1393 5111 mundi
1412 5046 1557 5112 membra
1578 5047 1799 5113 derioaritur.
1817 5044 1910 5131 Quod

571 5180 646 5225 ocro
669 5162 794 5226 attinet
815 5164 863 5226 ad
882 5164 1153 5229 Fraternitatem
1177 5171 1271 5229 tuam
1294 5164 1397 5229 etad
1415 5164 1598 5229 sacerdotes
1619 5164 1810 5228 Societati‘s
1824 5165 1906 5235 Iesu,
