4066 6184
545 593 605 653 332
877 588 1151 639 EXPEDITIONIS
1174 587 1437 639 AETHIOPICAE
1460 589 1545 639 ETC.

543 735 739 816 poscebant,
764 745 902 799 auctore
926 736 1153 810 Tertulliano,
1170 739 1219 799 sic
1240 737 1274 799 in
1298 736 1488 818 Aethiopia
1503 738 1561 799 ubi
1583 738 1751 800 tumultus
1766 738 1810 798 ob
1824 756 1871 799 ra·

543 851 641 932 pinas
664 851 720 913 vel
744 852 778 913 in
802 852 895 914 bello
919 852 1001 932 quid
1025 854 1171 925 adversi,
1194 852 1249 915 vel
1274 854 1371 915 ducis
1394 852 1619 935 incogitantia
1641 862 1700 914 aut
1732 852 1870 914 militum

543 967 691 1050 ignavia,
708 967 920 1051 contigisset,
938 966 1024 1031 fides
1039 970 1253 1050 culpabatur.
1267 968 1304 1031 Si
1321 970 1395 1051 agri
1411 970 1560 1051 possessi
1576 969 1620 1030 ab
1635 969 1752 1048 aliquo
1768 966 1870 1030 aufer·

543 1093 669 1155 rentur,
694 1084 768 1146 sive
791 1083 821 1146 is
843 1104 925 1147 sons
948 1095 1048 1157 esset,
1076 1087 1148 1148 sive
1173 1084 1299 1156 insons,
1325 1087 1458 1166 utrique
1482 1085 1665 1148 criminosa
1679 1082 1765 1146 fides
1789 1095 1870 1156 erat;

542 1199 644 1269 sonti,
667 1200 748 1281 quia
771 1219 808 1262 se
832 1209 973 1281 propter
989 1201 1084 1263 illam
1102 1202 1315 1283 neglectam;
1340 1202 1475 1271 insonti,
1491 1202 1571 1283 quia
1595 1201 1630 1264 in
1654 1202 1748 1263 illius
1762 1202 1870 1262 odium

542 1335 580 1378 se
602 1314 744 1396 spoliari
768 1316 983 1396 querebatur.
1016 1315 1136 1397 Itaque
1168 1336 1304 1399 semper
1334 1315 1420 1380 fides
1441 1329 1615 1400 tamquam
1646 1317 1785 1400 gladius
1808 1316 1871 1378 del·

542 1430 662 1512 phicus
685 1432 720 1493 in
744 1441 924 1513 utramque
946 1442 1076 1513 partem
1101 1434 1136 1495 in
1152 1451 1211 1495 ore
1227 1435 1438 1505 versabatur,
1462 1444 1496 1495 et
1521 1443 1558 1496 ut
1583 1442 1698 1496 vestes
1717 1434 1871 1494 continuo

542 1566 603 1609 usu
627 1557 864 1619 extenuantur,
888 1549 937 1610 sic
961 1546 1046 1611 fides
1069 1559 1234 1630 perpetuo
1258 1549 1301 1611 de
1325 1550 1398 1629 ipsa
1419 1568 1576 1612 sermone
1592 1550 1829 1619 atterrebatur,
1842 1558 1871 1609 et

543 1682 670 1735 eorum,
695 1666 753 1744 qui
777 1665 820 1726 de
843 1683 884 1727 ea
906 1683 1043 1746 semper
1065 1665 1303 1747 loquebantur,
1328 1662 1505 1746 perfidiam
1530 1666 1679 1729 notabat.
1704 1661 1772 1744 Qui
1789 1665 1870 1726 enim

543 1780 663 1842 crebro
686 1797 758 1842 rem
779 1780 928 1862 aliquam
946 1800 983 1843 se
999 1780 1090 1843 velle
1106 1780 1200 1852 dicit,
1217 1782 1261 1843 ab
1284 1801 1326 1844 ea
1348 1783 1500 1844 maxime
1519 1782 1654 1843 videtur
1678 1780 1871 1851 abhorrere;

543 1896 600 1976 qui
624 1895 727 1967 nolle,
752 1915 827 1958 eam
848 1894 1005 1958 efflictim
1034 1897 1196 1978 deperire.
1231 1895 1305 1959 Nec
1335 1894 1420 1959 fides
1450 1907 1502 1960 tot
1533 1897 1683 1959 motibus
1713 1894 1872 1957 convulsa

543 2009 659 2075 firmas
682 2012 815 2075 radices
837 2032 940 2096 agere
968 2022 1114 2094 poterat,
1131 2022 1168 2076 ut
1185 2032 1293 2095 neque
1309 2023 1428 2076 tenera
1442 2015 1542 2096 virga
1558 2011 1755 2095 frequenter
1770 2012 1870 2073 homi-

543 2146 623 2189 num
647 2128 804 2190 manibus
827 2130 885 2190 vel
908 2129 1131 2193 animantium
1156 2128 1291 2194 affrictu
1315 2130 1458 2212 agitata.

230 2250 401 2301 Ftrmtomm
420 2251 516 2300 οιὼο-
634 2264 661 2306 2.
680 2243 729 2307 Ut
744 2263 828 2327 ergo
843 2246 887 2307 ad
905 2245 1041 2310 intimas
1057 2257 1090 2309 et
1107 2244 1287 2310 influentes
1303 2248 1336 2309 in
1353 2248 1441 2308 hanc
1455 2246 1677 2309 mutationem
1691 2265 1811 2307 causas
1822 2264 1870 2305 ac-

193 2322 515 2444 {fflemffffiffi
542 2360 713 2431 cedamus,
726 2359 820 2423 Deus
832 2361 877 2423 ab
889 2359 932 2424 iis
944 2361 1119 2433 arcendus,
1137 2363 1233 2425 cuius
1249 2361 1382 2425 infinita
1399 2362 1536 2425 bonitas
1548 2363 1674 2424 nullius
1686 2360 1819 2442 peccati
1830 2357 1871 2422 ef·

193 2466 344 2587 paruere
358 2466 444 2516 Μ’
458 2465 512 2515 1⁰¹·
543 2472 669 2538 sectrix
681 2495 744 2538 nec
757 2473 886 2538 fautrix
898 2486 961 2548 est,
978 2479 1038 2540 sed
1053 2477 1165 2540 omnis
1177 2479 1258 2541 boni
1272 2480 1504 2559 procuratrix;
1522 2497 1584 2540 nec
1596 2496 1712 2540 secum
1725 2495 1871 2559 pugnare

542 2602 668 2673 posset,
686 2603 722 2656 ut
738 2592 834 2655 illam
850 2590 963 2665 fidem,
980 2612 1083 2674 quarn
1099 2603 1279 2676 tantopere
1291 2594 1440 2676 plantari
1453 2603 1487 2657 et
1499 2595 1678 2657 altioribus
1689 2591 1785 2655 fibris
1797 2593 1870 2654 bae·

541 2726 617 2771 rere
640 2710 756 2782 vellet,
781 2709 881 2772 simul
905 2711 1147 2792 extirpandam
1164 2720 1307 2774 curaret.
1326 2711 1402 2774 Non
1420 2730 1601 2792 possumus
1616 2721 1732 2772 tamen
1748 2711 1870 2771 incom-

540 2824 741 2904 prehensam
758 2824 867 2907 ipsius
882 2827 1084 2907 sapientiam
1101 2836 1135 2890 et
1150 2825 1400 2909 providentiam
1417 2846 1485 2889 non
1504 2826 1677 2898 admirari,
1692 2825 1870 2908 quodcum

539 2937 625 3002 fides
649 2940 758 3022 ipsius
773 2940 818 3004 sit
833 2937 1052 3026 *aedificatta
1065 2942 1246 3026 plantabi),
1269 2948 1304 3006 et
1314 2963 1453 3029 germen
1468 2941 1661 3005 delectabile
1677 2942 1731 3024 (1),
1756 2961 1871 3023 passus
1894 2949 1910 2998 l.
1921 2954 1961 3009 155·

538 3057 583 3119 sit
598 3076 640 3119 ea
656 3059 861 3138 pedamenta
873 3068 909 3120 et
924 3077 1094 3140 proceres,
1111 3059 1235 3141 quibus
1250 3060 1514 3131 sustentabatur,
1532 3059 1647 3129 avelli,
1662 3078 1786 3140 nempe
1800 3077 1872 3139 pro

538 3191 654 3255 regem
679 3172 784 3245 Buce,
817 3171 947 3237 Cabam
976 3173 1133 3237 Christds
1161 3187 1195 3238 et
1222 3175 1332 3238 Fecur
1361 3174 1458 3256 Egzi,
1490 3184 1683 3238 senatorem
1713 3172 1802 3235 Tino
1831 3173 1872 3234 ab

538 3287 758 3370 Imperatoris
781 3289 886 3353 latere
910 3299 944 3354 et
966 3293 1107 3354 secretis
1142 3292 1226 3373 pelli
1250 3301 1284 3354 et
1311 3291 1388 3354 Ras
1419 3288 1535 3354 Seiam
1566 3289 1733 3359 Christos,
1766 3290 1870 3351 immi·

537 3414 619 3467 nuta
641 3407 795 3487 potentia
818 3404 1001 3480 infirmam
1024 3409 1082 3490 qui
1102 3407 1349 3489 Imperatorem
1376 3407 1598 3469 vacillantem
1627 3403 1872 3468 confirmabant

537 3530 571 3583 et
595 3521 824 3603 aethiopicum
849 3522 992 3594 coelum,
1017 3543 1059 3586 ne
1082 3533 1205 3596 rueret,
1220 3533 1395 3603 tamquam
1412 3523 1533 3604 optimi
1549 3522 1714 3585 Atlantes
1730 3522 1801 3584 suis
1815 3522 1872 3583 hu·

538 3637 641 3698 meris
663 3634 861 3710 fulciebant,
884 3657 944 3700 eos
967 3657 1049 3701 vero
1073 3640 1131 3719 qui
1156 3638 1335 3702 malleolos
1359 3639 1403 3701 ad
1430 3638 1609 3702 ecclesiam
1627 3638 1872 3700 incendendam

537 3749 697 3833 facesque
721 3755 975 3834 comparabant,
1001 3753 1223 3824 invalescere,
1260 3755 1295 3817 in
1325 3756 1419 3817 curia
1448 3755 1598 3818 residere
1629 3763 1733 3836 atque
1765 3753 1872 3834 Impe-

536 3869 641 3930 ratori
665 3878 830 3949 perpetuo
853 3870 1003 3931 assidere
1027 3871 1229 3951 permiserit,
1253 3879 1290 3932 ut
1313 3890 1482 3933 venenum
1506 3890 1642 3952 semper
1669 3871 1873 3952 inspirarent

536 3993 572 4046 et
599 3994 692 4046 recta
723 3985 940 4047 consulentes
970 3986 1014 4048 ab
1045 3986 1139 4049 illius
1169 3987 1322 4069 alloquio
1353 3988 1604 4068 propulsarent.
1636 3985 1731 4049 Illud
1760 3996 1873 4048 tamen

537 4100 625 4163 inter
647 4101 774 4182 probos
796 4111 830 4163 et
854 4102 1030 4182 improbos
1052 4112 1104 4165 est
1127 4101 1343 4175 discriminis,
1367 4113 1406 4166 ut
1428 4103 1481 4165 illi
1505 4122 1543 4165 se
1569 4121 1632 4184 pro
1655 4100 1724 4164 fide
1756 4113 1792 4164 et
1814 4103 1873 4163 im·

537 4218 622 4296 perii
646 4217 890 4290 incolumitate,
919 4220 1148 4282 conscientiae
1174 4240 1255 4282 suae
1286 4220 1482 4283 testimonio
1505 4216 1594 4289 freti,
1619 4230 1818 4282 constanter
1840 4219 1872 4279 in

537 4334 690 4413 pericula
713 4333 915 4407 coniiciant;
940 4333 973 4395 hi
1000 4343 1036 4396 ut
1060 4336 1095 4396 in
1119 4335 1246 4397 malum
1270 4337 1444 4407 audentes,
1469 4336 1519 4399 sic
1543 4336 1577 4397 in
1600 4336 1730 4397 bonum
1751 4334 1873 4416 trepidi

536 4448 628 4510 vitae
652 4468 732 4510 suae
756 4461 908 4530 parcant,
934 4470 976 4511 ne
1000 4453 1149 4532 ipsorum
1174 4461 1298 4513 matres
1322 4453 1426 4533 (quod
1449 4452 1626 4532 proprium
1650 4461 1703 4514 est
1734 4453 1873 4534 ignavo-

537 4568 626 4641 rum)
654 4565 689 4625 in
718 4565 869 4644 ipsorum
898 4563 1074 4628 funeribus
1103 4566 1332 4630 lacrimentur.
1367 4567 1480 4630 Huius
1510 4568 1615 4650 igitur
1645 4568 1728 4630 mali
1759 4565 1873 4638 fibrae,

536 4682 663 4743 omissa
687 4681 915 4745 inconstantia
938 4680 1111 4745 africanae
1137 4686 1244 4766 genti,
1271 4692 1305 4746 et
1336 4685 1415 4746 ideo
1446 4684 1625 4747 abassinae
1655 4685 1784 4755 innata,
1808 4683 1873 4763 pri·

537 4816 628 4858 mum
653 4798 687 4858 in
711 4798 849 4859 domurn
872 4799 1004 4880 regiam
1027 4808 1062 4861 et
1085 4800 1257 4862 derivatos
1281 4800 1326 4861 ab
1349 4818 1389 4862 ea
1413 4799 1578 4869 surculos,
1603 4799 1729 4861 deinde
1753 4801 1788 4861 in
1805 4818 1873 4860 mo·

537 4912 675 4984 nachos,
699 4914 734 4974 in
765 4915 862 4994 regni
893 4933 1049 4994 proceres
1081 4924 1114 4977 et
1143 4916 1283 4977 tandem
1312 4916 1346 4977 in
1378 4916 1544 4997 populum
1567 4912 1815 4987 diffunduntur,
1839 4923 1873 4977 ut

624 5159 665 5225 (Ι)
687 5171 698 5207 1
722 5160 855 5216 Corinth..
878 5172 901 5223 3,
921 5178 946 5213 n.
967 5174 992 5223 9.
