4166 6182
729 570 990 621 INTRODUCTIO
1382 572 1528 622 XXXVII

193 736 361 795 semotus
388 721 645 819 spiritualibus
673 720 1001 795 exercitationibus
1033 737 1193 808 vacaret,
1234 722 1530 796 moderatoribus

194 854 339 929 Goanis
367 854 630 940 annuentibus,
660 854 697 927 in
719 856 971 929 suburbanum
998 853 1147 951 collegii
1169 854 1207 928 S.
1229 854 1346 941 Pauli,
1367 855 1527 930 Choram

194 989 438 1085 appellatum,
460 987 645 1063 concessit
666 988 791 1084 ibique
819 987 971 1062 ultimos
999 1012 1089 1061 suae
1118 987 1215 1062 vitae
1245 1013 1392 1062 menses
1415 1005 1531 1063 trans-

196 1122 282 1218 egit.
314 1122 371 1195 lbi
400 1137 544 1218 patrem
574 1120 816 1195 Franciscum
844 1121 973 1195 Storer
991 1147 1037 1194 ex
1057 1120 1260 1195 Germania
1288 1123 1415 1219 paullo
1444 1139 1530 1195 ante

195 1255 395 1351 appulsum
425 1270 663 1351 peramanter
690 1254 840 1350 excepit
866 1255 975 1350 eique
1003 1256 1051 1327 ad
1082 1254 1291 1352 ingressum
1322 1255 1357 1327 in
1379 1255 1531 1329 Aethio-

195 1387 295 1484 piam
325 1388 499 1463 stimulos
527 1388 720 1462 addidisse
749 1412 817 1484 pro
845 1404 948 1463 certo
977 1388 1190 1461 habendum
1220 1402 1287 1475 est,
1317 1387 1386 1461 etsi
1412 1403 1530 1462 morte

196 1536 420 1617 praeventus
447 1521 597 1596 felicem
627 1521 737 1595 huius
765 1520 1016 1617 expeditionis
1054 1521 1194 1596 exitum
1232 1521 1369 1595 rescire
1406 1521 1531 1618 nequi·

196 1654 299 1741 verit,
330 1656 501 1751 adeoque
530 1655 632 1728 nulla
669 1656 717 1728 de
754 1657 826 1729 hoc
866 1670 971 1751 patre
1009 1654 1045 1727 in
1085 1654 1165 1729 eius
1202 1680 1316 1751 opere
1353 1654 1531 1730 historico

197 1787 339 1863 mentio
368 1786 587 1889 invenitur(
613 1792 638 1887 ).

275 1940 339 2015 27.
369 1923 500 1997 Mense
529 1921 640 2007 maio,
671 1922 867 2018 proximae
896 1947 986 1996 suae
1016 1921 1156 2008 mortis,
1183 1936 1224 1995 ut
1250 1922 1407 2008 videtur,
1429 1948 1532 2019 prae-

195 2056 306 2142 scius,
328 2055 432 2130 fratri
461 2054 563 2142 Luis,
589 2055 652 2152 qui
673 2054 779 2129 Goae
798 2055 1037 2129 Patriarchae
1057 2056 1210 2152 negotia
1234 2055 1530 2141 administrabat,

197 2188 392 2263 mandavit
406 2202 457 2273 ut,
475 2188 583 2262 novis
602 2188 733 2262 accitis
752 2188 1054 2274 amanuensibus,
1078 2190 1187 2262 finem
1211 2203 1418 2286 apponeret
1436 2204 1530 2263 tran·-

195 2322 392 2419 scriptioni
412 2324 539 2419 operis
558 2322 615 2396 sui
643 2337 681 2396 et
710 2322 861 2419 negotia
889 2322 1074 2396 vertentia
1101 2322 1307 2418 expediret.
1328 2323 1534 2396 Admirans

195 2457 310 2531 frater
352 2480 503 2530 causam
549 2470 791 2552 percontatus
832 2470 900 2530 est.
948 2455 1164 2530 Patriarcha
1207 2455 1401 2552 respondit
1430 2455 1532 2529 illam

194 2589 298 2663 brevi
328 2614 415 2662 eum
440 2588 675 2686 agniturum:
707 2588 855 2662 interim
876 2588 985 2663 enixe
1004 2614 1045 2663 se
1065 2591 1148 2661 Deo
1169 2588 1463 2662 commendaret.
1485 2590 1534 2662 Et

194 2747 328 2796 revera
347 2722 451 2795 iunio
479 2722 630 2796 ineunte
660 2724 793 2795 morbo
821 2721 955 2796 tentari
983 2722 1110 2818 coepit
1136 2736 1174 2795 et
1202 2721 1324 2796 Goam
1349 2747 1530 2807 reversus

194 2854 265 2929 etsi
297 2854 435 2929 medici
464 2855 517 2928 nil
545 2879 662 2951 grave
690 2855 973 2951 praesentirent,
1005 2870 1129 2928 tamen
1153 2855 1398 2928 sacramentis
1417 2854 1533 2927 omni-

195 2991 265 3063 bus
294 2988 397 3063 retici
425 2987 556 3074 voluit,
586 2988 833 3084 quibuscum
871 2987 1009 3061 eximia
1046 2987 1184 3084 pietate
1222 2989 1417 3084 susceptis,
1448 3003 1533 3083 post

196 3146 330 3216 pauca,
360 3122 504 3195 viribus
532 3122 725 3218 paullatim
756 3122 1028 3207 deficientibus,
1058 3121 1153 3194 inter
1176 3146 1325 3194 suorum
1347 3122 1533 3218 lacrymas

196 3255 350 3353 placida
369 3271 488 3330 morte
507 3254 660 3351 quievit,
680 3254 849 3330 eiusdem
871 3255 1010 3329 mensis
1030 3255 1121 3328 iunii
1141 3255 1202 3328 die
1224 3279 1271 3348 29
1297 3279 1396 3328 anno
1422 3259 1532 3348 1656,

276 3496 323 3578 (1)
344 3498 378 3557 P.
411 3498 592 3558 Franciscus
623 3499 734 3570 Storer‚
763 3516 926 3575 personam
955 3500 1134 3558 mereatoris
1162 3499 1286 3556 Armeni
1315 3499 1448 3567 indutus,
1470 3516 1534 3556 non

196 3599 292 3657 modo
316 3597 512 3673 Aethiopiam
535 3599 686 3673 ingressus
708 3608 762 3668 est,
784 3600 839 3656 sed
860 3598 944 3656 brevi
966 3599 1097 3674 gratiam
1118 3598 1214 3672 ipsius
1235 3596 1391 3655 Fasiladas
1406 3598 1535 3672 adeptus

198 3696 229 3752 iu
250 3695 318 3754 eius
339 3696 410 3753 aula
431 3706 567 3754 versatus
588 3706 634 3754 est
656 3705 802 3771 tanquam
824 3695 1021 3772 Imperatoris
1043 3696 1190 3765 medicus,
1219 3705 1250 3754 et
1279 3697 1359 3765 iude,
1389 3696 1534 3754 facultate

197 3802 336 3870 accepta,
352 3793 412 3851 huc
429 3794 501 3852 illue
516 3795 699 3860 discurrens,
711 3811 766 3870 per
779 3796 881 3870 plures
895 3812 994 3853 annos
1009 3794 1170 3853 catholicis
1185 3795 1353 3870 opitulatus
1367 3803 1422 3865 est,
1433 3795 1534 3852 donec

198 3909 281 3951 anno
307 3888 382 3948 1662
405 3909 422 3949 e
444 3892 520 3950 vivis
542 3893 680 3951 excessit.
702 3891 751 3950 Illi
773 3902 843 3968 post
863 3893 964 3968 plures
993 3910 1092 3950 annos
1113 3893 1259 3951 suffectus
1279 3893 1423 3950 sacerdos
1445 3892 1535 3949 indus

199 3990 352 4049 Melchior
372 4008 389 4047 a
411 3989 502 4066 Sylva
522 3991 555 4048 in
576 3991 775 4066 Aethiopiam
797 3991 934 4066 patribus
958 3989 1121 4049 Societatis
1135 3993 1319 4067 petentibus,
1332 3992 1371 4049 ab
1385 3992 1536 4067 archiepi-

198 4105 294 4164 scopo
316 4086 429 4147 Goano
452 4089 572 4159 missus,
587 4090 640 4163 qui
655 4088 790 4147 maximo
807 4088 979 4147 animarum
995 4098 1121 4163 quaestu
1137 4089 1168 4145 in
1184 4089 1344 4148 catholicis
1358 4090 1536 4147 excolendis

199 4186 301 4260 plures
322 4202 423 4244 anuos
444 4186 560 4245 ibidem
582 4195 790 4245 commoratus
811 4196 867 4245 est.
891 4185 948 4243 Per
969 4186 1025 4243 hos
1052 4187 1130 4244 duos
1158 4186 1239 4245 viros
1266 4186 1370 4245 missio
1396 4186 1537 4244 iesuitica

200 4301 295 4359 usque
316 4283 356 4341 ad
387 4284 481 4341 linem
502 4284 616 4342 saeculi
637 4298 712 4341 xvu
737 4285 970 4358 quodammodo
992 4293 1156 4359 prorogata
1177 4297 1231 4353 est,
1253 4285 1325 4341 dum
1355 4284 1406 4359 qui
1437 4282 1536 4341 Roma

200 4380 284 4439 missi
295 4381 419 4438 fuerant
430 4399 467 4438 ex
479 4382 588 4440 ordine
599 4380 676 4438 MM.
689 4380 764 4451 RR,
776 4381 880 4439 animo
892 4381 1129 4456 despondentes,
1139 4399 1208 4439 curn
1220 4382 1306 4438 nulla
1317 4381 1391 4455 ipsis
1405 4399 1475 4456 spes
1487 4382 1537 4439 ad·

200 4478 331 4554 fulgeret
344 4478 542 4554 Aethiopiam
555 4479 750 4555 ingrediendi
774 4480 835 4536 iam
847 4479 920 4536 inde
932 4480 970 4537 ab
985 4479 1138 4554 aliquibus
1152 4479 1241 4537 annis
1256 4480 1337 4536 iussu
1352 4478 1381 4538 S.
1400 4476 1538 4553 Cung.¹·⁵¹

201 4575 284 4634 Cairi
306 4578 514 4635 consederant
535 4587 568 4633 ut
590 4577 632 4634 ibi
655 4576 852 4635 occasionem
875 4578 1135 4652 quandocumque
1162 4578 1200 4635 ad
1231 4577 1424 4652 Aethiopiam
1450 4595 1538 4635 acce·

200 4674 295 4733 dendi
317 4674 586 4750 praestolarentur.
610 4673 656 4732 Cf.
680 4675 844 4750 epistolam
859 4690 893 4731 21
913 4674 1093 4750 septembris
1112 4672 1185 4746 1642
1208 4676 1248 4733 ad
1263 4692 1292 4750 p.
1308 4675 1343 4732 sr.
1359 4674 1498 4733 Marcum
1520 4694 1538 4733 a

200 4770 284 4831 Luca
305 4771 435 4837 Ordinis
456 4771 534 4830 MM.
557 4770 631 4842 RR.‚
661 4790 775 4830 novum
804 4772 959 4832 missionis
988 4772 1157 4848 Aegyptiae
1183 4773 1384 4842 Praefectum,
1410 4791 1471 4848 qua
1495 4775 1537 4830 illi

200 4869 371 4946 iniungitur
391 4880 425 4927 ut
447 4870 656 4929 missionarios
678 4872 711 4927 in
731 4870 929 4946 Aethiopiam
950 4869 1119 4929 destinatos
1140 4871 1222 4930 Cairi
1256 4873 1287 4928 in
1319 4889 1375 4929 suo
1403 4871 1538 4947 hospitio

199 4970 344 5045 excipiat,
376 4969 430 5026 ubi
461 4986 569 5027 omnes
601 4968 634 5024 in
665 4968 799 5026 futurum
832 4987 955 5026 manere
987 4968 1143 5027 debebunt
1163 4970 1264 5028 donec
1286 4968 1317 5024 in
1339 4969 1537 5044 Aethiopiam

199 5067 431 5125 transmittendi
455 5067 652 5125 occasionem
674 5067 898 5125 nanciscantur.
923 5064 1008 5134 APF‚
1034 5064 1142 5123 Lettere
1162 5067 1284 5141 volgari}
1308 5085 1333 5123 a.
1360 5065 1537 5138 1642·1043,

199 5165 257 5223 vol.
278 5163 403 5232 XXXI,
426 5165 446 5221 f.
471 5175 546 5236 15¹&
