4166 6182
852 529 1124 579 EXPEDITIONIS
1147 529 1408 580 AETHIOPICAE
1432 532 1512 580 ETC.

604 679 689 751 Hoc
723 703 811 750 vero
845 678 1131 751 instrumentum
1166 678 1496 752 instrumentorum
1531 705 1643 776 quam
1679 694 1849 753 accurate

514 812 619 884 Deus
647 811 834 897 formavit,
864 812 1025 886 caelavit
1052 829 1089 885 et
1117 813 1342 908 perpolivit?
1370 814 1457 887 Non
1478 814 1631 910 quidem
1653 814 1691 886 in
1721 812 1844 885 ovium

515 947 699 1041 pastione,
717 947 753 1019 iu
770 971 844 1040 qua
860 949 1043 1021 haebreus
1058 940 1135 1051 [sic]
1154 948 1262 1019 Philo
1277 947 1390 1020 tradit
1405 949 1563 1044 Moysen
1580 964 1617 1024 et
1632 948 1728 1021 alios
1742 973 1763 1020 e
1778 946 1845 1043 pri-

514 1079 588 1153 scis
607 1081 830 1176 patriarchis
857 1107 880 1154 a
908 1084 993 1154 Deo
1021 1081 1242 1165 exasciatoS,
1273 1098 1313 1154 ut
1341 1082 1535 1155 hominum
1565 1098 1697 1179 postea
1725 1097 1847 1158 essent

512 1232 694 1309 pastoreS,
716 1217 783 1287 sed
809 1216 845 1288 in
875 1214 1089 1311 praecipuis
1109 1215 1309 1289 Societatis
1334 1216 1481 1301 muniis,
1504 1242 1600 1312 quae
1620 1216 1748 1291 omnia
1768 1243 1843 1314 per·

513 1349 658 1423 curristi
679 1365 716 1422 et
736 1350 957 1433 nobilitasti;
980 1352 1137 1423 duorum
1156 1352 1419 1447 philosophiae
1435 1377 1609 1425 cursuum
1626 1354 1840 1449 praelector,

513 1482 726 1577 theologiae
768 1499 995 1567 antecursor,
1035 1485 1180 1557 romani
1222 1485 1386 1581 collegii,
1425 1512 1472 1558 ex
1513 1484 1842 1581 praestantissimis

512 1617 679 1688 omnium
711 1616 903 1691 nationum
943 1616 1106 1712 ingeniis
1134 1619 1298 1704 conflati,
1329 1636 1365 1692 et
1398 1620 1484 1692 ideo
1512 1620 1626 1693 totius
1655 1621 1758 1693 orbis
1793 1645 1843 1692 re·

511 1768 601 1835 ctor,
633 1767 673 1824 ut
700 1752 748 1823 de
777 1776 916 1847 magno
945 1752 1165 1837 Athanasio
1192 1779 1276 1826 cum
1306 1753 1550 1826 alexandrino
1579 1755 1724 1849 populo
1744 1779 1841 1849 prae-

511 1885 631 1958 fectus
646 1885 726 1969 fuit,
749 1886 860 1959 refert
879 1885 1142 1959 Nazianzenus
1157 1888 1219 1983 (1),
1241 1887 1307 1959 toti
1330 1889 1470 1960 mundo
1500 1887 1743 1983 praesectum,
1765 1912 1842 1983 pro·

511 2019 657 2091 vinciae
686 2019 892 2103 Romanae,
915 2019 1200 2114 Neapolitanae,
1222 2005 1516 2094 Mediolanensis
1544 2037 1582 2094 et
1602 2021 1768 2094 Venetae
1791 2047 1843 2093 su-

511 2177 663 2248 premus
701 2177 862 2247 praeses
898 2168 935 2225 et
962 2151 1171 2226 Sicularum
1205 2154 1386 2239 visitator,
1420 2156 1573 2228 tandem
1612 2154 1791 2228 Societati
1822 2179 1842 2226 a

510 2286 674 2370 secretis,
691 2287 750 2357 vel
771 2285 896 2381 potius
916 2289 963 2359 ab
979 2286 1173 2360 omnibus:
1195 2287 1233 2359 in
1254 2303 1290 2361 te
1310 2288 1409 2360 enim
1427 2289 1554 2361 omnia
1574 2288 1674 2362 illius
1693 2287 1840 2383 negotia

509 2434 631 2493 aetate
674 2418 748 2490 iam
790 2420 984 2493 confectus
1026 2421 1360 2495 reverendissimus
1402 2437 1509 2518 pater
1550 2423 1691 2495 Mutius
1734 2421 1839 2494 Vitel-

510 2552 673 2626 leschius
710 2552 940 2649 invergebat,
980 2554 1150 2627 ambiens
1187 2570 1224 2627 et
1260 2554 1507 2651 triumphans,
1547 2557 1650 2650 quod
1683 2556 1771 2639 iam,
1804 2579 1841 2626 se

509 2685 670 2769 vivente,
701 2684 757 2759 sui
787 2685 951 2758 muneris
981 2687 1253 2782 praerogativis
1281 2705 1319 2761 et
1347 2690 1630 2763 nomenclatura
1657 2688 1837 2769 fruereris,

509 2835 546 2891 et
574 2818 774 2893 Societatis
810 2819 956 2916 Typhis
984 2820 1021 2892 in
1051 2846 1229 2915 praesens
1258 2823 1458 2896 habereris
1498 2824 1700 2896 Nauu'cam
1735 2826 1837 2917 lapan

509 2953 630 3038 landa,
662 2957 782 3048 inquit
819 2954 912 3025 idem
940 2954 1197 3027 Nazianzenus
1225 2956 1288 3051 (2),
1326 2984 1416 3052 quaa
1439 2960 1680 3051 gubernatori
1705 2958 1840 3050 sutura

504 3091 671 3182 priruum
702 3113 815 3159 raneos
843 3087 968 3175 arada,
990 3087 1115 3159 deinde
1143 3089 1194 3160 aa'
1213 3102 1366 3185 proram
1395 3093 1542 3163 collocat
1550 3120 1566 3170 ,·
1593 3095 1721 3186 sicque,
1745 3093 1838 3185 pria·

510 3222 609 3291 ribus
637 3222 845 3292 numeriani
873 3224 945 3316 ipsi
971 3225 1177 3305 conaminis,
1203 3222 1345 3295 tandem
1374 3224 1425 3295 ad
1444 3227 1693 3317 grabarnacula
1722 3223 1837 3295 consti·

507 3357 589 3425 lur'l.
619 3353 758 3425 Eadem
788 3357 844 3425 rei
871 3357 1048 3425 militans
1076 3365 1125 3425 est
1153 3360 1272 3428 ratio:
1300 3360 1403 3429 miles
1425 3361 1604 3451 prirnrnn,
1626 3357 1753 3429 deirzde
1770 3383 1838 3428 can·

507 3489 617 3569 tuno,
647 3498 724 3557 lum
754 3491 962 3581 r'nrperalor.
992 3486 1098 3578 Quae
1128 3488 1163 3560 in
1185 3506 1232 3573 te,
1254 3515 1299 3562 ex
1324 3489 1566 3585 imperatoria
1585 3506 1622 3564 et
1651 3487 1837 3585 pontificia

508 3619 666 3690 duorum
696 3618 858 3702 Piorum,
881 3621 914 3690 ΙΙ
935 3634 972 3691 et
991 3622 1053 3705 ΙΙΙ,
1071 3646 1300 3694 summorum
1321 3623 1528 3697 antistitum
1550 3623 1695 3697 familia
1715 3637 1834 3696 natum

506 3752 748 3846 (quamquam
779 3778 853 3826 non
882 3769 945 3826 tua
974 3755 1041 3826 sed
1069 3756 1203 3841 aliena,
1233 3772 1269 3828 et
1299 3757 1384 3829 ideo
1404 3757 1471 3830 tibi
1501 3758 1660 3854 ingrata.
1682 3738 1838 3831 comme·

509 3890 630 3981 moro)
653 3886 812 3979 quadrat
839 3886 1056 3960 similitudo
1087 3890 1168 3960 Hic
1195 3894 1349 3985 optimus
1385 3892 1471 3964 ordo
1499 3902 1548 3963 est
1575 3890 1715 3988 (pergit
1743 3892 1837 3964 theo·

508 4019 632 4113 lngus)
662 4021 773 4113 iisque
800 4023 865 4114 qui
890 4023 1046 4099 subsunt,
1073 4026 1230 4093 rtraxinra
1249 4024 1491 4097 conducibilis,
1515 4025 1635 4112 Quam
1652 4028 1838 4120 praeclara

508 4155 686 4224 uobircum
715 4164 893 4247 ageretur,
923 4156 957 4224 n'
984 4154 1077 4226 ia'em
1105 4166 1312 4228 nostrarum
1343 4185 1466 4229 rerum
1494 4168 1608 4230 status
1635 4161 1751 4230 esset?

596 4286 898 4359 Praeclarissime
936 4286 1049 4383 igitur
1077 4288 1271 4362 nobiscum
1305 4306 1440 4375 actum,
1472 4291 1709 4365 divinissime
1743 4292 1839 4364 theo·

508 4420 606 4513 loge,
636 4433 673 4490 et
701 4418 884 4513 optimum
915 4420 1013 4493 nacti
1042 4447 1173 4496 sumus
1192 4448 1314 4495 rerum
1334 4424 1524 4533 orflinem:
1547 4425 1578 4498 si
1598 4426 1752 4520 quidem
1773 4439 1842 4497 sta-

507 4566 585 4622 tum
616 4549 732 4637 illum,
763 4576 873 4645 quem
907 4566 946 4624 tu
979 4554 1106 4625 animo
1139 4555 1356 4629 delineabas
1384 4573 1421 4630 et
1448 4559 1550 4630 velut
1578 4557 1616 4630 in
1651 4557 1841 4654 platonica

506 4681 700 4777 republica
730 4681 924 4777 pingebas,
955 4685 992 4757 in
1013 4686 1201 4760 Societate
1227 4713 1301 4760 non
1330 4690 1485 4784 pictum,
1507 4692 1575 4765 sed
1602 4690 1744 4777 vivum,
1766 4711 1841 4763 non

506 4816 768 4899 adunbratum‚
808 4817 875 4888 secl
908 4843 1124 4911 expressum
1159 4820 1355 4898 intuemur.
1397 4823 1621 4897 Generalem
1660 4827 1847 4898 habemus

597 5082 643 5144 (Ι)
668 5077 761 5147 Orat,
785 5093 832 5135 21.
855 5112 890 5120 —
914 5076 958 5155 (2)
982 5079 1074 5150 Orat,
1098 5098 1145 5140 20.
