4066 6184
608 651 725 701 LIBER
748 652 787 711 11,
811 650 937 701 CAPUT
960 651 1071 701 XXIV.
1443 653 1506 717 325

271 818 299 877 9.
323 796 478 861 Emissus
501 820 545 861 ex
568 819 728 862 saxorum
764 800 931 883 angustiis
958 797 1148 881 Imperator
1177 810 1211 863 et
1243 801 1380 863 domum
1411 819 1507 862 suam

179 914 398 986 contendens,
422 924 601 997 perspecto
624 917 721 998 regni
744 915 986 999 Bagamedrini
1011 917 1218 988 discrimine,
1244 915 1382 979 evocari
1412 916 1509 978 iussit

180 1027 257 1092 Ras
279 1027 360 1092 Sela
382 1027 536 1094 Christds
558 1032 627 1114 (qui
652 1034 829 1114 expositus
852 1052 988 1115 semper
1017 1045 1090 1095 erat
1122 1033 1281 1096 letalibus
1311 1032 1509 1094 vulneribus

179 1144 394 1225 excipiendis
417 1155 451 1210 et
474 1147 618 1228 imperio
641 1168 660 1210 a
685 1148 854 1211 similibus
878 1147 1070 1233 liberando)
1094 1159 1131 1210 ut
1146 1149 1240 1210 illius
1259 1145 1508 1229 praefecturam

178 1259 244 1341 ipsi
269 1261 497 1325 demandaret.
522 1262 601 1345 Ipse
624 1273 747 1335 tamen,
772 1264 1020 1347 contemplatus
1043 1283 1185 1347 regnum
1208 1263 1294 1326 illud
1315 1264 1426 1326 minus
1441 1264 1508 1325 iam

178 1374 380 1456 Imperatori
418 1397 520 1459 quam
559 1381 700 1443 lastensi
735 1389 881 1462 tyranno
916 1388 951 1443 et
981 1379 1073 1441 illius
1103 1377 1289 1461 praefectis
1323 1380 1508 1451 subiacere,

131 1537 138 1550 .
177 1509 283 1574 seque
303 1493 450 1556 militum
475 1515 496 1557 a
518 1515 555 1558 se
578 1497 797 1559 educatorum
813 1508 847 1558 et
863 1494 1148 1558 exer*citatorum
1165 1503 1320 1558 truncum
1345 1514 1429 1567 esse,
1446 1513 1509 1557 nec

177 1606 315 1680 babere,
339 1612 409 1672 suis
432 1612 524 1693 agris
551 1612 594 1673 ad
622 1612 816 1693 Principem
847 1612 1032 1684 translatis,
1062 1631 1129 1694 quo
1160 1630 1277 1674 eorum
1308 1589 1508 1674 tenuitatem

177 1734 392 1797 sustentaret,
421 1727 645 1808 aegritudinis
683 1736 717 1791 et
751 1727 895 1791 aliorum
935 1728 1229 1791 incommodorum
1267 1727 1510 1789 excusationes

177 1839 345 1912 obtendit,
369 1840 479 1922 iisque
506 1846 669 1923 probatio,
694 1845 778 1906 itum
806 1845 850 1906 ad
880 1844 980 1907 Bella
1009 1842 1163 1907 Christds
1193 1842 1380 1905 Damotum
1411 1851 1510 1905 antea

176 1973 369 2037 proregem
393 1957 564 2039 aliquibus
587 1960 700 2021 eidem
724 1959 894 2042 deputatis
910 1980 955 2022 ex
975 1958 1196 2041 Imperatoris
1219 1957 1374 2022 exercitu
1390 1958 1509 2022 cohor·

176 2071 280 2134 tibus.
305 2071 374 2136 Hic
397 2071 461 2136 fuit
485 2076 599 2138 exitus
622 2077 701 2138 anni
726 2075 898 2139 millesimi
925 2076 1168 2140 sexcentesimi
1198 2073 1365 2158 trigesimi
1396 2077 1508 2158 primi,

177 2206 197 2248 a
220 2206 289 2268 quo
313 2186 475 2251 Romana
497 2188 583 2253 fides
606 2201 723 2274 aperte
747 2192 902 2255 inclinari
926 2191 1040 2274 coepit
1060 2203 1094 2256 et
1109 2191 1299 2275 Imperator
1322 2212 1343 2253 a
1364 2193 1509 2274 pristina

175 2302 271 2365 illius
294 2306 439 2367 tuendae
462 2316 495 2368 et
518 2308 771 2388 promovendae
794 2306 953 2371 firmitate
976 2309 1176 2372 desciscere.

1571 810 1628 858 Ru
1648 807 1857 870 Begamedri-

1535 894 1613 929 nam
1652 880 1856 943 praefecturam

1536 950 1636 1001 reiicit.
