4066 6174
547 585 609 662 358
878 591 1151 645 sxpnmnmms
1174 590 1439 644 ammonicus
1463 591 1545 643 nne.

546 745 683 807 obsides
705 743 891 826 praemisit.
915 743 982 806 Tot
998 754 1104 813 erant,
1120 744 1178 824 qui
1194 742 1259 805 hoc
1283 741 1490 805 translatitio
1505 740 1647 803 humore
1668 740 1874 811 laborabant,

545 871 581 923 ut
603 861 761 923 credatur
777 861 939 922 maiorem
956 860 1128 921 exercitus
1144 869 1275 940 partem
1298 877 1340 920 eo
1356 855 1461 920 fuisse
1477 856 1638 939 contagio
1653 856 1873 938 purulentam.

545 976 684 1038 Illorum
711 977 802 1038 enim
822 976 947 1057 plures,
965 975 1045 1037 licet
1061 993 1120 1037 ore
1135 994 1173 1037 se
1188 973 1376 1036 catholicos
1399 973 1560 1044 dicerent,
1584 971 1754 1035 haeresim
1777 972 1874 1033 corde

546 1090 718 1164 fovebant,
743 1103 777 1155 et
808 1093 842 1154 in
864 1090 930 1154 hoc
954 1101 1089 1173 tempus
1115 1091 1287 1153 conditam
1311 1093 1503 1159 servabant,
1528 1090 1874 1170 praeterquamquod

544 1208 622 1271 huic
645 1210 741 1290 genti
775 1208 927 1271 innatum
962 1217 995 1270 et
1018 1226 1153 1288 semper
1177 1205 1210 1269 in
1234 1225 1347 1268 mores
1371 1206 1544 1268 inductum
1568 1202 1648 1267 fuit:
1684 1202 1792 1266 Vivat
1820 1205 1873 1286 qui

544 1324 680 1396 *vincit
705 1343 848 1406 eumque
869 1334 1052 1406 tyrannum
1076 1331 1283 1386 crescentem
1308 1330 1495 1392 cernerent,
1519 1329 1554 1383 et
1582 1318 1779 1403 Seguedum
1798 1317 1873 1382 defi·
1896 1324 1966 1384 tue

545 1441 702 1513 cientem,
726 1442 890 1503 orientem
914 1440 1022 1502 solem
1046 1458 1147 1522 quam
1171 1440 1351 1501 cadentem
1374 1437 1487 1500 colere
1510 1438 1692 1500 malebant.
2004 1444 2005 1449 ’

232 1563 339 1613 musae
358 1576 424 1612 suae
437 1562 518 1613 iusu-
634 1576 662 1636 3.
688 1554 900 1637 Quamquam
925 1557 1049 1619 iustum
1080 1556 1145 1618 hoc
1169 1551 1274 1617 fuisse
1298 1563 1436 1634 putetur
1465 1553 1532 1616 Dei
1564 1554 1596 1615 in
1632 1552 1872 1634 Imperatorem

198 1634 266 1683 tiam
294 1633 516 1684 Deuomanlfe·
635 1671 642 1685 .
1166 1672 1172 1683 .
1418 1671 1423 1682 .
1480 1670 1487 1683 .
1542 1668 1589 1682 ..
1811 1670 1817 1682 .

196 1706 290 1755 ,m
543 1669 609 1734 fide
634 1692 699 1735 1am
724 1682 966 1754 tepescentem,
996 1680 1030 1733 et
1060 1688 1237 1752 superiora
1266 1688 1448 1751 praecoma
1478 1688 1513 1731 1n
1540 1670 1633 1731 ill1us
1654 1670 1871 1751 opprobrium

543 1913 577 1966 et
600 1902 785 1969 liberorum
809 1903 929 1965 domos
952 1903 1088 1984 publice
1111 1910 1145 1963 et
1169 1903 1306 1983 impune
1338 1901 1559 1972 incestabant‚
1589 1901 1662 1982 ipse
1691 1910 1816 1969 tamen,
1839 1909 1872 1961 ut

543 2038 666 2085 causae
690 2038 769 2082 suae
793 2019 956 2081 iustitiam
980 2014 1197 2100 patefaceret,
1221 2027 1257 2079 ut
1279 2017 1444 2100 prodigus
1466 2026 1518 2079 est
1538 2017 1750 2088 clementiae,
1766 2014 1871 2097 Impe-

542 2144 689 2197 ratorem
714 2154 780 2196 non
804 2134 921 2196 iudicii
945 2134 1054 2216 virga,
1077 2133 1138 2196 sed
1161 2142 1303 2214 patema
1326 2152 1427 2195 manu
1449 2133 1570 2214 punire
1593 2132 1788 2202 constituit;
1815 2151 1872 2193 nec

543 2249 710 2320 deserere,
723 2250 783 2312 sed
795 2251 940 2321 erudire,
956 2249 1107 2312 laborem
1124 2248 1221 2310 illum
1237 2249 1433 2330 respiciens,
1446 2267 1545 2329 quem
1562 2247 1636 2329 ipse
1652 2248 1687 2310 in
1702 2245 1770 2309 fide
1781 2246 1870 2329 plan·

542 2366 647 2429 tanda
669 2376 703 2427 et
726 2365 949 2449 propaganda
972 2364 1211 2435 collocaverat,
1235 2365 1410 2444 talemque
1432 2363 1611 2426 victoriam
1639 2363 1767 2446 largiri,
1794 2382 1871 2445 qna·

543 2483 611 2544 lem
628 2501 812 2563 nunquam,
827 2482 948 2544 eodem
966 2492 1063 2553 teste,
1080 2488 1325 2562 reportaverat.
1348 2476 1449 2560 Quod
1464 2479 1530 2542 hoc
1544 2480 1612 2542 ritu
1626 2479 1810 2542 ordinavit.

231 2604 357 2655 munte
393 2607 515 2669 Impera,
632 2619 662 2675 4.
687 2596 817 2660 Lumen
841 2600 875 2659 in
899 2598 992 2660 illius
1015 2605 1161 2659 mentem
1186 2597 1319 2669 indidit,
1343 2616 1411 2678 quo
1434 2605 1608 2659 assecutus
1631 2606 1683 2659 est
1706 2595 1870 2658 errorisa

195 2676 265 2726 Μ’
282 2675 444 2727 mmm
543 2733 580 2776 se
603 2713 743 2777 admissi
767 2715 802 2775 in
826 2714 1024 2777 deserendis
1047 2714 1213 2775 montium
1238 2710 1387 2796 fastigiis
1406 2710 1676 2785 defonnitatem;
1702 2711 1870 2792 inquibus

542 2841 579 2893 ut
602 2831 719 2913 plures
741 2831 957 2913 scopulomm
981 2849 1159 2893 mucrones
1182 2830 1392 2909 attollantur,
1417 2848 1484 2891 non
1509 2848 1636 2911 paucae
1659 2829 1871 2910 expatiantur

541 2946 711 3030 planities,
735 2966 896 3029 equorum
922 2946 1140 3018 discursibus,
1164 2965 1306 3027 quorum
1331 2965 1469 3009 numero
1492 2955 1526 3007 et
1542 2943 1750 3027 praestantia
1772 2944 1869 3025 longe

541 3063 780 3135 antecellebat,
828 3062 1102 3144 percommodae,
1140 3062 1309 3144 simulque
1348 3071 1384 3125 ut
1422 3063 1632 3144 perspiceret
1665 3060 1868 3142 superiorem

541 3179 637 3241 illam
660 3188 754 3241 recta
776 3189 811 3241 et
834 3177 995 3260 expedite
1022 3177 1234 3241 Dancazium
1261 3179 1395 3248 ducere,
1419 3178 1511 3258 quod
1541 3176 1571 3240 si
1597 3186 1764 3258 tyrannus
1787 3177 1868 3238 obti-

541 3305 643 3367 neret,
668 3295 711 3356 de
734 3313 771 3357 se
794 3303 828 3357 et
852 3293 995 3376 imperio
1012 3293 1272 3358 conclamatum.
1289 3292 1413 3357 Robur
1432 3303 1608 3376 praeterea
1631 3293 1815 3375 impressit,
1830 3310 1868 3352 ne

540 3430 616 3474 cum
640 3431 681 3472 eo
705 3412 740 3473 in
763 3412 870 3473 aciem
896 3411 1101 3473 descendere
1124 3419 1307 3473 vereretur.
1339 3407 1439 3491 Quod
1463 3429 1539 3472 cum
1563 3409 1677 3472 animo
1700 3410 1772 3472 alte
1794 3405 1868 3471 defi·

540 3528 658 3598 xisset,
685 3525 838 3589 inferiori
861 3523 1013 3589 Eufrazii
1035 3527 1093 3588 via
1116 3545 1176 3607 per
1198 3525 1396 3589 Dambaeae
1419 3527 1523 3608 plana
1546 3534 1737 3588 retroactus
1759 3534 1795 3587 et
1809 3524 1867 3587 Pa·

539 3641 710 3704 triarchae
733 3642 835 3704 domo
859 3642 902 3703 ad
919 3641 1086 3705 orientem
1102 3642 1146 3704 ad
1162 3644 1339 3705 dexteram
1356 3650 1391 3705 et
1418 3661 1501 3704 mox
1517 3642 1551 3703 in
1567 3651 1720 3703 austrum
1736 3640 1866 3709 omissa.

539 3758 660 3820 eodem
684 3768 794 3839 portu,
820 3758 907 3820 inter
930 3758 1072 3820 duorum
1097 3759 1262 3821 montium
1286 3759 1502 3821 devexitates
1533 3754 1671 3820 facilem
1696 3775 1866 3819 ascensum

540 3875 734 3955 praebente,
758 3893 825 3954 quc
849 3874 931 3936 olim
949 3870 1086 3936 Granha
1109 3873 1223 3945 subiit,
1248 3893 1324 3935 cum
1348 3893 1468 3936 caesus
1483 3882 1536 3935 est
1555 3893 1576 3935 a
1590 3871 1767 3935 Lusitanis
1789 3872 1866 3934 etin

543 3987 623 4052 facti
648 3989 846 4051 memoriam
870 4009 958 4051 nunc
981 3988 1183 4053 Granhaber
1206 3989 1340 4061 dicitur,
1372 3990 1405 4051 in
1431 3990 1577 4052 celsiora
1604 3989 1726 4051 iterum
1754 3989 1865 4057 evasit,

540 4115 573 4167 et
597 4105 747 4167 medium
771 4125 809 4168 se
832 4125 1019 4187 opponens,
1045 4104 1138 4168 hosti
1162 4104 1369 4168 Dancazium
1400 4104 1644 4188 progrediendi
1675 4101 1865 4167 facultatem

540 4220 722 4284 intercidit.

208 4345 408 4465 iImperatoris
435 4359 512 4429 exer-
630 4355 658 4414 5.
684 4335 816 4398 Eodem
840 4347 993 4417 tempore
1023 4334 1111 4398 Libo
1142 4347 1275 4398 montes
1305 4345 1470 4419 tyrannus
1501 4345 1738 4418 occupaverat,
1763 4344 1797 4398 et
1817 4355 1866 4397 su·

191 4417 512 4552 ffizssffimstdss
540 4452 638 4514 blimi
673 4463 774 4533 atque
810 4452 980 4534 aequabili
1011 4449 1236 4534 Oinadeguae
1265 4452 1369 4514 dorso
1404 4451 1613 4514 Dancazium
1647 4451 1803 4533 petebat:
1836 4460 1866 4511 et

191 4559 296 4609 nimus.
540 4587 618 4630 cum
642 4568 739 4631 multi
763 4569 806 4630 ad
830 4586 906 4629 eum
923 4588 968 4629 ex
992 4566 1114 4629 vicinis
1130 4569 1266 4649 oppidis
1289 4568 1401 4630 vicani
1418 4564 1673 4637 confluxissent,
1690 4567 1867 4648 sexaginta

538 4703 626 4765 pene
649 4683 806 4746 cohortes
829 4684 1003 4755 educebat,
1028 4684 1061 4744 in
1086 4684 1209 4765 quibus
1232 4683 1320 4746 ultra
1342 4681 1466 4767 viginti
1489 4682 1639 4764 quinque
1666 4682 1777 4744 millia
1799 4699 1866 4743 cor·

539 4819 659 4881 porum
684 4801 804 4880 magis,
829 4818 929 4881 quam
953 4799 1111 4871 militum,
1128 4796 1200 4861 fere
1215 4798 1394 4861 inermium
1410 4807 1445 4860 et
1467 4799 1770 4861 inexercitatorum
1794 4816 1865 4860 cen·

539 4916 709 4978 sebantur.
734 4913 866 4996 Quibus
889 4933 952 4996 pro
976 4913 1194 4977 munimentis
1217 4923 1251 4976 et
1281 4914 1359 4977 telis
1381 4922 1454 4977 erat
1478 4913 1623 4997 insignis
1656 4912 1863 4991 confidentia,

538 5033 629 5113 quod
641 5051 687 5094 ex
699 5032 855 5113 repetitis
868 5032 995 5093 nuntiis
1008 5031 1182 5104 rescirent,
1202 5031 1413 5112 imperialem
1430 5031 1619 5093 exercitum
1637 5029 1747 5093 invito
1759 5029 1863 5092 Marte

538 5148 619 5209 illue
631 5155 850 5228 pertractum,
867 5156 900 5209 et
916 5147 1105 5208 umbratice
1121 5155 1251 5209 tantum
1267 5155 1495 5229 pugnaturum
1512 5157 1556 5219 et,
1573 5147 1706 5228 siquae
1723 5144 1863 5209 fenestra
