4066 6174
233 1562 340 1611 causae
358 1574 425 1610 suae
437 1559 518 1610 lunti-

199 1632 266 1681 tism
295 1633 371 1681 Deus
399 1631 516 1682 mulle-

197 1703 291 1753 stavit.

231 2603 358 2654 weltere
394 2606 516 2668 Impera·

195 2674 266 2725 toris
282 2673 444 2726 consillum.

228 4344 409 4406 Imperatoris
436 4357 512 4394 exer·

192 4414 265 4463 citus
277 4424 304 4462 et
315 4414 460 4465 Lutensis
470 4417 513 4465 di-

192 4499 258 4549 spar
276 4500 411 4535 numerus
438 4497 465 4534 et
483 4503 512 4536 ι-

191 4557 297 4606 nimus.

547 583 609 660 358
879 589 1152 643 sxvuommms
1175 588 1440 642 narmomcna
1464 589 1546 642 arc.

547 743 684 805 obsides
706 741 892 825 praemisit.
915 741 982 804 Tot
998 752 1104 811 erant,
1121 742 1179 822 qui
1194 741 1260 804 hoc
1283 739 1490 802 translatitio
1506 739 1648 801 humore
1670 738 1876 808 laborabant,

547 869 582 921 ut
604 858 762 922 credatur
778 859 940 920 maiorem
957 858 1129 919 exercitus
1144 868 1275 938 partem
1299 876 1341 918 eo
1357 853 1462 918 fuisse
1478 853 1638 937 contagio
1653 855 1875 936 purulentam.
2004 938 2005 951 χ

545 973 685 1037 Illorum
712 976 803 1037 enim
823 974 948 1055 plures,
966 973 1045 1036 licet
1061 991 1121 1035 ore
1136 993 1173 1035 se
1189 971 1377 1035 catholicos
1400 972 1561 1042 dicerent,
1584 970 1755 1033 haeresim
1779 970 1876 1031 corde
2004 972 2005 1041 l

546 1088 719 1162 fovebant,
744 1100 778 1153 et
808 1091 843 1152 in
865 1090 930 1152 hoc
954 1099 1089 1171 tempus
1115 1089 1288 1152 conditam
1311 1092 1503 1157 servabant,
1528 1095 1766 1169 praeterquam
1790 1088 1876 1168 quod
2004 1060 2005 1089 ³

545 1207 623 1270 huic
646 1208 741 1289 genti
776 1208 927 1268 innatum
962 1215 995 1267 et
1018 1224 1153 1286 semper
1177 1204 1211 1267 in
1235 1223 1348 1267 mores
1371 1204 1545 1266 inductum
1568 1200 1649 1266 fuit:
1685 1201 1793 1264 Vivat
1822 1203 1877 1284 qui

545 1321 680 1394 *vincit
705 1341 848 1404 cumque
870 1332 1052 1404 tyrannum
1077 1330 1284 1384 crescentem
1309 1328 1495 1392 cernerent,
1519 1328 1555 1383 et
1582 1316 1780 1402 Seguedum
1799 1316 1876 1381 deii·
1899 1322 1966 1382 itit
2004 1306 2005 1389 i

545 1439 703 1511 cientem,
727 1439 890 1501 orientem
914 1438 1022 1501 solem
1046 1456 1148 1520 quam
1172 1438 1351 1499 cadentem
1375 1436 1487 1499 colere
1510 1436 1693 1498 malebant.
2004 1408 2005 1417 ἵ

635 1574 663 1634 3.
688 1551 902 1635 Quamquam
925 1555 1049 1616 iustum
1081 1552 1146 1615 hoc
1170 1549 1275 1615 fuisse
1297 1561 1436 1633 putetur
1465 1550 1533 1613 Dei
1564 1553 1597 1613 in
1632 1550 1876 1633 Imperatorem

544 1666 610 1732 fide
635 1668 701 1732 iam
725 1679 966 1752 tepescentem,
996 1677 1031 1731 et
1061 1668 1238 1750 superiora
1267 1669 1448 1749 praeconia
1479 1669 1513 1729 in
1540 1667 1633 1730 illius
1656 1667 1875 1748 opprobrium

543 1911 578 1963 et
601 1900 785 1966 liberorum
810 1900 929 1962 domos
952 1900 1089 1982 publice
1112 1908 1146 1962 et
1170 1901 1306 1981 impune
1339 1899 1560 1970 incestabant,
1590 1900 1662 1980 ipse
1692 1908 1818 1967 tamen,
1841 1907 1875 1959 ut

543 2036 666 2081 causae
690 2036 770 2079 suae
794 2017 956 2079 iustitiam
980 2012 1198 2097 patefaceret,
1222 2024 1258 2078 ut
1280 2015 1444 2098 prodigus
1467 2025 1518 2076 est
1538 2012 1875 2096 clementiae,1mpe-

543 2141 689 2195 ratorem
714 2152 781 2194 non
805 2132 921 2194 iudicii
945 2132 1055 2215 virga,
1078 2131 1139 2194 sed
1161 2140 1303 2213 paterna
1327 2149 1427 2193 manu
1450 2131 1570 2212 punire
1593 2131 1789 2201 constituit;
1817 2149 1875 2192 nec

544 2247 711 2320 deserere,
723 2249 784 2310 sed
796 2248 940 2319 erudire,
956 2248 1107 2310 laborem
1124 2247 1221 2309 illum
1238 2247 1433 2328 respiciens,
1446 2266 1545 2328 quem
1563 2245 1637 2328 ipse
1653 2247 1687 2308 in
1703 2243 1771 2308 fide
1782 2247 1873 2327 plan·

543 2365 647 2426 tanda
670 2374 703 2425 et
726 2364 949 2446 propaganda
973 2362 1212 2433 collocaverat,
1236 2363 1410 2443 talemque
1433 2361 1611 2424 victoriam
1639 2362 1768 2445 largiri,
1795 2381 1874 2443 qua·

544 2480 611 2542 lem
628 2499 813 2561 nunquam,
827 2480 948 2542 eodem
966 2489 1064 2551 teste,
1080 2486 1325 2560 reportaverat.
1349 2474 1449 2559 Quod
1464 2477 1530 2539 hoc
1544 2479 1612 2541 ritu
1627 2478 1812 2540 ordinavit.

632 2617 662 2673 4.
687 2594 818 2659 Lumen
841 2598 876 2657 in
900 2596 993 2657 illius
1016 2605 1161 2658 mentem
1187 2595 1320 2666 indidit,
1343 2613 1411 2676 quo
1434 2603 1608 2657 assecutus
1631 2604 1683 2657 est
1706 2594 1831 2656 erroris
1855 2613 1873 2655 a

543 2732 581 2775 se
603 2712 744 2775 admissi
768 2713 803 2774 in
826 2712 1024 2775 deserendis
1047 2712 1213 2774 montium
1238 2708 1387 2794 fastigiis
1407 2707 1676 2783 deformitatem
1702 2709 1873 2790 inquibus

543 2838 579 2891 ut
602 2829 719 2911 plures
741 2830 957 2911 scopulorum
982 2846 1159 2890 mucrones
1182 2828 1393 2906 attollantur,
1418 2846 1484 2889 non
1509 2847 1637 2909 paucae
1659 2827 1873 2908 expatiantur

541 2944 711 3028 planities,
735 2964 897 3027 equorum
922 2943 1141 3016 discursibus,
1164 2963 1306 3024 quorum
1331 2963 1469 3006 numero
1493 2953 1526 3005 et
1542 2942 1751 3025 praestantia
1773 2942 1873 3024 longe

541 3060 780 3133 antecellebat,
829 3060 1102 3142 percommodae,
1140 3060 1310 3142 simulque
1348 3069 1385 3123 ut
1423 3061 1633 3142 perspiceret
1665 3059 1872 3140 superiorem

542 3176 637 3239 illam
660 3185 755 3240 recta
777 3186 812 3239 et
835 3175 995 3258 expedite
1023 3175 1234 3239 Dancazium
1262 3177 1395 3247 ducere,
1419 3176 1511 3256 quod
1541 3175 1571 3238 si
1597 3185 1765 3257 tyrannus
1788 3175 1871 3237 obti-

541 3302 643 3365 neret,
668 3293 711 3354 de
734 3311 772 3355 se
794 3301 829 3355 et
852 3291 996 3374 imperio
1012 3292 1272 3356 conclamatum.
1289 3291 1413 3355 Robur
1432 3300 1608 3374 praeterea
1632 3291 1816 3374 impressit,
1832 3309 1871 3351 ne

540 3428 617 3471 cum
640 3429 682 3471 eo
705 3410 740 3471 in
763 3410 872 3471 aciem
896 3409 1102 3471 descendere
1125 3418 1307 3471 vereretur.
1339 3405 1439 3490 Quod
1463 3428 1539 3471 cum
1563 3407 1678 3470 animo
1701 3409 1773 3471 alte
1795 3404 1870 3469 defi·

540 3526 658 3596 xisset,
685 3522 839 3587 inferiori
861 3522 1013 3587 Enfrazii
1035 3526 1094 3586 via
1116 3544 1176 3607 per
1199 3524 1396 3587 Dambaeae
1420 3526 1524 3606 plana
1547 3532 1738 3587 retroactus
1760 3535 1795 3586 et
1811 3523 1870 3585 Pa·

539 3639 710 3702 triarchae
734 3640 835 3702 domo
859 3640 904 3702 ad
919 3639 1086 3703 orientem
1102 3640 1146 3702 ad
1162 3641 1339 3703 dexteram
1357 3650 1392 3702 et
1419 3660 1501 3703 mox
1517 3641 1552 3702 in
1568 3650 1721 3702 austrum
1737 3639 1869 3709 omissa,

540 3756 661 3818 eodem
685 3765 795 3837 portu,
820 3757 907 3818 inter
930 3757 1073 3818 duorum
1097 3757 1262 3818 montium
1286 3757 1503 3819 devexitates
1533 3752 1672 3817 facilem
1696 3774 1868 3818 ascensum

540 3873 735 3953 praebente,
759 3891 825 3954 quc
850 3872 932 3934 olim
950 3869 1086 3934 Granha
1110 3871 1224 3943 subiit,
1249 3891 1325 3933 cum
1349 3891 1468 3934 caesus
1484 3880 1537 3933 est
1556 3869 1767 3933 aLusitanis
1790 3871 1868 3933 etin

542 3985 623 4049 facti
648 3988 846 4050 memoriam
870 4007 958 4050 nunc
982 3986 1184 4051 Granhaber
1206 3988 1341 4059 dicitur,
1372 3988 1406 4049 in
1431 3988 1577 4050 celsiora
1604 3988 1727 4049 iterum
1754 3988 1867 4056 evasit

540 4112 574 4166 et
598 4104 748 4166 medium
772 4122 809 4167 se
832 4123 1019 4185 opponens,
1047 4102 1139 4166 hosti
1162 4102 1370 4166 Dancazium
1401 4102 1646 4186 progrediendi
1676 4101 1867 4165 facultatem

541 4218 723 4281 intercidit.

631 4352 659 4412 5.
684 4332 817 4396 Eodem
840 4344 993 4416 tempore
1024 4332 1111 4396 Libd
1142 4344 1275 4397 montes
1306 4343 1470 4417 tyrannus
1501 4345 1739 4416 occupaverat,
1763 4342 1798 4395 et
1818 4352 1867 4395 su·

540 4450 638 4512 blimi
673 4461 775 4531 atque
810 4450 981 4532 aequabili
1012 4448 1236 4533 Oinadeguae
1266 4451 1369 4513 dorso
1404 4449 1612 4513 Dancazium
1647 4449 1805 4532 petebat:
1838 4458 1868 4510 et

540 4585 618 4629 cum
642 4566 739 4630 multi
764 4567 807 4630 ad
830 4585 907 4629 eum
924 4587 969 4628 ex
992 4565 1115 4628 vicinis
1130 4567 1267 4648 oppidis
1289 4566 1402 4628 vicani
1418 4562 1673 4635 confluxissent,
1690 4566 1868 4648 sexaginta

539 4701 626 4763 pene
650 4682 807 4745 cohortes
829 4683 1003 4753 educebat,
1028 4683 1061 4743 in
1085 4683 1210 4763 quibus
1232 4681 1321 4744 ultra
1343 4680 1466 4765 viginti
1489 4680 1639 4763 quinque
1667 4681 1778 4742 millia
1800 4697 1867 4741 cor·

540 4817 661 4879 porum
685 4800 805 4880 magis,
829 4818 929 4879 quam
954 4798 1111 4868 militum,
1129 4795 1200 4859 fere
1216 4796 1394 4860 inermium
1410 4807 1446 4859 et
1467 4797 1771 4860 inexercitatorum
1795 4814 1866 4858 cen·

539 4914 710 4976 sebantur.
735 4912 867 4995 Quibus
889 4932 952 4993 pro
977 4911 1195 4975 munimentis
1217 4921 1252 4975 et
1281 4913 1360 4974 telis
1382 4921 1454 4975 erat
1478 4911 1622 4995 insignis
1656 4910 1865 4990 confidentia,

539 5031 630 5111 quod
643 5050 688 5092 ex
700 5030 856 5110 repetitis
869 5030 996 5091 nuntiis
1008 5029 1182 5101 rescirent,
1204 5029 1413 5110 imperialem
1430 5029 1619 5091 exercitum
1637 5027 1747 5092 invito
1759 5027 1864 5091 Marte

539 5146 620 5207 illuc
632 5154 850 5226 pertractum,
867 5154 901 5207 et
916 5144 1104 5206 umbratice
1121 5153 1252 5208 tantum
1267 5154 1495 5227 pugnaturum
1512 5155 1556 5217 et,
1572 5145 1705 5226 siquae
1723 5143 1864 5208 fenestra
