4066 6184
542 610 603 670 266
875 617 1149 670 EXPEDITIONIS
1172 617 1437 669 AETHIOPICAE
1460 618 1542 669 ETC.

539 769 630 832 unde
652 769 866 840 discesserat,
889 768 1073 832 retrocedit
1097 776 1132 832 et
1154 767 1324 850 principia
1339 763 1436 829 fratri
1458 764 1542 831 Seli
1564 764 1719 831 Christds
1734 767 1804 831 iam
1820 768 1880 831 ad·
1934 824 1938 829 ,

541 895 642 949 vecto
665 885 859 957 committit,
882 884 941 967 qui
965 884 1136 967 imperiali
1159 885 1311 948 exercitu
1335 884 1438 968 longe
1460 893 1538 966 post
1561 893 1659 968 terga
1681 882 1820 957 omisso,
1844 887 1877 948 in

541 1002 731 1065 rusticanos
756 999 1012 1073 frumcntantes,
1037 1012 1071 1065 et
1094 1001 1169 1065 solo
1192 1021 1254 1064 suo
1278 1001 1415 1065 nomine
1440 1000 1530 1085 (cum
1555 1000 1627 1083 ipse
1659 1000 1756 1064 Mars
1777 1002 1825 1064 sit
1845 1010 1882 1065 et

542 1116 671 1180 fulmen
695 1116 917 1200 Aethiopiae)
934 1117 1148 1189 conterritos,
1173 1136 1250 1180 cum
1266 1117 1338 1180 suis
1361 1117 1525 1199 impetum
1545 1114 1628 1181 fecit
1649 1126 1686 1180 et
1708 1117 1800 1180 ultra
1821 1119 1880 1180 du·

542 1243 660 1297 centos
683 1236 793 1316 prima
818 1233 1041 1316 impressione
1064 1235 1261 1316 prostravit.
1284 1231 1360 1314 Quo
1380 1252 1540 1297 successu
1557 1232 1677 1298 laetior
1692 1232 1881 1315 Imperator

542 1352 673 1433 aliquot
696 1352 812 1413 munia
847 1349 1036 1413 demutavit
1067 1362 1102 1412 et
1120 1346 1238 1433 'Sarca
1261 1348 1416 1414 Christds
1446 1348 1676 1432 Bagamediro
1706 1347 1879 1432 praefecit,
1994 1320 1998 1331 ⁸

543 1469 699 1530 restituta
722 1464 805 1530 Seli
828 1464 984 1529 Christos
1007 1465 1161 1539 Goiama,
1186 1485 1253 1549 qua
1274 1465 1371 1528 illum
1396 1466 1562 1548 superiori
1578 1485 1678 1539 anno,
1695 1466 1742 1529 ob
1760 1465 1880 1530 livido·

543 1603 618 1645 rum
635 1583 899 1656 criminationes,
925 1584 1122 1647 nudaverat.
1146 1582 1354 1647 Consuetum
1370 1583 1460 1645 enim
1477 1593 1529 1647 est
1548 1581 1754 1664 aethiopicis
1772 1580 1881 1664 Impe-

543 1700 714 1762 ratoribus
739 1709 777 1762 ut
800 1701 896 1780 quasi
921 1700 1011 1782 pilas
1033 1701 1090 1763 vel
1115 1701 1256 1763 taxillos
1279 1700 1427 1763 habeant
1461 1699 1614 1762 clientes.
1638 1698 1881 1782 Imperatorem

543 1815 620 1879 Ras
645 1817 817 1898 permovit
833 1828 869 1879 ut
885 1818 1024 1879 domum
1041 1836 1136 1880 suam
1154 1817 1197 1879 ad
1213 1816 1445 1899 hyemandum
1460 1836 1499 1880 se
1514 1813 1697 1887 conferret,
1712 1815 1882 1898 spondeus

544 1951 587 1993 eo
611 1953 647 1993 se
672 1932 749 1995 loco
774 1933 1009 2014 hybernacula
1030 1942 1280 1996 transacturum
1303 1942 1337 1996 et
1360 1932 1463 1994 obiici
1487 1929 1635 1994 futurum
1660 1951 1703 1995 ne
1731 1929 1880 1994 montani

543 2048 675 2110 semina
698 2059 809 2111 terrae
833 2050 1046 2112 mandarent.
1073 2047 1174 2130 Quod
1198 2050 1325 2111 eximie
1341 2046 1497 2131 perfecit,
1514 2048 1624 2111 caesis
1640 2059 1674 2111 et
1690 2049 1724 2111 in
1740 2049 1881 2111 servitu·

545 2175 617 2226 tum
635 2166 768 2227 abactis
783 2165 946 2246 pluribus,
963 2184 1049 2246 quos
1065 2162 1174 2228 fames
1189 2166 1234 2228 ab
1249 2165 1399 2228 excelsis
1415 2163 1449 2227 in
1461 2162 1644 2226 humiliora
1660 2162 1881 2245 deprimebat

545 2279 731 2362 Speciatim
745 2282 800 2343 die
812 2281 970 2362 quadam,
988 2300 1056 2362 qua
1071 2301 1108 2343 se
1123 2279 1224 2344 finxit
1244 2282 1279 2344 in
1295 2277 1475 2343 Goiamam
1491 2277 1691 2361 profiscisci,
1708 2298 1882 2363 regressus

546 2399 671 2460 multos
695 2396 766 2460 leto
790 2399 883 2460 dedit
906 2407 940 2460 et
964 2398 1053 2460 ultra
1075 2397 1129 2459 bis
1149 2398 1308 2460 millenos
1330 2398 1375 2460 ad
1402 2395 1610 2459 frumentum
1634 2397 1881 2478 exportandum

546 2532 706 2596 egressos
728 2522 763 2575 et
786 2532 863 2575 cum
889 2515 930 2577 iis
954 2515 1096 2577 totidem
1121 2515 1272 2576 iumenta
1294 2513 1482 2576 sarcinaria
1506 2514 1726 2595 mancipavit.

233 2639 322 2687 Post
362 2638 517 2697 hyemem
637 2647 664 2707 7.
689 2628 812 2691 Totam
837 2630 933 2691 illam
963 2629 1124 2711 hyemem
1148 2630 1240 2691 curis
1255 2630 1443 2691 exercitam
1468 2628 1568 2692 duxit
1591 2627 1793 2710 Imperator,
1814 2638 1880 2691 tum

198 2707 518 2842 {gffiffiiuffiffm
546 2746 696 2807 maxime
720 2765 797 2807 curu
821 2746 929 2808 audiit
957 2755 1136 2808 montanos
1156 2744 1367 2808 Amarenses
1394 2764 1471 2808 cum
1501 2744 1724 2809 Lastensibus
1748 2741 1882 2808 foedere

546 2860 770 2933 consociatos,
795 2870 830 2923 et
853 2861 1020 2923 imbribus
1043 2863 1192 2924 nondum
1216 2860 1360 2934 exactis,
1394 2878 1576 2943 proregem
1596 2860 1658 2923 illo
1680 2860 1815 2923 dimisit
1835 2880 1883 2923 sc·

548 2977 677 3039 niorem
690 2973 830 3038 fratrem
847 2976 923 3039 Ras
938 2975 1072 3039 Emana
1086 2974 1250 3049 Christds,
1266 2978 1326 3059 qui
1341 2977 1422 3039 licet
1437 2975 1548 3059 primo
1564 2977 1698 3059 proelio
1713 2977 1882 3039 modicum

548 3093 683 3155 illorum
701 3091 842 3174 globum
856 3094 1027 3165 straverit,
1039 3112 1204 3155 conversa
1216 3101 1337 3174 postea
1348 3093 1432 3155 belli
1445 3094 1531 3167 alea,
1544 3092 1712 3155 auxilium
1724 3088 1883 3155 festinato

547 3210 755 3291 imploravit.
779 3208 839 3271 Ad
870 3211 1044 3291 suppetias
1068 3229 1129 3272 suo
1154 3227 1296 3291 corpore
1320 3208 1477 3272 ferendas
1508 3208 1729 3290 Imperatoris
1753 3207 1883 3272 animus

549 3324 747 3397 inclinabat,
770 3324 831 3387 sed
863 3324 1034 3395 obstitere,
1059 3326 1118 3405 qui
1148 3324 1331 3387 salutarius
1361 3325 1556 3397 monebant,
1580 3333 1617 3387 ut
1647 3344 1685 3387 se
1711 3323 1882 3387 Dancazio

548 3442 746 3512 contineret,
772 3460 813 3503 ne
833 3440 940 3523 ipsius
955 3442 1107 3503 discessu
1123 3450 1259 3503 coetera
1274 3442 1408 3523 imperii
1425 3441 1577 3504 membra
1601 3441 1882 3512 convellerentur,

548 3567 582 3618 et
605 3558 721 3619 sanius
745 3558 940 3628 iudicatum,
965 3566 1001 3619 ut
1017 3558 1081 3619 sub
1103 3554 1206 3619 finem
1222 3559 1425 3638 septembris
1441 3558 1603 3639 princeps
1619 3556 1793 3620 Basilides
1812 3576 1882 3620 cum

550 3673 669 3735 electis
692 3673 859 3735 militibus
881 3684 914 3735 et
945 3674 1097 3735 omnium
1128 3692 1309 3757 proregum
1338 3693 1379 3736 ac
1401 3668 1582 3757 procerum
1612 3675 1741 3756 stipatu
1764 3674 1800 3735 in
1821 3673 1883 3735 Ba·

551 3789 775 3871 gamedirum,
801 3789 876 3852 Ras
900 3809 982 3851 vero
1006 3788 1087 3851 Sela
1109 3788 1264 3852 Christds
1287 3809 1364 3852 cum
1388 3792 1459 3854 suis
1474 3790 1583 3872 copiis
1606 3790 1660 3852 *in
1676 3788 1884 3852 Amarenses
1907 3790 1982 3844 [12⁶.
2028 3816 2029 3869 p

550 3907 748 3968 mitteretur.
773 3905 826 3967 Eo
850 3907 938 3977 loco,
963 3907 997 3967 in
1021 3924 1088 3986 quo
1112 3905 1303 3987 Imperator
1318 3925 1399 3969 vere
1418 3908 1625 3980 substiterat,
1653 3907 1826 3989 princeps,
1852 3911 1884 3966 et

550 4041 677 4102 prorex
703 4021 976 4104 Bagamedrinus
999 4040 1075 4083 curn
1100 4021 1223 4103 viginti
1247 4022 1449 4084 bellatorum
1473 4021 1627 4084 millibus
1650 4023 1882 4089 consederunt,

552 4158 614 4199 nec
630 4137 749 4218 procul
767 4138 908 4200 aberant
925 4158 943 4198 a
960 4136 1151 4210 rusticanis,
1168 4137 1228 4199 sed
1240 4137 1514 4201 cuntactiouibus
1526 4146 1559 4200 et
1571 4135 1883 4206 consultationibus,

549 4254 631 4334 quin
656 4253 757 4335 signa
780 4251 982 4326 conferrent,
1006 4255 1096 4316 ultra
1119 4273 1269 4316 mensem
1294 4253 1460 4316 inutiliter
1483 4254 1725 4316 contriverunt.

231 4379 330 4461 Rasin
344 4380 463 4429 transitu
476 4394 522 4461 fu·
640 4372 668 4431 8.
693 4369 770 4431 Ras
794 4371 897 4432 etiam
922 4391 967 4431 ex
983 4366 1128 4432 Goiama
1146 4370 1211 4432 iter
1226 4370 1261 4431 in
1276 4367 1470 4432 Amarense
1488 4387 1629 4452 regnum
1646 4369 1882 4436 intendentem,
2027 4436 2028 4453 χ

199 4452 522 4586 &aspernamento
552 4496 642 4549 retro
666 4506 799 4548 cursum
824 4486 937 4549 moliri
961 4485 1182 4568 Imperatoris
1206 4487 1298 4549 iussa
1321 4495 1515 4569 coegerunt,
1540 4493 1578 4548 ut
1602 4486 1636 4547 in
1659 4483 1884 4569 Bagamediro

551 4622 627 4664 eum
652 4601 804 4684 principe
827 4604 1089 4685 congrederetur
1112 4612 1146 4664 et
1174 4600 1222 4664 ibi
1245 4603 1337 4684 quod
1352 4622 1414 4683 pro
1438 4612 1591 4684 ternpore
1607 4604 1775 4684 optimum
1800 4608 1913 4664 esset-
2027 4642 2028 4689 5

550 4718 703 4780 bellandi
727 4737 835 4800 genus
862 4719 1034 4781 communi
1050 4719 1194 4780 consilio
1210 4718 1440 4782 decernerent.
1464 4716 1535 4781 Sed
1550 4737 1629 4781 cum
1645 4716 1718 4780 dux
1733 4727 1885 4781 strenuus

550 4836 644 4898 nulla
672 4854 788 4897 morae
806 4836 985 4917 dispendia
1001 4833 1115 4897 facere
1130 4836 1250 4907 soleat,
1266 4837 1388 4907 scions,
1405 4834 1463 4897 ubi
1479 4834 1624 4897 accessit
1640 4834 1776 4914 aliquas
1796 4852 1885 4896 mon·

550 4962 707 5013 tenorum
732 4971 851 5013 manus
874 4951 908 5013 in
933 4952 1180 5032 campestribus
1203 4951 1357 5014 diversas
1385 4969 1506 5023 errare,
1530 4948 1717 5013 Daruotum
1742 4967 1883 5032 protege

550 5088 626 5130 cum
657 5068 789 5129 duobus
821 5078 1027 5129 armatorum
1058 5067 1210 5129 millibus
1230 5066 1297 5128 sibi
1328 5066 1501 5141 adiunct0,
1524 5075 1558 5129 et
1582 5066 1715 5148 ingenti
1747 5065 1884 5135 ambitu,
2025 5100 2027 5135 r

549 5205 591 5247 ne
615 5184 659 5246 ab
689 5183 773 5265 ipsis
797 5193 1050 5268 agnosceretur,
1083 5204 1143 5266 per
1166 5185 1309 5246 vallium
1340 5183 1543 5246 diverticula
1574 5182 1731 5255 decurso,
1763 5181 1799 5245 in
1829 5199 1884 5244 eos
