4066 6184
670 2128 858 2206 CAPUT
885 2127 1015 2204 XVII.

390 2484 396 2493 ι
485 2388 688 2464 Diversae
717 2388 761 2463 in
789 2387 1043 2464 catholicam
1069 2387 1194 2463 fidem

171 2531 215 2599 et
255 2521 546 2598 patriarcham
588 2523 640 2597 ob
680 2521 893 2618 superiora
935 2521 1159 2597 infortunia
1200 2521 1507 2597 insectationes.

265 2860 294 2905 ι.
318 2839 358 2906 Si
380 2840 567 2906 firmiorum
591 2844 724 2907 animos
744 2862 811 2906 non
835 2862 912 2907 raro
935 2861 1061 2927 magna
1082 2844 1224 2925 quaevis
1247 2844 1376 2906 iactura
1396 2843 1509 2925 depri·
1571 2851 1741 2900 Praesens
1764 2861 1857 2899 rerum

172 2958 248 3031 mit,
271 2958 353 3040 quid
377 2956 413 3020 in
437 2957 635 3041 Aethiopia,
659 2960 694 3022 in
717 2968 813 3023 tanta
835 2956 914 3023 fidei
939 2959 1127 3033 debilitate,
1154 2979 1232 3022 cum
1263 2959 1434 3041 prioribus
1458 2959 1508 3020 in·
1535 2929 1626 2972 'mu'
1644 2920 1802 2985 “mm

174 3070 335 3137 fortuniis
357 3076 549 3156 posteriora
570 3076 758 3140 succedunt
773 3084 807 3139 et
821 3050 935 3139 'multa
957 3096 994 3138 se
1017 3077 1163 3139 invicem
1188 3074 1378 3139 collidunt?
1402 3074 1507 3146 Buco,

173 3187 285 3252 Fecur
307 3189 395 3274 Egzi
418 3200 453 3255 et
475 3189 569 3255 caba
592 3189 748 3256 Christds
771 3214 790 3255 e
814 3192 927 3255 medio
945 3192 1100 3264 sublatis,
1116 3191 1322 3255 imbecillius
1337 3191 1508 3254 redditum

174 3316 227 3369 est
250 3325 376 3389 agmen
402 3308 661 3382 catholicorum,
692 3308 940 3372 haereticorum
971 3327 1054 3371 vero
1084 3309 1257 3391 potentius
1286 3318 1320 3371 et
1351 3305 1507 3370 ferocius.

174 3418 265 3503 Quin
288 3432 324 3487 et
350 3420 439 3486 felix
469 3426 705 3489 conversionis
735 3443 853 3488 cursus
883 3443 1101 3506 summopere
1127 3425 1326 3487 retardatus.
1350 3420 1396 3486 Se
1419 3441 1510 3484 anno

73 3564 76 3571 ·
115 3576 131 3591 ..
174 3540 408 3620 superiorein
431 3540 541 3604 aciem
564 3560 737 3625 egressum
765 3551 800 3603 et
829 3540 977 3605 sinistris
1006 3540 1185 3604 eventibus
1215 3548 1411 3603 revocatum
1442 3536 1510 3601 Im·

174 3664 313 3737 perator
335 3657 547 3739 pensitabat:
582 3658 733 3721 animum
759 3657 860 3720 dolor
882 3656 1063 3729 insidebat,
1088 3665 1122 3720 et
1145 3658 1185 3730 is,
1208 3656 1266 3740 qui
1290 3656 1393 3720 corde
1417 3655 1510 3717 clau·

174 3769 328 3845 debatur,
353 3790 496 3845 moeror,
519 3770 634 3837 vultus
652 3773 771 3836 nubilo
787 3773 1004 3856 prodebatur.
1020 3772 1062 3836 In
1078 3773 1156 3835 aula
1171 3772 1287 3855 plures
1302 3772 1510 3842 intimorum,

173 3886 277 3949 ovina
292 3887 385 3969 pelle
401 3888 558 3970 luporum
574 3889 704 3962 dentes,
728 3890 867 3953 leonum
890 3907 1021 3971 ungues
1040 3902 1074 3952 et
1089 3898 1284 3970 serpentum
1300 3887 1436 3970 linguas
1452 3905 1510 3948 ve-

165 4001 302 4075 labant,
318 4011 353 4066 et
368 4002 618 4087 quamcumque
633 4005 818 4089 spargendi
834 4006 958 4069 veneni
974 4003 1191 4068 occasionem
1211 4003 1386 4067 emissitiis
1402 4004 1511 4067 oculis

173 4126 207 4181 et
230 4111 371 4183 auribus
393 4121 631 4202 explorabant.
656 4120 748 4184 Belli
771 4121 916 4194 labores,
943 4120 1094 4185 hostium
1125 4120 1389 4192 multitudinem,
1421 4120 1513 4182 vires

172 4251 214 4297 ac
238 4231 411 4299 fortunam
434 4237 523 4300 ultra
545 4255 664 4300 verum
688 4239 956 4321 exaggerabant.
974 4235 1159 4319 Quousque
1175 4237 1312 4300 tandem
1329 4233 1512 4319 (dicebant)

172 4358 208 4411 et
231 4367 309 4412 cum
332 4358 417 4432 quot
438 4359 473 4415 et
496 4352 632 4433 quantis
655 4353 755 4416 nobis
779 4353 1023 4437 pugnandum?
1046 4351 1250 4416 *Rusticani
1267 4350 1363 4413 illam
1379 4358 1511 4413 tantum

171 4460 276 4529 fidem
300 4460 433 4540 norunt,
461 4468 497 4531 in
526 4488 595 4550 qua
625 4479 702 4532 sunt
733 4469 877 4532 educati.
909 4468 1096 4531 Turcarum
1126 4478 1161 4531 et
1191 4466 1511 4530 Mahometanorum

172 4576 298 4646 nomen
321 4583 421 4647 nobis
443 4583 573 4657 indunt,
598 4587 690 4668 quod
720 4584 1025 4657 circumcisionem,
1056 4593 1090 4647 et
1120 4594 1262 4665 quartae
1293 4580 1399 4646 feriae
1428 4583 1511 4645 ieiu-

170 4699 266 4762 nium
290 4699 531 4765 abstulerimus
564 4709 599 4764 et
622 4701 700 4765 ideo
723 4702 858 4765 clausas
889 4721 963 4765 esse
993 4699 1158 4764 ecclesias
1190 4711 1387 4781 queruntur,
1418 4700 1511 4779 quod

172 4814 334 4897 antiquae
357 4814 530 4899 liturgiae,
564 4817 688 4900 quibus
719 4818 870 4900 ipsorum
905 4836 1005 4882 aures
1036 4826 1132 4881 erant
1162 4812 1437 4885 condocefactae,
1468 4816 1513 4876 si·

171 4926 280 4993 lentlo
303 4931 373 4994 sint
394 4930 610 4996 obliteratae.
635 4930 683 4996 Hi
706 4953 882 4998 sermones
905 4954 926 4997 a
949 4932 1068 4997 multis
1091 4933 1227 5015 saepius
1248 4929 1386 5013 repetiti
1401 4929 1513 5011 Impe-

170 5047 295 5111 ratoris
317 5055 437 5129 pectus
458 5048 717 5130 pertundebant,
742 5070 822 5115 nam
846 5060 884 5117 et
905 5050 1037 5133 lapides
1060 5058 1156 5133 gutta
1173 5056 1329 5116 excavat,
1347 5056 1380 5109 et
1396 5044 1514 5108 silices

169 5170 322 5226 atterunt
344 5158 522 5227 formicae.
