4066 6174
576 580 699 629 INDEX
726 580 895 630 CAPITUM
920 581 1025 630 LIBRI
1050 582 1063 630 I
1088 582 1134 649 ET
1159 582 1187 630 11
1479 591 1541 649 409

212 726 245 774 ab
262 724 397 777 haereticis
416 727 552 792 reprobati,
570 743 596 792 p.
615 725 675 793 376.
689 757 722 766 -
742 742 768 792 4.
781 730 841 778 Iesu
860 729 972 778 nominis
992 730 1122 778 invocatio
1133 729 1220 779 vetita.
1233 728 1367 778 Generalis
1379 730 1544 779 circumcisio

212 816 354 874 subsecuta,
372 830 397 880 p.
417 814 477 877 376.
501 845 534 853 -
557 824 580 878 5.
600 817 717 866 Militum
736 818 771 866 ob
791 818 956 881 praeconium
976 817 1143 867 exultantium
1165 832 1249 875 voces,
1268 833 1293 883 p.
1313 827 1373 879 377.
1394 847 1426 855 -
1447 816 1471 868 6.
1490 818 1543 867 Irn-

212 913 312 968 perator
331 903 363 953 ad
382 904 439 954 Ras
458 905 572 970 scripsit,
590 920 615 971 p.
635 915 696 968 377.

213 1096 341 1161 CAPUT
364 1099 540 1165 XXXIV.
565 1137 608 1151 -
634 1101 728 1183 Quae
751 1102 904 1187 deinceps
925 1101 1098 1166 evenerinl
1111 1122 1214 1187 usquc
1230 1099 1276 1165 ad
1288 1105 1425 1165 rrzorlem
1441 1102 1543 1187 impe·

300 1217 428 1279 ratoris
450 1216 572 1281 Seltan
594 1217 747 1303 Segucdi
797 1265 1246 1281 .........
1293 1236 1371 1299 pag.
1398 1222 1540 1297 383·387

300 1383 503 1436 Summsrium.
524 1397 548 1437 2.
567 1386 706 1436 Decretum
726 1396 754 1437 ut
767 1396 852 1452 patres
864 1388 897 1436 ab
909 1386 1039 1451 aliquibus
1057 1386 1178 1435 domibus
1196 1394 1223 1435 et
1240 1386 1357 1435 ecclesiis
1375 1386 1544 1448 exigerentur,

212 1487 236 1537 p.
256 1472 316 1536 384.
335 1502 369 1510 —
389 1484 413 1535 3.
431 1475 468 1524 Ut
486 1490 502 1523 a
514 1476 656 1537 Gorgonae
668 1476 805 1541 peninsula
817 1484 902 1541 patres
920 1484 1064 1524 arcerentur
1082 1475 1114 1524 ab
1132 1475 1285 1524 adversariis
1297 1475 1407 1525 maxime
1418 1482 1542 1541 curatum,

212 1577 236 1626 p.
256 1561 316 1624 384.
333 1590 365 1600 -
380 1575 405 1625 4.
424 1566 450 1613 A
463 1574 559 1628 puncto
571 1563 734 1614 confirmatae
746 1565 889 1615 sententiae
901 1564 1084 1629 Imperatorem
1098 1563 1200 1613 dolores
1219 1579 1269 1612 non
1289 1563 1432 1625 deseruere,
1443 1578 1468 1627 p.
1483 1562 1543 1628 385.

214 1679 243 1687 -
265 1662 288 1716 5,
308 1652 484 1702 Domesticam
506 1653 694 1718 supellectilem
713 1663 797 1719 patres
816 1654 1002 1716 Gorgorrenses
1015 1654 1042 1702 in
1061 1668 1185 1718 pauperes
1203 1652 1370 1715 distribuunt,
1390 1668 1416 1717 p.
1436 1650 1495 1715 385.
1508 1680 1543 1687 -

211 1738 235 1791 6.
256 1741 366 1791 Flebilis
384 1741 527 1805 Gorgorrae
545 1741 684 1803 discessus,
700 1758 726 1808 p.
746 1743 806 1806 385.
820 1772 853 1782 -
869 1751 892 1802 7.
911 1745 937 1792 A
953 1743 1116 1801 Damotibus,
1135 1743 1218 1805 AgaIs
1230 1751 1255 1790 et
1267 1741 1431 1798 Nebessaeis,
1443 1757 1468 1805 p.
1483 1736 1542 1802 386.

212 1857 245 1867 -
265 1829 289 1881 8.
308 1831 340 1879 In
359 1840 442 1880 castra
460 1832 551 1893 ingens
569 1830 755 1881 haereticorum
773 1847 921 1890 concursus,
940 1846 965 1896 p.
986 1830 1044 1893 386.
1067 1859 1098 1869 -
1118 1843 1142 1891 9.
1164 1832 1222 1880 Duo
1240 1840 1325 1895 patres
1347 1831 1373 1879 in
1394 1831 1426 1879 iis
1444 1845 1543 1894 perma-

211 1919 313 1973 nebant.
341 1920 512 1970 Praeconium
540 1920 737 1980 haereticorum,
764 1936 789 1986 p.
818 1919 878 1982 387.
908 1948 939 1957 -
972 1931 1012 1972 10.
1040 1920 1140 1969 Seditio
1162 1920 1239 1969 huius
1258 1920 1389 1984 praeconii
1408 1920 1544 1967 occasione

211 2016 308 2068 coorta
325 2024 351 2074 o·
371 2009 430 2071 387-

213 2201 345 2266 CAPUT
370 2204 529 2268 XXXV.
554 2241 598 2255 -
622 2206 774 2269 Morari
803 2205 943 2271 horrores
958 2207 1146 2294 surrrroles
1176 2205 1396 2290 imperalorr's
1423 2204 1544 2269 Selton

300 2319 452 2406 Seguedz'
473 2321 626 2385 Socr'm'ris
628 2370 1245 2387 ............
1293 2342 1371 2407 pag.
1400 2327 1542 2401 389·393

300 2490 500 2542 Summanum.
524 2504 544 2544 r.
565 2493 733 2557 ImperatorIs
744 2492 893 2553 anxietates,
912 2507 937 2558 p.
951 2493 1011 2554 389.
1026 2520 1054 2529 -
1073 2505 1097 2545 2.
1116 2493 1162 2541 Sui
1181 2502 1262 2542 status
1280 2506 1388 2554 angores
1401 2492 1545 2555 Imperator

211 2579 391 2643 cognoscebat,
410 2595 435 2645 p.
455 2580 515 2644 389.
529 2609 562 2619 -
579 2592 602 2647 3.
621 2582 687 2654 Eius
706 2582 733 2631 iu
745 2580 888 2633 catholicos
906 2589 932 2631 et
950 2580 1092 2631 haereticos
1110 2581 1254 2637 alternatio,
1273 2596 1298 2645 p.
1319 2591 1378 2642 390.
1394 2607 1425 2617 -
1438 2592 1463 2642 4.
1477 2579 1542 2628 Cum

212 2676 283 2733 patre
301 2668 402 2720 Didaco
420 2670 530 2720 crimina
546 2672 667 2736 expiavit,
686 2687 711 2737 p.
732 2682 791 2733 390.
805 2699 838 2708 —
853 2682 877 2736 5.
895 2671 995 2722 Globus
1008 2671 1161 2720 durissimus
1174 2671 1200 2719 in
1215 2671 1296 2735 ipsius
1308 2680 1394 2719 ventre
1405 2668 1543 2724 concrevit,

212 2773 237 2823 p.
259 2769 317 2822 390.
330 2787 364 2797 —
377 2755 402 2812 6.
422 2760 454 2809 Iu
472 2758 523 2810 fide
541 2761 661 2810 Romana
679 2776 707 2810 se
726 2761 792 2810 mori
811 2769 925 2818 testatus,
944 2776 969 2825 p.
990 2771 1049 2822 390.
1064 2787 1097 2796 -
1112 2768 1135 2819 7.
1154 2759 1316 2808 Exclamario
1335 2759 1360 2806 in
1380 2759 1436 2806 eius
1454 2756 1544 2805 mortis

213 2847 368 2898 iniortuniae
388 2847 462 2914 [ric],
480 2864 505 2915 p.
525 2860 585 2911 391.
604 2878 638 2889 -
659 2849 682 2902 8.
701 2849 772 2899 Novi
790 2849 958 2915 Imperatoris
976 2850 1002 2898 in
1022 2849 1112 2912 viginti
1132 2850 1247 2913 quinque
1263 2848 1354 2897 iratres
1372 2845 1543 2902 carnificinae,

212 2951 237 3001 p.
258 2947 316 2998 391.
336 2965 370 2975 -·
389 2950 414 2997 t).
433 2939 465 2987 In
484 2940 581 3005 templo
600 2939 712 2988 Ganetae
730 2940 864 2989 conditum
884 2939 1051 3004 Imperatoris
1069 2953 1171 3002 corpus,
1189 2953 1214 3002 p.
1235 2948 1294 2999 392.
1317 2965 1348 2975 -
1371 2948 1410 2987 ιο.
1430 2936 1543 2998 Pompnc

210 3025 331 3076 funeralis
350 3027 422 3087 ordo,
441 3043 466 3094 p.
487 3038 546 3091 392.
566 3057 601 3065 -
623 3040 662 3080 rr.
682 3028 751 3077 Novi
770 3028 938 3094 Imperatoris
958 3027 1122 3083 acclamatio,
1142 3042 1167 3091 p.
1191 3036 1249 3087 393.

297 5270 324 5311 C.
340 5270 445 5311 uicem
463 5270 517 5311 Rer.
534 5268 602 5310 Aert.
617 5270 706 5321 ξιτψ.
722 5282 760 5308 occ
783 5270 849 5311 r'ned.
866 5290 886 5297 -
904 5266 960 5308 VIII
