4124 6182
566 562 610 621 70
901 557 1175 607 EXPEDITIONIS
1198 557 1460 607 AETHIOPICAE
1483 558 1563 607 Em

565 704 649 787 quid
668 704 871 789 Aethiopum
896 704 1048 789 populos,
1075 704 1248 790 ipsamque
1273 704 1376 768 iuxta
1398 704 1589 791 Aegyptum
1605 703 1765 791 fertilem
1788 726 1899 768 morio·
1993 790 1996 797 Ι

565 819 727 884 eliorum?
751 820 806 902 (ι).

254 946 338 1026 4¹²⁰?
356 960 407 1004 47⁰
426 943 472 992 vel
486 948 536 1006 480
655 957 685 1016 3.
709 934 748 999 Si
769 948 884 1000 tamen
915 939 992 1020 quis
1022 940 1217 1009 contendat,
1242 936 1480 1020 Aethiopiam,
1503 940 1546 1002 de
1579 959 1647 1021 qua
1669 949 1790 1001 sancto
1818 938 1899 1001 Hie·

219 1014 437 1147 mentorum
451 1025 537 1064 ‘⁰⁸¹⁸'
566 1073 710 1135 ronymo
739 1073 850 1117 sermo
880 1063 964 1127 erat,
994 1074 1063 1117 non
1093 1056 1301 1137 superiorem
1332 1055 1420 1118 banc
1452 1053 1569 1126 fuisse,
1600 1055 1662 1118 sed
1692 1052 1899 1125 inferiorem,

566 1168 732 1252 Aegypto
755 1167 933 1241 confinem,
957 1189 1046 1252 quae
1077 1169 1225 1233 Nitriam
1248 1181 1283 1234 et
1313 1171 1538 1244 Thebaidem,
1569 1172 1759 1233 uberrimas
1785 1190 1899 1232 mona-

565 1285 703 1347 chorum
721 1285 869 1358 altrices,
887 1285 1092 1359 includebat,
1109 1284 1346 1369 'pertinaciter
1362 1307 1430 1350 non
1446 1286 1662 1371 refragabor;
1683 1288 1745 1350 sed
1761 1286 1898 1357 addam;
1924 1294 1940 1345 t.
1956 1298 2006 1354 mv.

565 1411 642 1484 post
665 1411 800 1464 centum
825 1421 942 1473 annos,
966 1422 1089 1484 nempe
1111 1403 1426 1484 quadrigentesimo
1449 1403 1714 1487 septuagesimo,
1734 1403 1792 1465 vel
1808 1414 1899 1465 octo-

565 1518 707 1601 gesim0,
731 1529 808 1599 post
832 1516 950 1580 Abrae
974 1530 1008 1581 et
1031 1517 1150 1581 Azbae
1167 1518 1243 1601 (sub
1257 1518 1382 1600 quibus
1404 1520 1494 1582 vixit
1510 1519 1738 1598 Frumentius)
1760 1528 1795 1581 et
1818 1520 1899 1580 alio·

566 1654 638 1695 rum
662 1633 821 1715 quinque,
846 1630 947 1705 Aisa,
972 1632 1103 1707 Ardea,
1128 1633 1269 1707 Anassi,
1293 1634 1423 1706 Arado,
1445 1632 1618 1705 Aladobii,
1643 1635 1699 1697 vel
1715 1631 1898 1703 Saladobii,

565 1767 756 1819 excessum,
780 1750 843 1810 sub
867 1748 1056 1820 Amiamid,
1078 1768 1179 1832 quem
1207 1749 1267 1812 alii
1298 1751 1415 1812 dicunt
1446 1748 1601 1823 Alamid,
1632 1749 1693 1811 alii
1723 1746 1898 1817 Alamidi,

567 1862 703 1927 felicem
728 1866 762 1926 in
786 1864 1010 1947 Aethiopiam
1035 1867 1208 1928 inductam
1233 1867 1476 1929 monachorum
1492 1867 1782 1948 restagnationem
1799 1886 1898 1948 quam

255 1990 538 2072 amanuensium
566 1983 707 2044 annales
730 1982 949 2045 Auximitani
973 1983 1027 2046 his
1050 1983 1164 2045 verbis
1186 1984 1401 2046 describunt:
1421 1982 1491 2046 Sub
1507 1982 1688 2046 Ami'omid
1696 1982 1848 2067 plurimi
1858 2002 1900 2044 ei·

219 2061 364 2182 :mium
384 2070 539 2112 ‘mmm'
566 2098 660 2160 Rum
684 2097 841 2161 monachi
860 2098 1022 2163 odtteme'
1044 2099 1108 2183 qui
1126 2104 1232 2162 totum
1255 2099 1435 2185 imperium
1458 2099 1685 2184 oppleuerant.
1713 2098 1842 2162 Novem
1857 2097 1899 2160 il·

566 2215 676 2277 lorum
699 2213 737 2276 in
755 2213 787 2277 T
783 2215 897 2299 igraeo
919 2234 1023 2300 regno
1044 2215 1275 2289 substiterunt,
1298 2236 1439 2299 quorum
1462 2214 1601 2299 quilibet
1621 2235 1681 2277 suo
1697 2214 1900 2299 insignitum

567 2330 700 2393 nomino
721 2331 908 2394 coenobium
931 2332 1050 2395 erexit.
1078 2330 1213 2394 Octoni's
1234 2351 1311 2395 nero
1330 2332 1509 2418 indigenae
1535 2331 1678 2414 outi'quo
1695 2330 1834 2393 nomino
1849 2328 1900 2392 ob-

565 2447 741 2510 stulerant
761 2451 796 2509 et
816 2468 901 2510 noua
923 2468 967 2510 ex
989 2448 1104 2532 oliouo
1127 2452 1248 2511 euentu
1271 2447 1467 2532 affixerunt,
1482 2447 1588 2510 unius
1606 2446 1834 2510 Pantaleoni's
1848 2466 1899 2507 oo·

566 2562 680 2624 cobiilo
704 2567 842 2625 retento.
868 2562 1091 2647 Reliquorum
1114 2562 1177 2627 tiae
1199 2569 1284 2627 seint
1305 2563 1593 2626 nomenclatioues.
1623 2562 1713 2625 Abba
1739 2563 1899 2649 Arogaoi,

566 2675 654 2739 idest
666 2697 779 2747 senex,
792 2677 881 2760 quod
889 2696 942 2738 eos
956 2682 1066 2741 aetate
1081 2682 1114 2741 et
1130 2678 1299 2763 dignitate
1313 2680 1462 2743 anteiret
1468 2706 1483 2751 ,·
1494 2678 1585 2742 Albo
1601 2677 1771 2741 Guarimt
1779 2703 1794 2747 ,·
1809 2678 1900 2741 Abbi

566 2792 680 2875 iiten·
694 2792 786 2855 Abbi
800 2792 952 2856 Salaeni
963 2793 1040 2875 [sic]
1057 2795 1100 2877 (a)
1110 2821 1123 2865 ,·
1139 2794 1232 2857 Aioi
1251 2795 1282 2858 Α
1277 2795 1326 2882 fo*
1339 2795 1416 2879 [sic]
1432 2796 1471 2875 (o)
1482 2820 1496 2865 ,·
1518 2794 1610 2858 Abba
1626 2793 1793 2863 Litanom-
1809 2794 1900 2857 Auo

565 2906 751 2980 [idimoto,·
767 2908 858 2972 Atio
883 2908 937 2981 Oi,
958 2930 1054 2994 quom
1069 2910 1171 2974 etiam
1188 2910 1293 2983 Gneo,
1310 2912 1368 2974 troc
1383 2917 1435 2975 est
1450 2912 1619 2975 tumidum
1634 2911 1812 2979 dfcebont:
1826 2930 1899 2971 cnm

565 3023 657 3087 euim
668 3045 766 3087 iiiom
777 3026 944 3089 ecelesiam
957 3027 995 3088 iri
1002 3027 1172 3111 praecelso
1183 3028 1307 3091 montis
1317 3028 1414 3091 dorso
1425 3026 1644 3111 aedificasset,
1657 3032 1691 3091 et
1703 3026 1740 3089 in
1759 3046 1797 3088 eo
1811 3026 1901 3088 solus

566 3139 742 3211 habitaret,
766 3142 912 3206 arbitros
935 3147 1048 3206 tamen
1070 3146 1223 3230 effugere
1245 3164 1313 3205 non
1332 3145 1468 3228 potuit·
1489 3163 1570 3206 nam
1593 3142 1783 3227 quisubtus
1805 3147 1899 3225 prae·-

567 3254 866 3341 ingrediebantur,
889 3260 1001 3321 oculos
1023 3280 1160 3322 siirnim
1190 3260 1395 3333 attollentes,
1425 3260 1582 3343 quisnam
1612 3263 1697 3322 esset
1722 3256 1901 3321 monachus

566 3372 625 3435 illo
647 3371 725 3436 odeo
750 3372 900 3437 tumulas
922 3376 1107 3461 rogabant:
1127 3376 1217 3438 unde
1243 3375 1301 3439 hoc
1327 3374 1389 3440 illi
1411 3395 1575 3461 agnomen
1602 3373 1722 3437 haesit.
1737 3372 1901 3459 [rigentia

566 3488 607 3550 tii
626 3489 795 3552 miraculo
817 3489 957 3563 edidero,
981 3492 1101 3575 qui'bus
1126 3512 1284 3576 magnam
1314 3492 1514 3576 Aethiopiae
1538 3496 1673 3576 partem
1696 3488 1743 3552 od
1770 3487 1904 3552 Christi

558 3604 668 3687 ,fidem
687 3609 945 3688 pertraxerunt.
962 3606 1066 3669 Inter
1079 3628 1117 3671 ea
1134 3606 1227 3670 illuit
1238 3607 1388 3671 maxime
1403 3606 1626 3672 meniorobi'lo.
1641 3604 1819 3668 ciei'iiselom
1834 3624 1900 3666 ser·

562 3720 686 3804 pontii,
717 3742 812 3804 quem
838 3729 943 3806 prope
973 3723 1158 3786 Auxumen
1190 3724 1299 3787 multo
1324 3730 1445 3808 pecora
1471 3728 1506 3786 et
1528 3721 1679 3785 tiomi'nes
1710 3718 1903 3783 insatiabili

567 3837 719 3921 ingluvie
740 3844 914 3901 norontem
944 3841 1016 3901 suis
1034 3840 1190 3923 procilius
1211 3838 1428 3923 diruperunt.
1454 3837 1632 3900 Hactenus
1666 3835 1748 3899 fasti
1779 3837 1899 3898 Auxu-

255 3965 463 4015 Testimonium
500 3978 539 4013 ex
567 3973 710 4025 menses
724 3957 847 4036 quibus
869 3956 903 4017 in
928 3957 998 4017 vita
1015 3956 1166 4019 Abbatis
1181 3955 1286 4018 Tecla
1303 3955 1504 4037 Haymanot
1519 3954 1605 4016 haec
1621 3953 1802 4015 adduntur.
1819 3951 1900 4013 Per-

219 4035 363 4157 }{ffib‘
372 4035 540 4086 Taum
566 4070 660 4133 oeuit
688 4071 735 4133 ad
761 4072 948 4134 coenobium
976 4072 1091 4135 Domo
1118 4077 1343 4135 constructum
1374 4072 1413 4134 ab
1438 4070 1559 4133 Abbati
1581 4068 1742 4154 Arogooil
1768 4087 1837 4129 uno
1858 4086 1901 4128 ex

567 4207 681 4249 nouem
702 4187 852 4259 Sanca's,
876 4187 941 4271 qui
958 4188 1017 4250 sub
1033 4187 1205 4259 Alamielet,
1220 4188 1304 4272 filio
1318 4186 1507 4250 Soladoboo
1521 4190 1555 4248 et
1567 4185 1819 4270 praedecessore
1839 4181 1898 4244 Yo-

566 4323 656 4375 cena,
669 4302 707 4366 in
729 4303 947 4387 Aethiopiam
965 4304 1136 4388 appulere.
1153 4305 1210 4366 Hi
1223 4325 1336 4367 amem
1351 4308 1435 4365 sunt
1449 4307 1555 4373 ostro,
1572 4320 1657 4385 quae
1672 4304 1780 4362 totuin
1796 4297 1899 4361 orbem

568 4419 825 4494 illuminarunt,
848 4430 882 4481 et
905 4422 1020 4502 plures
1042 4440 1159 4484 eorum
1183 4422 1303 4483 laudes
1325 4421 1581 4501 subiunguntur.

231 4544 540 4596 annuntiantiu-
656 4556 687 4612 4.
716 4531 785 4598 Sed
816 4537 982 4616 quidquid
1014 4539 1057 4600 sit
1081 4539 1124 4600 de
1151 4539 1193 4599 iis
1223 4536 1529 4619 supputationibus,
1561 4556 1607 4598 ex
1637 4532 1781 4597 historia
1810 4532 1898 4615 regis

219 4617 457 4679 ibuneotligiiur
470 4627 539 4668 ‘⁸¹¹¹'
566 4648 683 4723 Caleb,
707 4651 864 4715 Tacenae
887 4651 950 4714 filii
974 4651 1086 4736 (quem
1111 4655 1218 4717 nostri
1241 4653 1414 4716 Elesbaan
1438 4654 1564 4723 dicunt,
1588 4661 1622 4714 et
1638 4652 1682 4713 ad
1698 4651 1791 4712 diem
1807 4651 1897 4731 vige

219 4702 275 4750 pus
287 4689 424 4739 adventus
436 4704 538 4740 novem

220 4762 432 4810 monachorum.
567 4769 690 4830 simum
714 4771 896 4849 septimum
922 4768 1082 4831 Octobris
1105 4767 1308 4833 Sanctorum
1332 4771 1492 4853 catalogo
1515 4767 1700 4850 apponunt)
1732 4766 1896 4829 indubita·
2038 4796 2039 4799 ¹

567 4896 637 4946 tum
661 4886 786 4956 evadit,
810 4905 934 4947 novem
960 4886 1039 4947 illos
1074 4886 1260 4948 monachos
1290 4885 1378 4948 inter
1412 4885 1703 4966 septuagesimum
1727 4884 1785 4945 vel
1808 4892 1896 4945 octo·
2038 4816 2039 4905 i

656 5048 691 5108 (a)
711 5047 860 5109 Legendum
883 5068 895 5093 u
910 5048 1014 5097 Salamii
1030 5066 1051 5100 ὑ.
1081 5076 1103 5085 -
1125 5050 1161 5111 (b)
1181 5049 1330 5112 Legendum
1354 5068 1364 5093 u
1380 5049 1447 5097 Alce
1464 5070 1485 5101 u.

655 5137 696 5201 (1)
715 5138 748 5188 D.
770 5139 931 5193 Hieron,
951 5138 1035 5203 Epist.
1057 5147 1080 5196 7,
1100 5148 1126 5188 ct
1147 5146 1186 5197 17.
