4066 6184
549 597 609 657 242
880 589 1155 640 EXPEDITIONIS
1177 588 1439 640 AETHIOPICAE
1462 589 1542 639 ETC.

547 759 657 822 neque
679 737 902 811 Aaronicum,
929 738 1021 821 quod
1052 737 1287 821 Babylonicae
1310 736 1521 819 captivitatis
1544 746 1697 819 tempore
1720 738 1872 807 cessavit,

546 865 583 921 ut
606 854 732 918 Daniel
755 863 907 921 testatur.
930 853 1013 919 Non
1036 858 1087 919 cst
1107 853 1145 918 in
1168 858 1313 940 tempore
1335 852 1394 917 hoc
1413 853 1572 939 princeps
1594 858 1628 918 ct
1647 853 1721 916 dux
1747 857 1781 917 et
1797 859 1872 938 pro·

542 970 656 1058 pheta,
686 991 793 1054 nsque
822 969 1059 1046 holocaustum,
1093 990 1197 1056 neque
1226 970 1441 1054 sucrificium,
1475 990 1579 1055 neque
1612 968 1742 1043 oblatae,
1775 990 1874 1054 mque

546 1087 728 1157 incensum,
759 1107 863 1172 neque
894 1086 984 1151 loom
1008 1085 1258 1171 primitiarum.
1290 1086 1387 1150 Licet
1419 1096 1532 1150 autem
1563 1086 1768 1167 temporaria
1798 1095 1874 1149 tuuc

548 1201 649 1268 fuerit
672 1204 733 1266 illa
755 1202 922 1266 Aaronici
945 1203 1128 1267 sacerdotii
1152 1204 1297 1266 cessatio
1320 1211 1407 1285 post,
1431 1203 1527 1265 urbis
1550 1212 1584 1266 et
1613 1201 1734 1284 templi
1757 1221 1777 1264 a
1799 1202 1874 1265 Tito

547 1330 581 1383 et
616 1317 830 1401 Vespasiano
860 1320 1073 1383 eversionem
1102 1319 1238 1400 penitus
1267 1316 1332 1381 fuit
1362 1317 1562 1389 extinctum,
1593 1321 1627 1381 et
1651 1317 1819 1380 aestatem
1843 1321 1875 1381 ct

546 1436 579 1499 S
577 1433 793 1500 sanctuarium
809 1434 990 1519 dissipabit
998 1434 1147 1519 populus
1161 1454 1235 1497 cum
1250 1432 1495 1508 decantatum,
1511 1434 1621 1515 inquit
1635 1433 1725 1497 idem
1744 1431 1872 1505 Daniel,

546 1555 582 1616 ei
601 1549 735 1634 dejiciet
755 1550 865 1615 hestia
887 1555 922 1614 et
941 1550 1147 1635 sacrficium
1163 1550 1218 1634 (1).
1243 1548 1328 1613 Cum
1344 1551 1444 1621 enim,
1461 1568 1509 1612 ex
1523 1548 1780 1613 Deuteronomii
1803 1569 1873 1612 san·

547 1669 661 1731 ctione
683 1664 852 1729 sacrificia
868 1666 902 1729 in
917 1667 1049 1748 templo
1065 1676 1197 1730 tanturn
1213 1685 1275 1729 nec
1292 1667 1361 1729 alio
1378 1665 1455 1729 loco
1470 1662 1587 1728 offerri
1602 1676 1742 1747 possent
1758 1665 1813 1747 (2),
1834 1684 1872 1727 eo

548 1782 699 1847 funditus
715 1783 898 1855 destructo,
914 1783 1052 1865 planum
1076 1792 1127 1846 est
1149 1782 1378 1847 sacerdotium
1393 1781 1572 1845 occidisse.
1594 1781 1775 1844 Praeterea
1794 1780 1873 1843 illud

546 1899 774 1963 sacerdotium
799 1917 865 1961 non
883 1896 947 1962 fuit
962 1899 1147 1963 secundum
1163 1898 1318 1961 ordinem
1333 1896 1601 1968 Melchisedech,
1616 1898 1698 1979 quia
1713 1895 1778 1959 iste
1793 1896 1872 1958 nihil

547 2024 721 2077 cruentum
744 2014 877 2085 obtulit,
901 2013 962 2077 sed
984 2032 1108 2095 panem
1131 2022 1262 2077 tantum
1286 2023 1320 2077 et
1336 2013 1453 2077 vinum
1466 2015 1520 2097 (3),
1543 2014 1638 2077 illius
1651 2022 1766 2076 autem
1781 2014 1872 2075 mini·

546 2131 607 2194 stri
622 2130 776 2213 quotidie
799 2130 885 2194 duos
907 2148 1016 2213 agnos
1038 2130 1236 2202 caedebant,
1252 2129 1330 2193 aliis
1345 2130 1467 2194 diebus
1483 2130 1597 2211 plures
1611 2138 1646 2192 et
1661 2130 1697 2191 in
1713 2128 1873 2191 Paschate

547 2247 704 2329 ingentes
733 2246 963 2320 hecatombas,
989 2256 1026 2309 ut
1050 2256 1162 2310 vester
1184 2245 1351 2328 Iosephus
1374 2247 1477 2310 tradit
1499 2246 1554 2328 (4).
1582 2244 1872 2308 Con*cludendum
1896 2254 1911 2301 t.
1925 2264 1966 2314 ιι).

546 2362 651 2445 igitur
673 2362 847 2425 Psalmum
871 2362 968 2425 illum
992 2383 1013 2425 a
1035 2362 1172 2426 Davide
1188 2363 1423 2444 compositum,
1440 2362 1502 2425 sed
1517 2361 1611 2424 illius
1626 2362 1801 2443 mysteria,
1818 2379 1872 2421 uec

548 2478 582 2540 in
604 2477 841 2541 Abrahamum
864 2478 922 2542 vel
945 2480 1056 2560 ipsum
1081 2478 1252 2542 Davidem
1275 2487 1333 2542 aut
1360 2497 1480 2560 purum
1510 2478 1667 2559 quemvis
1696 2476 1874 2547 hominem,

547 2595 608 2659 sed
630 2596 666 2655 in
689 2594 800 2658 solum
823 2594 997 2667 Messinm,
1013 2594 1124 2659 Deum
1141 2595 1243 2658 simul
1259 2604 1361 2677 atque
1376 2595 1550 2658 hominem
1566 2601 1770 2675 competere,
1788 2593 1874 2655 cuius

547 2712 593 2774 ob
616 2719 758 2774 naturae
780 2710 918 2773 divinae
940 2713 1176 2775 aeternitatem
1200 2712 1443 2794 sempiternum
1466 2719 1518 2774 est
1540 2710 1787 2782 sacerdotium
1813 2729 1875 2771 non

548 2826 745 2889 animalium
779 2828 885 2890 caede
919 2827 1185 2910 sanguinarium,
1219 2828 1280 2891 sed
1315 2827 1441 2889 munda
1474 2825 1574 2908 panis
1607 2836 1642 2889 et
1676 2824 1750 2887 vini
1789 2824 1895 2887 obla·'

548 2941 641 3007 tione
663 2944 858 3007 iucundum.
881 2942 936 3006 De
962 2963 1031 3026 quo
1061 2942 1270 3007 Malachias:
1301 2943 1348 3006 In
1376 2942 1474 3006 omni
1498 2942 1566 3007 loco
1591 2940 1820 3024 sacrificatur,
1848 2943 1877 3003 ci

548 3058 695 3144 offertur
717 3057 852 3122 nomini
870 3078 941 3123 meo
963 3059 1084 3122 oblatio
1108 3060 1236 3123 munda
1259 3058 1315 3143 (5).

239 3181 307 3231 Prio
322 3197 338 3231 a
360 3192 521 3242 retraetans,
643 3195 690 3252 ¹4·
707 3173 765 3236 Me
780 3174 998 3239 Patriarchae
1009 3175 1115 3239 verba
1126 3175 1318 3257 impellunt,
1331 3176 1440 3256 inquit
1453 3172 1628 3245 Salomon,
1641 3183 1678 3236 ut
1689 3191 1778 3254 quae
1791 3175 1877 3255 prius

204 3253 522 3388 {ffiffifflfrfr'
549 3290 705 3353 dixeram
721 3301 901 3354 retractem
918 3299 953 3354 et
968 3291 1143 3355 Psalmum
1160 3292 1256 3354 illum
1274 3311 1341 3354 non
1358 3293 1427 3353 iam
1443 3310 1464 3352 a
1479 3290 1615 3353 Davide
1632 3309 1743 3371 neque
1759 3309 1779 3352 a
1798 3288 1877 3351 Mel·

549 3405 732 3469 chisedech
744 3408 780 3469 in
791 3406 956 3471 Abrahae
968 3408 1126 3488 gratiam,
1135 3408 1196 3470 sed
1208 3408 1251 3470 de
1263 3408 1406 3490 privatis
1414 3408 1485 3470 suis
1497 3406 1656 3469 laudibus
1667 3414 1876 3487 compactum

549 3540 753 3586 asseverem.
770 3522 945 3587 Pessimus
960 3523 1017 3586 hic
1033 3533 1096 3595 est,
1113 3543 1180 3586 non
1198 3524 1415 3587 Patriarchae
1432 3523 1492 3606 (ait
1504 3522 1586 3605 ille),
1598 3522 1660 3584 sed
1671 3530 1750 3584 tuae
1763 3521 1878 3583 mentis

550 3656 590 3700 ac
613 3639 727 3721 gentis
750 3638 916 3720 impulsus
939 3648 974 3703 et
996 3641 1142 3722 vertigo,
1165 3649 1202 3704 ut
1225 3639 1346 3702 eodem
1371 3638 1447 3703 loco
1467 3648 1559 3701 stare
1575 3635 1748 3708 nesciatis,
1772 3637 1877 3700 sedin

549 3772 699 3816 errorum
722 3753 865 3816 circuitu
888 3754 1069 3816 ambuletis
1093 3765 1126 3818 et
1150 3756 1194 3818 ab
1217 3756 1296 3819 aliis
1319 3756 1362 3819 ad
1389 3754 1477 3818 alios
1507 3751 1679 3817 volubiles
1708 3771 1878 3834 sempera

549 3868 703 3932 veritatis
726 3879 842 3933 centro
865 3871 1053 3934 divertatis.
1078 3870 1128 3934 Ut
1151 3872 1309 3935 Psalmus
1333 3871 1392 3934 ille
1415 3872 1459 3933 ad
1484 3870 1615 3933 nullum
1637 3887 1761 3950 purum
1776 3868 1879 3931 homi·

550 4004 626 4047 nem
649 3985 805 4067 adaptari
827 3996 951 4068 potest,
974 3986 1026 4050 sic
1050 4005 1159 4067 neque
1182 3989 1226 4052 ad
1250 3986 1524 4060 Melchisedech;
1548 3986 1579 4049 si
1595 3985 1687 4049 enlin
1704 3984 1796 4047 idem
1811 3984 1877 4065 ipse

548 4101 617 4162 iam
640 4099 800 4163 sacerdos
830 4111 904 4163 erat
927 4099 994 4163 Dei
1025 4100 1210 4173 Altissimi,
1242 4101 1415 4182 quomodo
1445 4103 1490 4165 ad
1521 4101 1616 4165 illius
1646 4100 1802 4164 ordinem
1825 4119 1878 4162 seu

549 4214 773 4296 archetypum
797 4214 977 4279 formatur:
1002 4236 1080 4280 cum
1103 4218 1196 4298 quod
1220 4218 1289 4280 tale
1312 4228 1373 4289 ost,
1398 4216 1467 4280 alio
1491 4238 1558 4280 non
1582 4218 1737 4300 indigeat
1755 4226 1793 4280 ut
1814 4215 1877 4279 tale

549 4331 730 4393 reddatur?
753 4329 933 4412 Quomodo
954 4332 998 4394 de
1022 4333 1130 4414 ipsius
1153 4334 1311 4397 laudibus
1334 4342 1387 4397 est
1411 4334 1534 4405 editus,
1550 4333 1579 4397 sl
1595 4333 1825 4396 sacerdotium
1840 4331 1878 4393 ab

549 4465 600 4519 eo,
617 4456 654 4510 ut
678 4447 834 4520 docuisti,
858 4449 903 4510 ob
926 4447 1053 4530 ingrati
1076 4450 1180 4513 animi
1204 4468 1351 4531 poenam
1374 4457 1427 4513 est
1446 4449 1665 4531 ademptum?
1682 4448 1743 4512 Ab
1758 4447 1811 4511 his
1826 4467 1878 4509 nu·

549 4563 719 4643 gementis
741 4575 775 4626 et
806 4565 884 4627 aliis
914 4564 1085 4628 similibus
1114 4567 1187 4639 tibi,
1219 4564 1394 4639 Salomon,
1425 4575 1630 4649 temperato,
1661 4586 1705 4629 ne
1735 4566 1770 4627 in
1793 4574 1878 4627 tuum

549 4689 650 4760 caput
672 4679 737 4742 hae
760 4677 897 4743 fabulae
920 4689 1107 4744 vertantur.
1131 4681 1199 4746 His
1222 4682 1332 4754 dietis,
1357 4685 1512 4748 insuam
1536 4683 1677 4746 domum
1693 4682 1754 4745 ille
1770 4691 1819 4744 est
1833 4698 1877 4742 re

549 4812 696 4876 gressus,
720 4804 755 4858 et
777 4797 890 4860 cuncti
914 4795 1134 4860 Patriarchae
1157 4799 1507 4881 argumentationibus
1529 4798 1787 4881 applauserunt.

638 4935 677 5001 (ῐ)
695 4937 774 4993 Dan,
795 4948 818 4998 3,
840 4954 868 4989 n.
888 4948 929 4998 33,
949 4948 975 4988 et
992 4954 1048 5003 cap.
1063 4952 1088 5000 9,
1102 4955 1127 4991 n.
1142 4937 1175 4987 26
1189 4948 1215 4989 et
1229 4949 1270 4999 27.
1289 4968 1309 4977 -
1331 4940 1369 5006 (2)
1382 4942 1472 4999 Dent,
1488 4953 1528 4998 ιι,
1541 4956 1567 4991 n.
1584 4951 1625 5002 13.
1638 4969 1675 4978 —
1687 4938 1730 5007 (3)
1742 4939 1828 4993 Nm..
1840 4934 1876 4991 ²8.

551 5040 575 5076 n.
595 5036 619 5089 3.
641 5052 672 5063 -
692 5023 734 5093 (4)
752 5027 838 5075 Iose
851 5026 904 5093 ph,
923 5027 969 5078 lib.
991 5035 1004 5086 7
1024 5029 1065 5076 De
1084 5030 1151 5077 bello
1170 5031 1264 5087 riclini„
1283 5045 1340 5094 cap.
1361 5042 1403 5095 25.
1422 5057 1456 5066 -
1475 5028 1516 5097 (5)
1534 5031 1666 5088 ΜαΙαεΙι.,
1689 5041 1712 5085 1,
1731 5045 1756 5081 n.
1778 5039 1815 5077 11.

1081 5219 1345 5230 m
