4124 6182
509 598 550 672 46
842 607 1115 657 Expnnrrrours
1139 606 1400 657 nermoercms
1425 609 1505 658 Ere.

508 758 709 819 mulieribus
732 758 776 818 ad
799 758 973 838 planctum
997 757 1108 820 doctis
1132 758 1350 837 excogitatae
1374 766 1585 837 promuntur,
1606 766 1644 819 ut
1659 776 1759 819 nemo
1776 756 1841 818 sibi

508 875 617 955 possit
640 892 661 935 a
684 873 847 955 lacrymis
870 883 1070 953 temperare.
1096 872 1207 936 Nobis
1238 883 1351 935 tamen
1376 874 1464 935 inter
1490 872 1644 944 funestas
1667 872 1746 934 illas
1773 872 1842 933 eiu-

508 991 655 1052 lationes
677 989 760 1052 risui
784 987 859 1061 fuit,
883 990 918 1051 in
943 986 1061 1052 funere
1085 988 1194 1051 Marci
1218 988 1281 1051 filii
1306 990 1522 1070 imperatoris
1545 985 1662 1051 Seltan
1679 984 1840 1069 Seguedi,

509 1106 628 1168 crebra
650 1107 850 1168 clericorum
875 1115 910 1169 et
933 1106 1189 1177 monachorum,
1213 1114 1321 1169 totum
1345 1106 1545 1187 psalterium
1573 1115 1607 1168 et
1622 1123 1741 1186 preces
1757 1101 1844 1164 alias

509 1221 734 1293 recitantium,
757 1223 853 1285 uocis
876 1220 1044 1304 Alleluya
1067 1223 1293 1304 interpositio,
1317 1242 1394 1284 cum
1414 1230 1589 1285 canerent:
1614 1219 1842 1283 Mortuus'est

508 1335 656 1409 Marcus,
681 1337 858 1419 Alleluya,
882 1337 1061 1420 Alleluya,
1085 1340 1201 1422 lugete
1224 1348 1258 1401 et
1275 1340 1440 1421 plangite,
1465 1337 1642 1418 Alleluya,
1663 1336 1842 1416 Alleluya.

507 1451 578 1515 Eas
601 1473 684 1516 vero
707 1473 825 1535 preces
848 1455 905 1516 die
928 1456 1039 1525 tertie,
1062 1455 1220 1536 septimo,
1245 1455 1423 1537 trigesimo
1446 1463 1481 1517 et
1508 1454 1783 1535 quadragesime,
1809 1463 1842 1514 et

508 1590 597 1632 anno
613 1579 796 1640 transacto,
821 1567 1002 1642 funditant,
1026 1570 1151 1631 oblatis
1168 1570 1297 1651 templo
1312 1569 1474 1641 donariis,
1489 1571 1579 1651 stipe
1595 1568 1630 1631 in
1650 1587 1778 1650 egenos
1794 1566 1842 1630 ef-

508 1685 594 1759 fusa,
611 1687 721 1748 coesis
744 1687 866 1757 bobus,
890 1686 971 1749 vino
995 1698 1031 1749 et
1053 1688 1161 1748 sicera
1181 1696 1214 1748 et
1230 1687 1369 1768 quadris
1385 1686 1419 1748 in
1436 1687 1580 1748 clericos
1607 1695 1642 1748 et
1657 1685 1843 1748 monachos

508 1804 668 1885 erogatis.
693 1802 753 1864 Ad
776 1803 923 1884 primum
948 1805 1040 1866 necis
1063 1803 1207 1866 alicuius
1237 1823 1283 1865 ex
1314 1802 1526 1865 charioribus
1556 1803 1720 1871 auditum,
1744 1820 1781 1862 se
1809 1802 1842 1862 in

507 1929 632 1982 terram
656 1920 743 1981 adeo
766 1919 939 1981 incondite
963 1920 1201 2001 praecipitant,
1226 1929 1262 1981 ut
1286 1919 1341 1980 vel
1372 1919 1488 1981 statim
1520 1920 1761 1981 exanimentur
1787 1917 1841 1977 vel

508 2034 726 2096 immaninter
749 2036 846 2115 pede,
870 2035 1021 2106 brachio
1045 2046 1103 2097 aut
1126 2036 1239 2116 capite
1262 2034 1433 2096 luxentur.
1458 2031 1602 2096 Gafates
1619 2034 1710 2095 iactu
1727 2034 1760 2094 in
1777 2044 1841 2094 ter-

507 2170 579 2213 ram
604 2151 788 2221 abstinent,
812 2151 883 2219 sed,
907 2160 942 2211 ut
967 2150 1085 2213 Baalis
1107 2151 1280 2230 quondam
1304 2150 1510 2219 sacerdotes,
1527 2149 1670 2211 brachia
1687 2160 1719 2211 et
1743 2158 1843 2228 caput

508 2268 661 2350 graviter
685 2265 838 2328 incidunt
850 2262 912 2347 (ι);
936 2276 970 2327 et
994 2284 1113 2328 omnes
1129 2265 1315 2328 universim
1332 2264 1367 2326 in
1384 2267 1577 2345 coniugum,
1594 2272 1783 2345 parentum,
1807 2260 1842 2322 fi·

507 2384 641 2453 liorum,
665 2384 932 2464 propinquorum
956 2391 990 2444 et
1006 2382 1192 2443 amicorum
1213 2378 1388 2443 funeribus
1409 2380 1542 2441 vultum
1559 2377 1731 2459 unguibus
1746 2375 1844 2440 faede

508 2501 705 2581 discerpunt
728 2507 763 2561 et
786 2517 905 2560 cruore
928 2498 1073 2560 ubertim
1097 2506 1339 2579 conspergunt.

196 2621 291 2669 Mores
305 2620 479 2681 coniuratos.
601 2637 651 2678 11.
675 2614 715 2677 Io
739 2614 910 2676 conviviis
933 2613 1083 2675 hebraeo
1106 2631 1241 2694 quoque
1265 2631 1358 2674 more
1374 2613 1418 2673 ad
1440 2611 1598 2682 humiles,
1615 2611 1843 2691 rotundasque

510 2750 644 2793 mensas
667 2749 769 2811 supra
792 2739 924 2811 tegetes
959 2729 1077 2790 sedent
1104 2729 1161 2789 vel
1192 2729 1401 2798 recumbunt,
1433 2746 1519 2807 quas
1543 2746 1605 2789 nec
1634 2726 1844 2796 mantilibus,

509 2866 572 2908 nec
596 2847 729 2927 mappis
752 2846 911 2917 vestiunt,
936 2846 996 2908 sed
1020 2844 1159 2924 quadris
1182 2853 1216 2905 et
1240 2843 1407 2925 placentis
1430 2841 1625 2911 inferciunt,
1643 2842 1755 2922 iisque
1771 2860 1844 2902 cru·

509 2965 588 3025 dam
612 2962 667 3023 vel
692 2981 814 3032 assam,
839 2961 986 3042 exploso
1009 2960 1198 3023 catinorum
1222 2977 1334 3029 onere,
1367 2959 1547 3039 imponunt
1578 2967 1612 3019 et
1643 2977 1763 3018 manus
1787 2957 1844 3019 ab·

509 3087 672 3161 stergunt.
698 3075 736 3140 Si
753 3074 966 3139 inferendum
982 3076 1027 3139 sit
1043 3076 1209 3138 iusculum
1227 3094 1273 3136 ex
1288 3075 1420 3156 gallina
1435 3075 1491 3136 vel
1508 3075 1625 3145 ariete,
1650 3083 1708 3135 aut
1732 3074 1845 3154 pultes

509 3195 691 3257 solutiores
714 3214 759 3255 ex
782 3194 888 3255 variis
915 3192 1146 3275 leguminibus
1178 3192 1276 3272 (quae
1307 3209 1460 3251 summae
1492 3199 1570 3251 sunt
1600 3190 1701 3251 huius
1731 3190 1845 3271 gentis

509 3308 675 3387 deliciae),
693 3309 834 3371 conchis
849 3329 895 3370 ex
907 3309 1007 3391 nigra
1022 3308 1155 3390 argilla,
1172 3307 1332 3389 operculo
1349 3306 1540 3368 mitioribus
1556 3306 1666 3385 paleis
1682 3314 1845 3367 contexto

510 3425 720 3495 inumbratis,
734 3425 1008 3496 committuntur;
1028 3442 1117 3504 quae
1133 3423 1258 3485 adhoc
1274 3422 1351 3484 aevi
1367 3432 1440 3484 tota
1456 3418 1552 3483 fuere
1568 3420 1731 3500 cuiusque
1747 3420 1844 3482 abaci

510 3560 576 3602 non
600 3540 710 3602 solum
734 3538 859 3621 plebei,
884 3541 945 3601 sed
970 3549 1003 3601 et
1026 3539 1122 3621 regii,
1148 3540 1381 3607 instrumenta,
1407 3556 1483 3598 cum
1515 3538 1702 3618 imperator
1725 3534 1843 3599 Seltan

509 3652 697 3736 Seguedus,
722 3655 903 3716 duodecim
927 3675 974 3716 ex
997 3664 1139 3737 argento
1162 3653 1363 3735 paropsides
1382 3664 1416 3714 et
1431 3653 1575 3714 totidem
1592 3651 1690 3714 dives
1706 3654 1843 3733 quidam

196 3781 289 3829 cruda
318 3780 420 3863 bubula
454 3790 482 3828 et
509 3790 635 3852 prorex
658 3767 818 3832 con*flari
841 3772 1021 3833 iusserunt.
1045 3769 1182 3832 Bubula
1205 3769 1309 3831 cruda
1325 3770 1474 3849 plurimo
1491 3770 1563 3830 sale
1579 3776 1613 3829 et
1628 3769 1749 3848 pipere
1766 3788 1844 3830 con·
1888 3774 1902 3821 ’-

160 3850 373 3972 ffiuffnm
405 3850 481 3900 ‘¹⁰¹⁸'
510 3888 581 3948 dita
604 3886 638 3947 in
662 3884 783 3967 primis
806 3885 1029 3948 oblectantur.
1054 3885 1128 3947 Iam
1151 3886 1181 3947 si
1205 3885 1258 3947 illi
1274 3884 1446 3963 aliquibus
1463 3882 1751 3947 lancinationibus
1766 3903 1844 3946 con·

509 4012 622 4064 sectae
646 3999 694 4063 fel
717 4003 897 4073 adiciatur,
913 4001 947 4062 id
969 4020 1051 4062 vero
1074 3999 1307 4083 gratissimum
1331 4009 1383 4062 est
1407 3999 1661 4065 salsamentum.
1682 3996 1747 4061 Cui
1769 4019 1845 4080 pro·

510 4119 640 4179 ximum
665 4118 700 4179 id
723 4118 908 4179 herbarum
931 4117 1189 4179 semicoctarum
1212 4113 1389 4186 farcimen,
1413 4116 1505 4196 quod
1529 4134 1575 4176 ex
1591 4115 1739 4177 tenuiori
1755 4116 1844 4176 caesi

509 4234 609 4296 bovis
639 4235 800 4296 intestino
831 4233 1024 4295 extrahitur
1054 4241 1088 4294 et
1119 4232 1227 4293 instar
1256 4230 1385 4312 sinapis
1420 4229 1547 4293 famem
1578 4249 1714 4293 carnem
1748 4232 1845 4291 ineo

510 4350 758 4432 intingentibus
782 4350 928 4411 exacuit.
948 4346 1058 4417 Unde,
1072 4366 1149 4408 cum
1165 4345 1348 4409 Lusitanus
1363 4347 1547 4428 quondam,
1564 4346 1655 4408 ultra
1670 4346 1845 4413 convivas,

509 4466 624 4546 plures
658 4466 797 4528 umbras
824 4466 1032 4545 suscepisset
1059 4482 1121 4524 nec
1144 4463 1320 4525 satiandae
1343 4464 1495 4525 omnium
1521 4462 1739 4542 appetentiae
1760 4459 1842 4522 illud

509 4582 607 4643 unius
622 4601 748 4643 vaccae
772 4583 924 4643 intritum
948 4581 1031 4641 satis
1055 4598 1131 4640 esse
1147 4580 1392 4659 conspexisset,
1410 4576 1549 4640 famulis
1565 4577 1686 4648 edixit,
1704 4586 1740 4639 ut
1757 4595 1843 4638 cras·

509 4697 600 4758 siora
611 4697 714 4757 etiam
727 4705 954 4777 purgamenta
969 4696 1004 4756 in
1021 4713 1173 4756 mensam
1191 4696 1426 4774 importarent,
1439 4714 1526 4775 quae
1542 4694 1594 4755 illi
1610 4713 1679 4755 non
1694 4693 1841 4775 segnius,

508 4830 610 4893 quam
635 4810 721 4872 illud
744 4811 924 4872 delicatius
947 4808 1207 4892 obligurierunt.
1231 4807 1300 4871 Sed
1324 4818 1445 4890 postea
1474 4807 1590 4871 fucum
1618 4809 1685 4871 sibi
1716 4806 1839 4870 factum

509 4926 751 5008 intelligentes
783 4924 982 4987 Lusitanum
1015 4943 1129 4987 coram
1161 4925 1366 5005 imperatore
1397 4924 1512 4987 Malae
1544 4921 1704 5008 Seguedo
1735 4924 1843 5004 impo-

580 5176 619 5243 (Ι)
640 5187 653 5237 3
674 5177 749 5239 Rege,
773 5175 811 5229 18,
832 5191 855 5225 n.
877 5174 917 5224 ab.
