4166 6182
741 580 1002 631 INTRODUCTIO
1422 584 1538 633 XXVII

207 753 286 801 rem
316 730 503 803 dabantur
530 755 605 825 quo
633 730 697 802 ille
724 746 766 803 ut
792 755 941 803 omnem
971 730 1114 803 aditum
1144 731 1181 803 in
1209 731 1450 827 Aethiopiam
1481 759 1538 807 ca·

208 861 358 935 tholicis
387 862 633 937 missionariis
661 863 811 937 incusso
841 862 970 937 mortis
999 878 1098 937 metu
1123 865 1393 959 praecluderet,
1414 866 1539 941 missis

209 995 343 1091 legatis
371 996 418 1068 ad
449 997 604 1070 Bassam
634 996 821 1070 Suacheni
845 1012 884 1070 et
902 997 1088 1093 promisso
1108 1023 1183 1070 non
1202 998 1328 1095 exigui
1349 999 1428 1072 auri
1449 1026 1539 1095 pon-

209 1128 308 1202 deris
336 1130 517 1226 praemi0,
538 1155 623 1203 eum
649 1130 828 1205 incitabat
856 1132 904 1203 ad
931 1146 1005 1205 tres
1025 1131 1279 1205 missionarios
1299 1132 1453 1207 Ordinis
1471 1134 1539 1207 Mi-

210 1288 341 1336 norum
370 1263 556 1337 Suacheni
586 1265 768 1360 degentes
805 1265 1105 1348 obtruncandos;
1144 1266 1244 1361 quod
1282 1267 1399 1340 Bassa
1435 1292 1539 1363 prae·

208 1395 302 1469 stitit
328 1421 429 1470 anno
463 1401 573 1489 1648,
604 1411 644 1470 ut
673 1413 824 1473 narrant
852 1398 1038 1484 Almeida‚
1069 1398 1227 1472 Mendez
1247 1399 1434 1495 ceterique
1454 1413 1540 1496 post

208 1554 276 1603 eos
305 1530 484 1607 historici.

293 1681 352 1756 17.
373 1662 561 1755 Quaerere
589 1665 685 1738 forte
704 1664 788 1760 quis
807 1680 935 1760 posset
954 1691 1110 1760 quorum
1136 1666 1359 1740 testimoniis
1378 1667 1540 1763 peregri-

207 1821 277 1871 nas
296 1796 381 1871 illas
408 1797 508 1871 circa
537 1797 754 1871 lesuitarum
784 1798 1044 1894 expulsionem
1075 1797 1237 1885 notitias,
1268 1826 1315 1873 ne
1338 1800 1462 1875 dicam
1482 1825 1541 1875 ca-

209 1930 382 2017 lumnias,
412 1945 519 2026 pater
546 1934 593 2005 ab
621 1930 855 2005 Ascensione
885 1933 985 2028 apud
1014 1932 1052 2008 S.
1079 1931 1421 2029 Congregationem
1442 1959 1541 2007 eom·

210 2063 390 2160 probarit,
433 2088 518 2137 cum
557 2064 638 2160 ipse
676 2080 782 2160 pater
819 2090 1010 2160 nunquam
1049 2065 1085 2138 in
1125 2066 1365 2163 Aethiopiam
1405 2068 1539 2162 pedem

209 2195 384 2270 intulerit.
415 2196 515 2270 Huic
544 2196 753 2293 quaestioni
784 2197 876 2270 mihi
896 2197 1043 2271 videtur
1063 2198 1143 2294 ipse
1164 2199 1380 2273 Patriarcha
1398 2200 1541 2274 satisfa-

209 2354 294 2402 cere
315 2329 480 2404 voluisse
508 2356 592 2405 cum
622 2331 684 2408 lib,
716 2331 777 2417 IV,
807 2356 878 2426 cap
918 2357 967 2417 tv,
991 2358 1025 2404 n.
1049 2357 1138 2424 9-11
1165 2348 1290 2407 narrat
1308 2334 1357 2406 de
1376 2334 1540 2429 quodam

208 2461 385 2559 aethiope
415 2464 600 2538 monacho
629 2464 692 2560 qui
720 2490 847 2538 secum
876 2490 924 2539 ex
950 2465 1155 2561 Aethiopia
1183 2468 1378 2563 aufugerat
1405 2482 1443 2540 et
1479 2492 1541 2562 pa·

209 2608 306 2669 trum
324 2596 501 2692 expensis
520 2597 625 2671 Goae
646 2598 683 2671 in
703 2596 865 2692 collegio
886 2600 1065 2685 alebatur,
1081 2598 1231 2695 quique,
1247 2624 1332 2674 cum
1352 2624 1393 2673 se
1411 2600 1541 2695 despe-

209 2742 309 2802 ctum
341 2730 558 2824 putavisset,
583 2731 684 2828 apud
705 2729 902 2827 religiosos
923 2731 1075 2806 alterius
1093 2731 1248 2806 Ordinis
1266 2732 1317 2825 (S.
1338 2732 1541 2829 Augustini

207 2861 367 2959 scilicet)
396 2862 568 2957 confugit
595 2878 632 2937 et
659 2862 808 2936 cuidam
838 2864 935 2959 patri
963 2865 1239 2961 augustiniano,
1270 2865 1334 2960 qui
1362 2865 1542 2962 aethiopi·

207 3020 292 3069 cam
317 2994 535 3069 missionem
556 2997 682 3071 animo
710 3000 920 3092 expetebat,
942 2999 1048 3094 plura
1071 3012 1201 3071 contra
1219 2997 1374 3073 Iesuitas
1392 2997 1539 3084 effutiit,

207 3153 251 3202 ac
282 3153 329 3202 eo
357 3129 538 3202 suadente
565 3130 679 3204 salsas
697 3129 934 3226 imperatoris
953 3132 1147 3205 Fasiladas
1165 3131 1214 3204 ad
1233 3131 1428 3205 Summum
1449 3134 1542 3205 Pon-

206 3262 348 3336 tificem
377 3277 415 3336 et
443 3264 491 3337 ad
520 3264 665 3359 Regem
694 3263 908 3338 Lusitaniae
936 3265 1116 3360 epistolas
1138 3264 1352 3361 aethiopico
1370 3291 1541 3340 sermone

205 3411 381 3470 exaratas
409 3396 574 3478 tradidit,
605 3397 741 3492 quibus
763 3413 801 3471 et
828 3397 986 3471 lesnitae
1006 3398 1119 3471 variis
1148 3398 1366 3474 criminibus
1394 3425 1543 3473 accusa-

206 3531 345 3603 bantur
375 3545 413 3602 et
441 3529 606 3626 religiosi
635 3529 691 3604 sui
720 3530 875 3605 Ordinis
902 3534 1182 3628 expetebantur.
1212 3532 1429 3629 Negotium,
1460 3558 1542 3628 pro·

206 3679 293 3759 pter
323 3662 441 3759 patris
464 3663 564 3738 illius
585 3689 762 3738 vesanam
782 3680 820 3738 et
838 3666 1027 3739 crudelem
1047 3691 1139 3762 erga
1157 3665 1383 3762 Aethiopem
1405 3666 1543 3762 agendi

205 3893 325 3963 aculeis,
347 3910 473 3962 errores,
495 3894 547 3968 qui
563 3893 594 3950 in
609 3894 824 3970 Aethiopicam
846 3894 1015 3952 Ecclesiam
1038 3895 1231 3971 irrepserunt,
1246 3896 1411 3954 ostendant
1425 3905 1455 3953 et
1470 3914 1545 3954 con·

206 3991 320 4051 futeut.
336 3989 378 4048 Ut
393 3991 476 4049 circa
491 3992 565 4050 ritus
586 3992 777 4068 aethiopicos
798 4002 829 4049 et
850 3992 1026 4068 praesertim
1050 3992 1185 4066 liturgias
1195 4004 1225 4051 et
1240 3994 1345 4051 divina
1359 3994 1460 4051 officia
1475 4011 1544 4069 pro·

205 4100 359 4149 testentur
380 4107 413 4147 se
434 4090 518 4148 nolle
538 4108 643 4148 eornm
666 4091 757 4148 ritum
778 4091 939 4148 immutare
960 4136 966 4148 .
990 4134 997 4148 .
1020 4134 1027 4147 .
1052 4090 1259 4167 Congregatio
1280 4093 1399 4150 censuit
1420 4094 1476 4150 sub
1490 4094 1544 4150 be·

205 4188 370 4263 neplacito
390 4186 582 4245 Sanctissimi
602 4189 795 4264 expedienda
822 4206 887 4246 esse
912 4188 971 4246 tria
1001 4189 1114 4258 brevia,
1147 4189 1275 4247 alterum
1307 4190 1347 4247 ad
1378 4189 1544 4249 Basilidem

206 4286 396 4345 modernum
419 4302 521 4360 regern
543 4285 733 4362 Aethiopiae,
755 4287 884 4344 alterum
907 4287 946 4344 ad
960 4286 1235 4362 Archiepiscopum
1249 4287 1421 4360 [Abunam]
1435 4306 1545 4363 nuper-

205 4385 286 4442 rime
307 4402 327 4441 a
350 4382 528 4441 Patriarcha
549 4383 757 4443 Alexandrino
779 4384 921 4460 Cophtae
942 4383 1078 4442 nationis
1093 4384 1125 4441 in
1141 4384 1337 4461 Aethiopiam
1352 4387 1393 4443 :td
1407 4386 1546 4443 eiusdem

206 4481 359 4540 Basilidis
380 4480 461 4555 regis
482 4481 713 4556 requisitionem
735 4483 870 4553 missum,
893 4492 923 4540 et
944 4482 1067 4539 tertium
1088 4483 1127 4539 ad
1150 4501 1294 4558 magnum
1316 4483 1547 4541 Archimandri·

207 4590 272 4639 tam
295 4575 458 4652 [lcceghie]
478 4596 533 4637 seu
547 4581 723 4654 generalem
737 4581 963 4638 monachorum
974 4579 1162 4654 aethiopum,
1177 4583 1229 4656 qui
1244 4582 1276 4638 iu
1291 4599 1403 4653 magno
1418 4599 1547 4638 numero

206 4697 243 4738 ex
266 4677 389 4738 Ordine
409 4676 437 4733 S.
454 4677 582 4735 Antonii
603 4689 634 4737 et
654 4681 814 4738 cuiusdam
835 4679 958 4736 alterius
980 4679 1110 4751 insignis
1132 4679 1350 4753 monachi,qui
1371 4688 1404 4735 ut
1424 4688 1548 4736 sanctus

206 4777 397 4852 praecipuus
417 4775 457 4832 ab
478 4776 681 4852 Aethiopibus
702 4776 821 4844 colitur,
853 4773 981 4833 nomine
1011 4774 1235 4845 Teclaimanot‚
1257 4794 1336 4851 qnae
1357 4776 1462 4833 brevia
1485 4792 1550 4833 esse

206 4875 369 4934 debebunt
391 4883 510 4931 tantum
532 4875 700 4933 hortatoria
722 4875 761 4932 ad
783 4874 932 4932 unionem
954 4890 1024 4929 curn
1046 4871 1075 4929 S.
1098 4872 1241 4933 Romana
1262 4873 1402 4931 Ecclesia
1422 4882 1453 4930 et
1467 4889 1551 4930 com·

207 4972 397 5033 mendatitia
418 4974 644 5047 praedictorum
665 4973 930 5031 missionariorum
946 4994 972 5025 s.
994 4970 1067 5028 Tria
1081 4972 1186 5031 brevia
1201 4973 1261 5046 legi
1274 4981 1403 5048 possunt
1418 4971 1449 5026 iu
1462 4968 1551 5027 Arch.

206 5071 289 5141 Vat„
316 5069 469 5144 Epistolae
489 5071 530 5128 ad
548 5071 698 5145 Principes
720 5069 852 5148 (Urbani
881 5067 978 5144 VIII),
1009 5058 1131 5141 vols52,
1161 5071 1193 5127 ff.
1226 5079 1396 5142 ι35-Ι35ν,4
1421 5085 1441 5123 n
1484 5082 1552 5140 1923

211 5166 381 5243 utrum,
404 5186 434 5225 n·
462 5182 531 5242 1933
556 5179 721 5241 utura
744 5187 773 5227 n·
801 5182 865 5241 194-
