4066 6184
671 2203 857 2282 CAPUT
884 2205 991 2280 XXI.

228 2501 400 2576 Fructus
427 2521 501 2595 per
527 2499 634 2574 baec
661 2508 851 2594 tempora
878 2500 931 2573 ab
959 2497 1153 2575 Ecclesia
1179 2497 1431 2593 Aethiopica

724 2634 931 2710 collectus.

256 3001 283 3042 1.
308 2978 471 3043 Nostrum
496 2981 665 3044 calamum
689 2981 821 3043 litterae
844 2977 1038 3062 pontificiae
1065 2979 1110 3042 ab
1139 2979 1390 3042 Amarensibus
1420 2978 1496 3042 Ras
1544 2988 1614 3070 ‘Ru
1636 2981 1798 3067 comitate
1817 2990 1845 3031 et

162 3093 244 3160 Sela
266 3094 422 3159 Christds
445 3097 675 3159 hibernaculis
699 3097 923 3167 dimoverunt,
952 3099 987 3158 in
1017 3114 1104 3177 quae
1135 3115 1223 3158 nunc
1254 3096 1337 3158 iuris
1366 3104 1428 3168 est,
1459 3105 1496 3159 ut
1522 3053 1846 3179 fflfftffimufhmess

161 3212 386 3294 regrediatur.
414 3211 615 3275 Incolebant
645 3232 686 3274 ca
716 3211 793 3275 loca
822 3212 920 3275 multi
951 3231 1037 3293 quos
1066 3220 1191 3273 vocant
1220 3210 1439 3274 Debteroche
1461 3220 1496 3274 et
1521 3203 1579 3251 ω·

163 3328 289 3391 nostris
312 3329 510 3392 doctoribus
543 3329 760 3411 respondent,
786 3330 1009 3392 ecclesiarum
1040 3328 1237 3391 ministeriis
1267 3337 1301 3390 et
1331 3327 1497 3392 reditibus

163 3445 328 3525 adscripti
351 3452 386 3506 et
409 3440 628 3507 familiarium
651 3442 816 3507 librorum
840 3446 910 3528 <qui
933 3453 1013 3507 sunt
1035 3462 1154 3507 omnes
1170 3445 1325 3506 canonici
1341 3454 1375 3507 et
1391 3443 1498 3526 aliqui

163 3579 281 3622 eorum
305 3561 520 3641 interpretes
543 3561 700 3641 quamvis
723 3561 835 3623 manci
859 3580 899 3622 ac
922 3558 1065 3643 debiles)
1089 3560 1232 3624 scientia
1262 3560 1429 3623 instructi.
1451 3558 1498 3621 Et

164 3675 357 3758 generatim
381 3676 474 3738 illius
496 3677 594 3759 regni
618 3675 802 3759 indigenae
824 3677 984 3739 acutioris
1006 3685 1041 3738 et
1060 3675 1224 3749 cultioris,
1243 3696 1325 3758 prae
1341 3675 1500 3739 omnibus

163 3791 396 3874 Aethiopicis,
419 3801 497 3854 sunt
527 3793 667 3874 ingenii,
691 3794 805 3874 etqui
836 3793 925 3855 inter
947 3811 1007 3854 eos
1033 3801 1112 3855 sunt
1140 3792 1313 3864 clariores,
1344 3792 1501 3854 dicuntur

165 3905 421 3970 Amaharenses
443 3916 477 3970 et
502 3906 619 3990 lingua
641 3908 781 3989 politior
802 3906 1003 3970 Amarinha.
1028 3905 1158 3971 Omnes
1181 3926 1268 3989 pene
1294 3916 1427 3971 tantum
1442 3908 1501 3970 he-

166 4042 260 4086 roem
284 4041 487 4095 convenere,
510 4023 570 4086 alii
593 4022 696 4085 officii
718 4025 840 4106 gratia,
864 4024 924 4087 alii
947 4034 984 4086 ut
1006 4043 1067 4086 sua
1090 4043 1168 4086 cum
1191 4043 1233 4087 eo
1249 4024 1398 4104 negotia,
1415 4033 1501 4086 tam·

165 4158 269 4220 quam
294 4158 372 4201 cum
396 4138 530 4220 imperii
553 4141 666 4222 capite
690 4138 895 4204 conferrent.
919 4139 983 4202 Ille
1008 4138 1129 4203 faciles
1152 4141 1312 4203 omnibus
1327 4140 1441 4202 aditus
1467 4149 1502 4202 et

165 4253 315 4318 frontem
349 4264 589 4336 exporrectum
623 4257 819 4338 praebebat,
851 4276 969 4321 eorum
1003 4258 1218 4321 voluntatem
1249 4275 1330 4319 suae
1361 4256 1503 4319 studens

165 4370 428 4435 benevolentiae
463 4374 562 4455 (quae
594 4374 776 4445 tenaciora¹
801 4381 880 4436 sunt
906 4392 1008 4455 quam
1036 4382 1146 4436 metus
1173 4370 1322 4454 vincula)
1346 4371 1502 4455 alligare.

165 4485 238 4551 Eos
260 4496 340 4568 post
363 4486 559 4550 comitatem
587 4499 621 4551 et
648 4488 988 4569 blandiloquentiam,
1017 4490 1052 4552 in
1079 4488 1246 4571 templum
1274 4500 1307 4551 et
1329 4489 1373 4551 ad
1396 4489 1504 4569 patris

167 4602 306 4665 Ioannis
329 4603 512 4665 conciones
535 4604 692 4675 ducebat,
717 4605 857 4686 negotia
879 4613 913 4666 et
936 4606 1097 4668 convivia
1119 4606 1236 4668 multis
1252 4625 1272 4667 a
1288 4624 1325 4667 se
1347 4602 1504 4686 frequen·

164 4728 219 4782 ter
240 4718 397 4782 exhibita
420 4720 654 4784 controversis
683 4717 763 4783 fidei
791 4719 1049 4784 difficultatibus
1072 4721 1266 4798 condiebat,
1289 4721 1505 4802 apertissima

166 4837 375 4907 testimonia,
399 4856 486 4918 quae
509 4834 713 4917 Eutychetis
736 4847 771 4899 et
794 4835 954 4899 Dioscori
977 4855 1110 4899 errores
1133 4846 1167 4899 et
1191 4846 1320 4899 sectam
1345 4834 1503 4897 Alexan·

167 4953 302 5016 drinam
327 4950 528 5035 iugulabant
550 4953 585 5015 in
609 4954 698 5016 tritis
713 4952 758 5014 ab
772 4952 912 5025 eisdem,
929 4953 1075 5015 sednon
1092 4954 1177 5014 bene
1194 4951 1389 5022 intellectis,
1407 4950 1505 5013 libris

168 5069 364 5133 ostendens.
389 5067 442 5131 De
466 5068 625 5131 crustulis
647 5067 805 5131 delicatis
831 5077 865 5131 et
897 5068 931 5131 in
954 5086 1080 5150 gyrum
1104 5068 1217 5139 sectis,
1241 5066 1367 5148 quibus
1396 5064 1505 5129 nostri

167 5186 366 5248 sacerdotes
389 5203 521 5247 sacram
552 5182 803 5247 Eucharistiam
835 5180 1029 5255 conficiunt,
1054 5181 1212 5245 monachi
1241 5182 1382 5261 aliquot,
1415 5178 1505 5243 frau-
