<?xml version="1.0" encoding="UTF-8"?>
<!DOCTYPE html PUBLIC "-//W3C//DTD XHTML 1.0 Transitional//EN"
    "http://www.w3.org/TR/xhtml1/DTD/xhtml1-transitional.dtd">
<html xmlns="http://www.w3.org/1999/xhtml" xml:lang="en" lang="en">
 <head>
  <title>
</title>
<meta http-equiv="Content-Type" content="text/html;charset=utf-8" />
  <meta name='ocr-system' content='tesseract 3.04.00' />
  <meta name='ocr-capabilities' content='ocr_page ocr_carea ocr_par ocr_line ocrx_word'/>
</head>
<body>
  <div class='ocr_page' id='page_1' title='image "./rerumaethiopica00beccgoog_0056.png"; bbox 0 0 4166 6182; ppageno 0'>
   <div class='ocr_carea' id='block_1_1' title="bbox 722 568 1513 620">
    <p class='ocr_par' dir='ltr' id='par_1_1' title="bbox 722 568 1513 620">
     <span class='ocr_line' id='line_1_1' title="bbox 722 568 1513 620; baseline 0 -2"><span class='ocrx_word' id='word_1_1' title='bbox 722 568 982 620; x_wconf 83' lang='lat' dir='ltr'><strong>INTRODUCTIO</strong></span> <span class='ocrx_word' id='word_1_2' title='bbox 1405 571 1513 619; x_wconf 82' lang='lat' dir='ltr'>XLVII</span> 
     </span>
    </p>
   </div>
   <div class='ocr_carea' id='block_1_2' title="bbox 175 716 1514 2949">
    <p class='ocr_par' dir='ltr' id='par_1_2' title="bbox 176 716 1514 2416">
     <span class='ocr_line' id='line_1_2' title="bbox 180 716 1514 812; baseline 0.002 -24"><span class='ocrx_word' id='word_1_3' title='bbox 180 717 264 811; x_wconf 92' lang='lat' dir='ltr'>ipso</span> <span class='ocrx_word' id='word_1_4' title='bbox 293 716 511 791; x_wconf 89' lang='lat' dir='ltr'>Patriarcha</span> <span class='ocrx_word' id='word_1_5' title='bbox 537 716 676 791; x_wconf 90' lang='lat' dir='ltr'>scimus</span> <span class='ocrx_word' id='word_1_6' title='bbox 704 716 927 812; x_wconf 88' lang='lat' dir='ltr'>permissum</span> <span class='ocrx_word' id='word_1_7' title='bbox 958 718 996 791; x_wconf 91' lang='lat' dir='ltr'>id</span> <span class='ocrx_word' id='word_1_8' title='bbox 1024 719 1138 792; x_wconf 88' lang='lat' dir='ltr'>fuisse</span> <span class='ocrx_word' id='word_1_9' title='bbox 1166 718 1426 792; x_wconf 89' lang='lat' dir='ltr'>tantummodo</span> <span class='ocrx_word' id='word_1_10' title='bbox 1458 743 1514 791; x_wconf 91' lang='lat' dir='ltr'>sa·</span> 
     </span>
     <span class='ocr_line' id='line_1_3' title="bbox 180 848 1513 924; baseline -0.001 -1"><span class='ocrx_word' id='word_1_11' title='bbox 180 848 398 923; x_wconf 91' lang='lat' dir='ltr'>cerdotibus</span> <span class='ocrx_word' id='word_1_12' title='bbox 426 851 498 923; x_wconf 89' lang='lat' dir='ltr'>iam</span> <span class='ocrx_word' id='word_1_13' title='bbox 529 848 768 923; x_wconf 90' lang='lat' dir='ltr'>matrimonio</span> <span class='ocrx_word' id='word_1_14' title='bbox 796 849 932 923; x_wconf 89' lang='lat' dir='ltr'>iunctis</span> <span class='ocrx_word' id='word_1_15' title='bbox 959 866 997 924; x_wconf 87' lang='lat' dir='ltr'>et</span> <span class='ocrx_word' id='word_1_16' title='bbox 1015 851 1063 923; x_wconf 84' lang='lat' dir='ltr'>ad</span> <span class='ocrx_word' id='word_1_17' title='bbox 1083 851 1194 924; x_wconf 85' lang='lat' dir='ltr'>fidem</span> <span class='ocrx_word' id='word_1_18' title='bbox 1214 875 1407 923; x_wconf 85' lang='lat' dir='ltr'>romanam</span> <span class='ocrx_word' id='word_1_19' title='bbox 1428 875 1513 923; x_wconf 92' lang='lat' dir='ltr'>con-</span> 
     </span>
     <span class='ocr_line' id='line_1_4' title="bbox 180 982 1514 1081; baseline -0.001 -25"><span class='ocrx_word' id='word_1_20' title='bbox 180 982 309 1069; x_wconf 70' lang='lat' dir='ltr'>versis</span> <span class='ocrx_word' id='word_1_21' title='bbox 341 982 474 1056; x_wconf 90' lang='lat' dir='ltr'>solutis</span> <span class='ocrx_word' id='word_1_22' title='bbox 502 1009 602 1068; x_wconf 90' lang='lat' dir='ltr'>vero,</span> <span class='ocrx_word' id='word_1_23' title='bbox 633 985 694 1079; x_wconf 90' lang='lat' dir='ltr'>qui</span> <span class='ocrx_word' id='word_1_24' title='bbox 726 982 762 1055; x_wconf 93' lang='lat' dir='ltr'>in</span> <span class='ocrx_word' id='word_1_25' title='bbox 793 999 982 1079; x_wconf 86' lang='lat' dir='ltr'>posterum</span> <span class='ocrx_word' id='word_1_26' title='bbox 1012 984 1223 1058; x_wconf 91' lang='lat' dir='ltr'>sacerdotio</span> <span class='ocrx_word' id='word_1_27' title='bbox 1251 983 1514 1081; x_wconf 77' lang='lat' dir='ltr'>inauguraren-</span> 
     </span>
     <span class='ocr_line' id='line_1_5' title="bbox 181 1094 1511 1213; baseline 0 -24"><span class='ocrx_word' id='word_1_28' title='bbox 181 1131 249 1201; x_wconf 93' lang='lat' dir='ltr'>tur,</span> <span class='ocrx_word' id='word_1_29' title='bbox 281 1115 488 1190; x_wconf 91' lang='lat' dir='ltr'>caelibatus</span> <span class='ocrx_word' id='word_1_30' title='bbox 516 1117 638 1213; x_wconf 86' lang='lat' dir='ltr'>legem</span> <span class='ocrx_word' id='word_1_31' title='bbox 668 1116 882 1212; x_wconf 81' lang='lat' dir='ltr'>impositam</span> <span class='ocrx_word' id='word_1_32' title='bbox 911 1094 1038 1191; x_wconf 79' lang='lat' dir='ltr'>fuisse.</span> <span class='ocrx_word' id='word_1_33' title='bbox 1076 1117 1164 1190; x_wconf 86' lang='lat' dir='ltr'>Alia</span> <span class='ocrx_word' id='word_1_34' title='bbox 1187 1118 1325 1190; x_wconf 83' lang='lat' dir='ltr'>addere</span> <span class='ocrx_word' id='word_1_35' title='bbox 1364 1141 1511 1212; x_wconf 91' lang='lat' dir='ltr'>possem</span> 
     </span>
     <span class='ocr_line' id='line_1_6' title="bbox 179 1249 1513 1347; baseline 0.001 -26"><span class='ocrx_word' id='word_1_36' title='bbox 179 1249 316 1345; x_wconf 92' lang='lat' dir='ltr'>quibus</span> <span class='ocrx_word' id='word_1_37' title='bbox 345 1250 505 1323; x_wconf 89' lang='lat' dir='ltr'>lectores</span> <span class='ocrx_word' id='word_1_38' title='bbox 534 1251 782 1323; x_wconf 83' lang='lat' dir='ltr'>admonentur</span> <span class='ocrx_word' id='word_1_39' title='bbox 810 1251 847 1323; x_wconf 94' lang='lat' dir='ltr'>in</span> <span class='ocrx_word' id='word_1_40' title='bbox 877 1251 922 1324; x_wconf 90' lang='lat' dir='ltr'>iis</span> <span class='ocrx_word' id='word_1_41' title='bbox 950 1275 1099 1347; x_wconf 92' lang='lat' dir='ltr'>quoque</span> <span class='ocrx_word' id='word_1_42' title='bbox 1132 1276 1227 1346; x_wconf 90' lang='lat' dir='ltr'>quae</span> <span class='ocrx_word' id='word_1_43' title='bbox 1265 1253 1313 1324; x_wconf 89' lang='lat' dir='ltr'>ab</span> <span class='ocrx_word' id='word_1_44' title='bbox 1350 1249 1434 1323; x_wconf 87' lang='lat' dir='ltr'>aliis</span> <span class='ocrx_word' id='word_1_45' title='bbox 1461 1251 1513 1323; x_wconf 93' lang='lat' dir='ltr'>hi·</span> 
     </span>
     <span class='ocr_line' id='line_1_7' title="bbox 179 1365 1513 1479; baseline 0.001 -24"><span class='ocrx_word' id='word_1_46' title='bbox 179 1381 328 1456; x_wconf 90' lang='lat' dir='ltr'>storicis</span> <span class='ocrx_word' id='word_1_47' title='bbox 364 1398 537 1456; x_wconf 83' lang='lat' dir='ltr'>enarrata</span> <span class='ocrx_word' id='word_1_48' title='bbox 577 1399 663 1456; x_wconf 90' lang='lat' dir='ltr'>sunt</span> <span class='ocrx_word' id='word_1_49' title='bbox 700 1384 842 1479; x_wconf 91' lang='lat' dir='ltr'>aliquid</span> <span class='ocrx_word' id='word_1_50' title='bbox 880 1365 994 1469; x_wconf 82' lang='lat' dir='ltr'>novi,</span> <span class='ocrx_word' id='word_1_51' title='bbox 1018 1409 1103 1457; x_wconf 92' lang='lat' dir='ltr'>cum</span> <span class='ocrx_word' id='word_1_52' title='bbox 1141 1385 1273 1457; x_wconf 90' lang='lat' dir='ltr'>eadem</span> <span class='ocrx_word' id='word_1_53' title='bbox 1299 1384 1513 1457; x_wconf 90' lang='lat' dir='ltr'>Patriarcha</span> 
     </span>
     <span class='ocr_line' id='line_1_8' title="bbox 179 1497 1512 1614; baseline 0.001 -25"><span class='ocrx_word' id='word_1_54' title='bbox 179 1516 322 1612; x_wconf 84' lang='lat' dir='ltr'>profert</span> <span class='ocrx_word' id='word_1_55' title='bbox 350 1514 503 1611; x_wconf 89' lang='lat' dir='ltr'>reperiri</span> <span class='ocrx_word' id='word_1_56' title='bbox 523 1542 647 1613; x_wconf 90' lang='lat' dir='ltr'>posse.</span> <span class='ocrx_word' id='word_1_57' title='bbox 668 1518 833 1591; x_wconf 90' lang='lat' dir='ltr'>Eventus</span> <span class='ocrx_word' id='word_1_58' title='bbox 852 1532 975 1590; x_wconf 89' lang='lat' dir='ltr'>autem</span> <span class='ocrx_word' id='word_1_59' title='bbox 997 1517 1117 1613; x_wconf 90' lang='lat' dir='ltr'>quiin</span> <span class='ocrx_word' id='word_1_60' title='bbox 1139 1516 1351 1614; x_wconf 82' lang='lat' dir='ltr'>Aethiopia,</span> <span class='ocrx_word' id='word_1_61' title='bbox 1369 1497 1512 1607; x_wconf 89' lang='lat' dir='ltr'>Romae</span> 
     </span>
     <span class='ocr_line' id='line_1_9' title="bbox 178 1649 1512 1743; baseline 0.001 -20"><span class='ocrx_word' id='word_1_62' title='bbox 178 1665 215 1724; x_wconf 91' lang='lat' dir='ltr'>et</span> <span class='ocrx_word' id='word_1_63' title='bbox 242 1649 281 1723; x_wconf 92' lang='lat' dir='ltr'>in</span> <span class='ocrx_word' id='word_1_64' title='bbox 311 1649 431 1724; x_wconf 90' lang='lat' dir='ltr'>Indiis</span> <span class='ocrx_word' id='word_1_65' title='bbox 458 1650 582 1724; x_wconf 89' lang='lat' dir='ltr'>locum</span> <span class='ocrx_word' id='word_1_66' title='bbox 612 1651 821 1725; x_wconf 90' lang='lat' dir='ltr'>habuerunt</span> <span class='ocrx_word' id='word_1_67' title='bbox 849 1654 896 1724; x_wconf 92' lang='lat' dir='ltr'>ab</span> <span class='ocrx_word' id='word_1_68' title='bbox 925 1676 1025 1724; x_wconf 92' lang='lat' dir='ltr'>anno</span> <span class='ocrx_word' id='word_1_69' title='bbox 1060 1656 1154 1743; x_wconf 82' lang='lat'>1642</span> <span class='ocrx_word' id='word_1_70' title='bbox 1186 1653 1233 1723; x_wconf 91' lang='lat' dir='ltr'>ad</span> <span class='ocrx_word' id='word_1_71' title='bbox 1263 1650 1405 1724; x_wconf 92' lang='lat' dir='ltr'>obitum</span> <span class='ocrx_word' id='word_1_72' title='bbox 1434 1651 1512 1724; x_wconf 84' lang='lat' dir='ltr'>sere</span> 
     </span>
     <span class='ocr_line' id='line_1_10' title="bbox 178 1783 1513 1880; baseline 0.001 -24"><span class='ocrx_word' id='word_1_73' title='bbox 178 1783 298 1880; x_wconf 84' lang='lat' dir='ltr'>ipsius</span> <span class='ocrx_word' id='word_1_74' title='bbox 326 1784 563 1857; x_wconf 88' lang='lat' dir='ltr'>Patriarchae</span> <span class='ocrx_word' id='word_1_75' title='bbox 592 1809 614 1856; x_wconf 91' lang='lat' dir='ltr'>a</span> <span class='ocrx_word' id='word_1_76' title='bbox 643 1785 744 1858; x_wconf 91' lang='lat' dir='ltr'>nullo</span> <span class='ocrx_word' id='word_1_77' title='bbox 773 1783 848 1857; x_wconf 87' lang='lat' dir='ltr'>alio</span> <span class='ocrx_word' id='word_1_78' title='bbox 876 1810 923 1858; x_wconf 84' lang='lat' dir='ltr'>ex</span> <span class='ocrx_word' id='word_1_79' title='bbox 951 1784 1010 1858; x_wconf 90' lang='lat' dir='ltr'>his</span> <span class='ocrx_word' id='word_1_80' title='bbox 1038 1784 1100 1880; x_wconf 91' lang='lat' dir='ltr'>qui</span> <span class='ocrx_word' id='word_1_81' title='bbox 1126 1810 1210 1858; x_wconf 91' lang='lat' dir='ltr'>eum</span> <span class='ocrx_word' id='word_1_82' title='bbox 1232 1800 1513 1880; x_wconf 90' lang='lat' dir='ltr'>praecesserunt</span> 
     </span>
     <span class='ocr_line' id='line_1_11' title="bbox 176 1917 1512 2014; baseline 0 -23"><span class='ocrx_word' id='word_1_83' title='bbox 176 1917 339 1991; x_wconf 89' lang='lat' dir='ltr'>enarrati</span> <span class='ocrx_word' id='word_1_84' title='bbox 368 1917 616 1990; x_wconf 89' lang='lat' dir='ltr'>inveniuntur.</span> <span class='ocrx_word' id='word_1_85' title='bbox 647 1918 696 1991; x_wconf 91' lang='lat' dir='ltr'>Et</span> <span class='ocrx_word' id='word_1_86' title='bbox 731 1919 819 1992; x_wconf 88' lang='lat' dir='ltr'>licet</span> <span class='ocrx_word' id='word_1_87' title='bbox 847 1944 883 2014; x_wconf 88' lang='lat' dir='ltr'>p.</span> <span class='ocrx_word' id='word_1_88' title='bbox 913 1919 1038 1992; x_wconf 88' lang='lat' dir='ltr'>Tellez</span> <span class='ocrx_word' id='word_1_89' title='bbox 1071 1944 1176 1991; x_wconf 90' lang='lat' dir='ltr'>suam</span> <span class='ocrx_word' id='word_1_90' title='bbox 1207 1917 1413 1992; x_wconf 87' lang='lat' dir='ltr'>Historiam</span> <span class='ocrx_word' id='word_1_91' title='bbox 1452 1920 1512 1991; x_wconf 89' lang='lat' dir='ltr'>vel</span> 
     </span>
     <span class='ocr_line' id='line_1_12' title="bbox 178 2049 1513 2148; baseline 0 -24"><span class='ocrx_word' id='word_1_92' title='bbox 178 2050 304 2147; x_wconf 89' lang='lat' dir='ltr'>potius</span> <span class='ocrx_word' id='word_1_93' title='bbox 332 2049 527 2147; x_wconf 89' lang='lat' dir='ltr'>synopsim</span> <span class='ocrx_word' id='word_1_94' title='bbox 557 2050 748 2126; x_wconf 83' lang='lat' dir='ltr'>Historiae</span> <span class='ocrx_word' id='word_1_95' title='bbox 775 2053 823 2125; x_wconf 90' lang='lat' dir='ltr'>ad</span> <span class='ocrx_word' id='word_1_96' title='bbox 852 2051 995 2126; x_wconf 92' lang='lat' dir='ltr'>obitum</span> <span class='ocrx_word' id='word_1_97' title='bbox 1024 2077 1141 2147; x_wconf 89' lang='lat' dir='ltr'>usque</span> <span class='ocrx_word' id='word_1_98' title='bbox 1171 2051 1406 2126; x_wconf 89' lang='lat' dir='ltr'>Patriarchae</span> <span class='ocrx_word' id='word_1_99' title='bbox 1431 2076 1513 2148; x_wconf 92' lang='lat' dir='ltr'>pro·</span> 
     </span>
     <span class='ocr_line' id='line_1_13' title="bbox 176 2163 1512 2285; baseline 0 -26"><span class='ocrx_word' id='word_1_100' title='bbox 176 2186 303 2273; x_wconf 89' lang='lat' dir='ltr'>ducat,</span> <span class='ocrx_word' id='word_1_101' title='bbox 332 2200 458 2259; x_wconf 90' lang='lat' dir='ltr'>tamen</span> <span class='ocrx_word' id='word_1_102' title='bbox 487 2186 595 2280; x_wconf 90' lang='lat' dir='ltr'>plura</span> <span class='ocrx_word' id='word_1_103' title='bbox 622 2184 760 2285; x_wconf 85' lang='lat' dir='ltr'>omisit,</span> <span class='ocrx_word' id='word_1_104' title='bbox 781 2185 855 2259; x_wconf 90' lang='lat' dir='ltr'>alia</span> <span class='ocrx_word' id='word_1_105' title='bbox 884 2185 921 2259; x_wconf 90' lang='lat' dir='ltr'>in</span> <span class='ocrx_word' id='word_1_106' title='bbox 951 2168 1216 2281; x_wconf 83' lang='lat' dir='ltr'>compendium</span> <span class='ocrx_word' id='word_1_107' title='bbox 1238 2163 1403 2282; x_wconf 71' lang='lat' dir='ltr'>redegit,</span> <span class='ocrx_word' id='word_1_108' title='bbox 1416 2211 1512 2281; x_wconf 90' lang='lat' dir='ltr'>quae</span> 
     </span>
     <span class='ocr_line' id='line_1_14' title="bbox 179 2296 1509 2416; baseline 0.001 -25"><span class='ocrx_word' id='word_1_109' title='bbox 179 2317 330 2392; x_wconf 91' lang='lat' dir='ltr'>nonnisi</span> <span class='ocrx_word' id='word_1_110' title='bbox 369 2319 406 2391; x_wconf 91' lang='lat' dir='ltr'>in</span> <span class='ocrx_word' id='word_1_111' title='bbox 445 2318 617 2393; x_wconf 88' lang='lat' dir='ltr'>Historia</span> <span class='ocrx_word' id='word_1_112' title='bbox 644 2319 810 2416; x_wconf 81' lang='lat' dir='ltr'>genuina</span> <span class='ocrx_word' id='word_1_113' title='bbox 837 2303 956 2415; x_wconf 92' lang='lat' dir='ltr'>ipsius</span> <span class='ocrx_word' id='word_1_114' title='bbox 983 2296 1225 2393; x_wconf 81' lang='lat' dir='ltr'>Patriarchae</span> <span class='ocrx_word' id='word_1_115' title='bbox 1248 2318 1415 2393; x_wconf 90' lang='lat' dir='ltr'>invenire</span> <span class='ocrx_word' id='word_1_116' title='bbox 1442 2334 1509 2393; x_wconf 91' lang='lat' dir='ltr'>est.</span> 
     </span>
    </p>

    <p class='ocr_par' dir='ltr' id='par_1_3' title="bbox 175 2432 1512 2949">
     <span class='ocr_line' id='line_1_15' title="bbox 258 2432 1511 2549; baseline 0 -22"><span class='ocrx_word' id='word_1_117' title='bbox 258 2474 295 2531; x_wconf 85' lang='lat'>2.</span> <span class='ocrx_word' id='word_1_118' title='bbox 326 2452 375 2525; x_wconf 85' lang='lat' dir='ltr'>Et</span> <span class='ocrx_word' id='word_1_119' title='bbox 402 2452 496 2527; x_wconf 90' lang='lat' dir='ltr'>haec</span> <span class='ocrx_word' id='word_1_120' title='bbox 524 2453 651 2549; x_wconf 91' lang='lat' dir='ltr'>quoad</span> <span class='ocrx_word' id='word_1_121' title='bbox 674 2478 733 2526; x_wconf 92' lang='lat' dir='ltr'>res</span> <span class='ocrx_word' id='word_1_122' title='bbox 753 2451 790 2526; x_wconf 93' lang='lat' dir='ltr'>in</span> <span class='ocrx_word' id='word_1_123' title='bbox 812 2452 981 2526; x_wconf 88' lang='lat' dir='ltr'>Historia</span> <span class='ocrx_word' id='word_1_124' title='bbox 1001 2467 1127 2526; x_wconf 89' lang='lat' dir='ltr'>nostra</span> <span class='ocrx_word' id='word_1_125' title='bbox 1146 2432 1355 2527; x_wconf 85' lang='lat' dir='ltr'>contentas.</span> <span class='ocrx_word' id='word_1_126' title='bbox 1376 2452 1511 2545; x_wconf 82' lang='lat' dir='ltr'>Quoad</span> 
     </span>
     <span class='ocr_line' id='line_1_16' title="bbox 175 2585 1511 2683; baseline 0.001 -24"><span class='ocrx_word' id='word_1_127' title='bbox 175 2599 302 2659; x_wconf 88' lang='lat' dir='ltr'>cetera</span> <span class='ocrx_word' id='word_1_128' title='bbox 331 2586 542 2659; x_wconf 90' lang='lat' dir='ltr'>laudandus</span> <span class='ocrx_word' id='word_1_129' title='bbox 571 2587 723 2682; x_wconf 86' lang='lat' dir='ltr'>quidem</span> <span class='ocrx_word' id='word_1_130' title='bbox 752 2589 846 2659; x_wconf 93' lang='lat' dir='ltr'>ordo</span> <span class='ocrx_word' id='word_1_131' title='bbox 874 2602 912 2660; x_wconf 91' lang='lat' dir='ltr'>et</span> <span class='ocrx_word' id='word_1_132' title='bbox 940 2585 1100 2683; x_wconf 89' lang='lat' dir='ltr'>partium</span> <span class='ocrx_word' id='word_1_133' title='bbox 1121 2585 1331 2682; x_wconf 89' lang='lat' dir='ltr'>dispositi0‚</span> <span class='ocrx_word' id='word_1_134' title='bbox 1349 2586 1511 2660; x_wconf 90' lang='lat' dir='ltr'>brevitas</span> 
     </span>
     <span class='ocr_line' id='line_1_17' title="bbox 175 2717 1512 2829; baseline 0 -37"><span class='ocrx_word' id='word_1_135' title='bbox 175 2735 214 2792; x_wconf 87' lang='lat' dir='ltr'>et</span> <span class='ocrx_word' id='word_1_136' title='bbox 241 2717 406 2793; x_wconf 87' lang='lat' dir='ltr'>efficacia</span> <span class='ocrx_word' id='word_1_137' title='bbox 428 2718 465 2791; x_wconf 93' lang='lat' dir='ltr'>in</span> <span class='ocrx_word' id='word_1_138' title='bbox 485 2718 659 2807; x_wconf 86' lang='lat' dir='ltr'>dicend0,</span> <span class='ocrx_word' id='word_1_139' title='bbox 682 2736 720 2794; x_wconf 90' lang='lat' dir='ltr'>at</span> <span class='ocrx_word' id='word_1_140' title='bbox 748 2720 1018 2816; x_wconf 89' lang='lat' dir='ltr'>improbandus</span> <span class='ocrx_word' id='word_1_141' title='bbox 1038 2720 1192 2793; x_wconf 91' lang='lat' dir='ltr'>omnino</span> <span class='ocrx_word' id='word_1_142' title='bbox 1212 2720 1341 2817; x_wconf 85' lang='lat' dir='ltr'>stylus,</span> <span class='ocrx_word' id='word_1_143' title='bbox 1367 2718 1429 2829; x_wconf 87' lang='lat' dir='ltr'>qui</span> <span class='ocrx_word' id='word_1_144' title='bbox 1449 2744 1512 2816; x_wconf 83' lang='lat' dir='ltr'>ge·</span> 
     </span>
     <span class='ocr_line' id='line_1_18' title="bbox 175 2834 1510 2949; baseline -0.001 -23"><span class='ocrx_word' id='word_1_145' title='bbox 175 2834 333 2926; x_wconf 86' lang='lat' dir='ltr'>nulnum</span> <span class='ocrx_word' id='word_1_146' title='bbox 363 2852 478 2926; x_wconf 90' lang='lat' dir='ltr'>latine</span> <span class='ocrx_word' id='word_1_147' title='bbox 506 2851 658 2927; x_wconf 89' lang='lat' dir='ltr'>dicendi</span> <span class='ocrx_word' id='word_1_148' title='bbox 687 2854 840 2927; x_wconf 90' lang='lat' dir='ltr'>modum</span> <span class='ocrx_word' id='word_1_149' title='bbox 870 2879 944 2927; x_wconf 91' lang='lat' dir='ltr'>non</span> <span class='ocrx_word' id='word_1_150' title='bbox 974 2852 1082 2949; x_wconf 90' lang='lat' dir='ltr'>sapit.</span> <span class='ocrx_word' id='word_1_151' title='bbox 1114 2854 1175 2926; x_wconf 89' lang='lat' dir='ltr'>Ad</span> <span class='ocrx_word' id='word_1_152' title='bbox 1204 2853 1297 2927; x_wconf 89' lang='lat' dir='ltr'>haec</span> <span class='ocrx_word' id='word_1_153' title='bbox 1321 2852 1435 2949; x_wconf 88' lang='lat' dir='ltr'>genio</span> <span class='ocrx_word' id='word_1_154' title='bbox 1453 2852 1510 2927; x_wconf 89' lang='lat' dir='ltr'>sui</span> 
     </span>
    </p>
   </div>
   <div class='ocr_carea' id='block_1_3' title="bbox 173 2964 1511 3084">
    <p class='ocr_par' dir='ltr' id='par_1_4' title="bbox 173 2964 1511 3084">
     <span class='ocr_line' id='line_1_19' title="bbox 173 2964 1511 3084; baseline 0.001 -25"><span class='ocrx_word' id='word_1_155' title='bbox 173 2986 358 3083; x_wconf 90' lang='lat' dir='ltr'>temporis</span> <span class='ocrx_word' id='word_1_156' title='bbox 386 2987 471 3082; x_wconf 93' lang='lat' dir='ltr'>plus</span> <span class='ocrx_word' id='word_1_157' title='bbox 498 3011 619 3082; x_wconf 88' lang='lat' dir='ltr'>aequo</span> <span class='ocrx_word' id='word_1_158' title='bbox 647 2985 850 3084; x_wconf 81' lang='lat' dir='ltr'>indulgens</span> <span class='ocrx_word' id='word_1_159' title='bbox 878 2986 923 3060; x_wconf 88' lang='lat' dir='ltr'>iis</span> <span class='ocrx_word' id='word_1_160' title='bbox 941 2964 1260 3072; x_wconf 84' lang='lat' dir='ltr'>similitudinibus,</span> <span class='ocrx_word' id='word_1_161' title='bbox 1282 2973 1511 3082; x_wconf 89' lang='lat' dir='ltr'>metaphoris</span> 
     </span>
    </p>
   </div>
   <div class='ocr_carea' id='block_1_4' title="bbox 164 3118 1511 4818">
    <p class='ocr_par' dir='ltr' id='par_1_5' title="bbox 164 3118 1511 4818">
     <span class='ocr_line' id='line_1_20' title="bbox 173 3118 1511 3217; baseline -0.001 -23"><span class='ocrx_word' id='word_1_162' title='bbox 173 3137 212 3194; x_wconf 92' lang='lat' dir='ltr'>et</span> <span class='ocrx_word' id='word_1_163' title='bbox 239 3118 362 3215; x_wconf 89' lang='lat' dir='ltr'>tropis</span> <span class='ocrx_word' id='word_1_164' title='bbox 390 3145 413 3193; x_wconf 95' lang='lat' dir='ltr'>a</span> <span class='ocrx_word' id='word_1_165' title='bbox 444 3120 558 3216; x_wconf 86' lang='lat' dir='ltr'>longe</span> <span class='ocrx_word' id='word_1_166' title='bbox 596 3119 722 3216; x_wconf 91' lang='lat' dir='ltr'>petitis</span> <span class='ocrx_word' id='word_1_167' title='bbox 758 3145 969 3194; x_wconf 88' lang='lat' dir='ltr'>sermonem</span> <span class='ocrx_word' id='word_1_168' title='bbox 1007 3121 1212 3205; x_wconf 86' lang='lat' dir='ltr'>exornavit,</span> <span class='ocrx_word' id='word_1_169' title='bbox 1250 3146 1346 3217; x_wconf 88' lang='lat' dir='ltr'>quae</span> <span class='ocrx_word' id='word_1_170' title='bbox 1383 3135 1511 3194; x_wconf 92' lang='lat' dir='ltr'>nostro</span> 
     </span>
     <span class='ocr_line' id='line_1_21' title="bbox 173 3231 1511 3351; baseline 0.001 -26"><span class='ocrx_word' id='word_1_171' title='bbox 173 3253 248 3327; x_wconf 93' lang='lat' dir='ltr'>hoc</span> <span class='ocrx_word' id='word_1_172' title='bbox 278 3266 449 3349; x_wconf 91' lang='lat' dir='ltr'>tempore</span> <span class='ocrx_word' id='word_1_173' title='bbox 477 3253 591 3327; x_wconf 91' lang='lat' dir='ltr'>risum</span> <span class='ocrx_word' id='word_1_174' title='bbox 621 3269 792 3327; x_wconf 88' lang='lat' dir='ltr'>movent:</span> <span class='ocrx_word' id='word_1_175' title='bbox 822 3254 937 3327; x_wconf 92' lang='lat' dir='ltr'>veluti</span> <span class='ocrx_word' id='word_1_176' title='bbox 965 3278 1050 3327; x_wconf 91' lang='lat' dir='ltr'>cum</span> <span class='ocrx_word' id='word_1_177' title='bbox 1071 3231 1328 3351; x_wconf 82' lang='lat' dir='ltr'>Praepositum</span> <span class='ocrx_word' id='word_1_178' title='bbox 1349 3254 1511 3327; x_wconf 87' lang='lat' dir='ltr'>Genera-</span> 
     </span>
     <span class='ocr_line' id='line_1_22' title="bbox 172 3385 1508 3483; baseline 0.001 -25"><span class='ocrx_word' id='word_1_179' title='bbox 172 3388 248 3460; x_wconf 91' lang='lat' dir='ltr'>lem</span> <span class='ocrx_word' id='word_1_180' title='bbox 278 3385 480 3461; x_wconf 89' lang='lat' dir='ltr'>Societatis</span> <span class='ocrx_word' id='word_1_181' title='bbox 513 3388 670 3483; x_wconf 74' lang='lat' dir='ltr'>Tr&#39;jllzym</span> <span class='ocrx_word' id='word_1_182' title='bbox 699 3401 735 3461; x_wconf 90' lang='lat' dir='ltr'>et</span> <span class='ocrx_word' id='word_1_183' title='bbox 762 3388 1033 3462; x_wconf 81' lang='lat' dir='ltr'>confessarium</span> <span class='ocrx_word' id='word_1_184' title='bbox 1051 3391 1241 3482; x_wconf 81' lang='lat' dir='ltr'>fullonem</span> <span class='ocrx_word' id='word_1_185' title='bbox 1261 3387 1458 3483; x_wconf 88' lang='lat' dir='ltr'>appellat(</span> <span class='ocrx_word' id='word_1_186' title='bbox 1485 3391 1508 3483; x_wconf 87' lang='lat'>).</span> 
     </span>
     <span class='ocr_line' id='line_1_23' title="bbox 171 3520 1510 3618; baseline -0.001 -24"><span class='ocrx_word' id='word_1_187' title='bbox 171 3520 372 3595; x_wconf 91' lang='lat' dir='ltr'>Vocabula</span> <span class='ocrx_word' id='word_1_188' title='bbox 400 3534 500 3594; x_wconf 87' lang='lat' dir='ltr'>certe</span> <span class='ocrx_word' id='word_1_189' title='bbox 529 3520 645 3593; x_wconf 89' lang='lat' dir='ltr'>latina</span> <span class='ocrx_word' id='word_1_190' title='bbox 671 3537 768 3606; x_wconf 91' lang='lat' dir='ltr'>sunt,</span> <span class='ocrx_word' id='word_1_191' title='bbox 798 3536 836 3594; x_wconf 89' lang='lat' dir='ltr'>at</span> <span class='ocrx_word' id='word_1_192' title='bbox 863 3545 977 3618; x_wconf 90' lang='lat' dir='ltr'>saepe</span> <span class='ocrx_word' id='word_1_193' title='bbox 1001 3547 1154 3595; x_wconf 89' lang='lat' dir='ltr'>numero</span> <span class='ocrx_word' id='word_1_194' title='bbox 1174 3521 1233 3594; x_wconf 91' lang='lat' dir='ltr'>vel</span> <span class='ocrx_word' id='word_1_195' title='bbox 1249 3520 1429 3605; x_wconf 89' lang='lat' dir='ltr'>obsoleta,</span> <span class='ocrx_word' id='word_1_196' title='bbox 1451 3521 1510 3594; x_wconf 89' lang='lat' dir='ltr'>vel</span> 
     </span>
     <span class='ocr_line' id='line_1_24' title="bbox 171 3653 1508 3751; baseline -0.001 -24"><span class='ocrx_word' id='word_1_197' title='bbox 171 3654 301 3728; x_wconf 92' lang='lat' dir='ltr'>minus</span> <span class='ocrx_word' id='word_1_198' title='bbox 329 3679 352 3727; x_wconf 90' lang='lat' dir='ltr'>a</span> <span class='ocrx_word' id='word_1_199' title='bbox 380 3653 507 3727; x_wconf 91' lang='lat' dir='ltr'>latinis</span> <span class='ocrx_word' id='word_1_200' title='bbox 534 3654 778 3751; x_wconf 89' lang='lat' dir='ltr'>scriptoribus</span> <span class='ocrx_word' id='word_1_201' title='bbox 806 3654 952 3729; x_wconf 89' lang='lat' dir='ltr'>usitata.</span> <span class='ocrx_word' id='word_1_202' title='bbox 982 3657 1105 3751; x_wconf 87' lang='lat' dir='ltr'>Saepe</span> <span class='ocrx_word' id='word_1_203' title='bbox 1133 3654 1319 3750; x_wconf 86' lang='lat' dir='ltr'>implexus</span> <span class='ocrx_word' id='word_1_204' title='bbox 1346 3668 1384 3728; x_wconf 91' lang='lat' dir='ltr'>et</span> <span class='ocrx_word' id='word_1_205' title='bbox 1420 3654 1508 3726; x_wconf 91' lang='lat' dir='ltr'>dum</span> 
     </span>
     <span class='ocr_line' id='line_1_25' title="bbox 169 3786 1510 3885; baseline -0.003 -22"><span class='ocrx_word' id='word_1_206' title='bbox 169 3787 351 3863; x_wconf 90' lang='lat' dir='ltr'>brevitati</span> <span class='ocrx_word' id='word_1_207' title='bbox 379 3788 504 3861; x_wconf 90' lang='lat' dir='ltr'>studet</span> <span class='ocrx_word' id='word_1_208' title='bbox 531 3790 722 3873; x_wconf 91' lang='lat' dir='ltr'>obscurus,</span> <span class='ocrx_word' id='word_1_209' title='bbox 752 3804 788 3861; x_wconf 86' lang='lat' dir='ltr'>et</span> <span class='ocrx_word' id='word_1_210' title='bbox 815 3790 917 3884; x_wconf 93' lang='lat' dir='ltr'>quod</span> <span class='ocrx_word' id='word_1_211' title='bbox 946 3789 1068 3885; x_wconf 84' lang='lat' dir='ltr'>magis</span> <span class='ocrx_word' id='word_1_212' title='bbox 1093 3788 1237 3862; x_wconf 91' lang='lat' dir='ltr'>mireris</span> <span class='ocrx_word' id='word_1_213' title='bbox 1256 3786 1428 3861; x_wconf 91' lang='lat' dir='ltr'>brevitati</span> <span class='ocrx_word' id='word_1_214' title='bbox 1447 3786 1510 3860; x_wconf 89' lang='lat' dir='ltr'>ali-</span> 
     </span>
     <span class='ocr_line' id='line_1_26' title="bbox 167 3920 1509 4018; baseline -0.001 -23"><span class='ocrx_word' id='word_1_215' title='bbox 167 3922 329 4018; x_wconf 90' lang='lat' dir='ltr'>quando</span> <span class='ocrx_word' id='word_1_216' title='bbox 357 3920 558 3994; x_wconf 89' lang='lat' dir='ltr'>coniuncta</span> <span class='ocrx_word' id='word_1_217' title='bbox 585 3920 790 4017; x_wconf 86' lang='lat' dir='ltr'>prolixitas,</span> <span class='ocrx_word' id='word_1_218' title='bbox 816 3936 856 3994; x_wconf 92' lang='lat' dir='ltr'>ut</span> <span class='ocrx_word' id='word_1_219' title='bbox 884 3921 1120 4018; x_wconf 86' lang='lat' dir='ltr'>potissimum</span> <span class='ocrx_word' id='word_1_220' title='bbox 1142 3921 1270 3995; x_wconf 88' lang='lat' dir='ltr'>videre</span> <span class='ocrx_word' id='word_1_221' title='bbox 1288 3935 1346 3994; x_wconf 91' lang='lat' dir='ltr'>est</span> <span class='ocrx_word' id='word_1_222' title='bbox 1365 3920 1402 3993; x_wconf 89' lang='lat' dir='ltr'>in</span> <span class='ocrx_word' id='word_1_223' title='bbox 1423 3947 1509 3995; x_wconf 92' lang='lat' dir='ltr'>con·</span> 
     </span>
     <span class='ocr_line' id='line_1_27' title="bbox 167 4053 1510 4152; baseline -0.001 -23"><span class='ocrx_word' id='word_1_224' title='bbox 167 4053 361 4139; x_wconf 90' lang='lat' dir='ltr'>cionibus,</span> <span class='ocrx_word' id='word_1_225' title='bbox 392 4053 429 4126; x_wconf 91' lang='lat' dir='ltr'>in</span> <span class='ocrx_word' id='word_1_226' title='bbox 458 4053 628 4149; x_wconf 90' lang='lat' dir='ltr'>epistolis</span> <span class='ocrx_word' id='word_1_227' title='bbox 655 4054 757 4128; x_wconf 91' lang='lat' dir='ltr'>etin</span> <span class='ocrx_word' id='word_1_228' title='bbox 787 4054 1115 4152; x_wconf 90' lang='lat' dir='ltr'>disputationibus,</span> <span class='ocrx_word' id='word_1_229' title='bbox 1144 4079 1238 4151; x_wconf 90' lang='lat' dir='ltr'>quas</span> <span class='ocrx_word' id='word_1_230' title='bbox 1266 4079 1351 4128; x_wconf 92' lang='lat' dir='ltr'>cum</span> <span class='ocrx_word' id='word_1_231' title='bbox 1385 4054 1510 4127; x_wconf 91' lang='lat' dir='ltr'>haere-</span> 
     </span>
     <span class='ocr_line' id='line_1_28' title="bbox 166 4186 1510 4284; baseline -0.002 -21"><span class='ocrx_word' id='word_1_232' title='bbox 166 4188 256 4263; x_wconf 89' lang='lat' dir='ltr'>ticis</span> <span class='ocrx_word' id='word_1_233' title='bbox 286 4186 419 4260; x_wconf 91' lang='lat' dir='ltr'>habuit</span> <span class='ocrx_word' id='word_1_234' title='bbox 446 4203 485 4261; x_wconf 90' lang='lat' dir='ltr'>et</span> <span class='ocrx_word' id='word_1_235' title='bbox 512 4188 549 4260; x_wconf 91' lang='lat' dir='ltr'>in</span> <span class='ocrx_word' id='word_1_236' title='bbox 578 4213 622 4260; x_wconf 91' lang='lat' dir='ltr'>ea</span> <span class='ocrx_word' id='word_1_237' title='bbox 651 4188 869 4284; x_wconf 89' lang='lat' dir='ltr'>praesertim</span> <span class='ocrx_word' id='word_1_238' title='bbox 898 4212 972 4283; x_wconf 88' lang='lat' dir='ltr'>qua</span> <span class='ocrx_word' id='word_1_239' title='bbox 999 4194 1142 4262; x_wconf 84' lang='lat' dir='ltr'>errores</span> <span class='ocrx_word' id='word_1_240' title='bbox 1168 4188 1362 4262; x_wconf 89' lang='lat' dir='ltr'>cuiusdam</span> <span class='ocrx_word' id='word_1_241' title='bbox 1382 4187 1510 4261; x_wconf 87' lang='lat' dir='ltr'>ludaei</span> 
     </span>
     <span class='ocr_line' id='line_1_29' title="bbox 166 4319 1510 4418; baseline -0.001 -23"><span class='ocrx_word' id='word_1_242' title='bbox 166 4319 353 4395; x_wconf 85' lang='lat' dir='ltr'>refutavit</span> <span class='ocrx_word' id='word_1_243' title='bbox 371 4319 433 4417; x_wconf 85' lang='lat'>(2).</span> <span class='ocrx_word' id='word_1_244' title='bbox 466 4321 560 4393; x_wconf 90' lang='lat' dir='ltr'>lllud</span> <span class='ocrx_word' id='word_1_245' title='bbox 590 4321 726 4394; x_wconf 88' lang='lat' dir='ltr'>addam</span> <span class='ocrx_word' id='word_1_246' title='bbox 756 4322 856 4418; x_wconf 90' lang='lat' dir='ltr'>quod</span> <span class='ocrx_word' id='word_1_247' title='bbox 885 4320 1026 4418; x_wconf 90' lang='lat' dir='ltr'>passim</span> <span class='ocrx_word' id='word_1_248' title='bbox 1056 4324 1102 4395; x_wconf 82' lang='lat' dir='ltr'>A.</span> <span class='ocrx_word' id='word_1_249' title='bbox 1133 4321 1308 4394; x_wconf 88' lang='lat' dir='ltr'>fratribus</span> <span class='ocrx_word' id='word_1_250' title='bbox 1326 4322 1419 4393; x_wconf 90' lang='lat' dir='ltr'>MM.</span> <span class='ocrx_word' id='word_1_251' title='bbox 1441 4322 1510 4394; x_wconf 88' lang='lat' dir='ltr'>Re-</span> 
     </span>
     <span class='ocr_line' id='line_1_30' title="bbox 165 4453 1510 4550; baseline -0.001 -22"><span class='ocrx_word' id='word_1_252' title='bbox 165 4453 349 4528; x_wconf 83' lang='lat' dir='ltr'>formatis</span> <span class='ocrx_word' id='word_1_253' title='bbox 379 4477 518 4528; x_wconf 88' lang='lat' dir='ltr'>nomen</span> <span class='ocrx_word' id='word_1_254' title='bbox 546 4453 845 4550; x_wconf 88' lang='lat' dir='ltr'>Capuccinorum</span> <span class='ocrx_word' id='word_1_255' title='bbox 874 4454 1062 4540; x_wconf 88' lang='lat' dir='ltr'>attribuat,</span> <span class='ocrx_word' id='word_1_256' title='bbox 1092 4480 1175 4529; x_wconf 89' lang='lat' dir='ltr'>cum</span> <span class='ocrx_word' id='word_1_257' title='bbox 1205 4457 1290 4542; x_wconf 83' lang='lat' dir='ltr'>sint,</span> <span class='ocrx_word' id='word_1_258' title='bbox 1311 4468 1351 4527; x_wconf 93' lang='lat' dir='ltr'>ut</span> <span class='ocrx_word' id='word_1_259' title='bbox 1378 4478 1510 4528; x_wconf 88' lang='lat' dir='ltr'>omnes</span> 
     </span>
     <span class='ocr_line' id='line_1_31' title="bbox 166 4586 1508 4683; baseline -0.001 -21"><span class='ocrx_word' id='word_1_260' title='bbox 166 4588 311 4674; x_wconf 88' lang='lat' dir='ltr'>sciunt,</span> <span class='ocrx_word' id='word_1_261' title='bbox 343 4586 420 4660; x_wconf 93' lang='lat' dir='ltr'>duo</span> <span class='ocrx_word' id='word_1_262' title='bbox 435 4586 598 4660; x_wconf 90' lang='lat' dir='ltr'>Ordines</span> <span class='ocrx_word' id='word_1_263' title='bbox 626 4587 803 4672; x_wconf 89' lang='lat' dir='ltr'>distincti,</span> <span class='ocrx_word' id='word_1_264' title='bbox 834 4587 922 4662; x_wconf 88' lang='lat' dir='ltr'>licet</span> <span class='ocrx_word' id='word_1_265' title='bbox 950 4591 1062 4661; x_wconf 87' lang='lat' dir='ltr'>ambo</span> <span class='ocrx_word' id='word_1_266' title='bbox 1081 4589 1247 4683; x_wconf 84' lang='lat' dir='ltr'>regulam</span> <span class='ocrx_word' id='word_1_267' title='bbox 1269 4612 1299 4663; x_wconf 81' lang='lat' dir='ltr'>s,</span> <span class='ocrx_word' id='word_1_268' title='bbox 1319 4587 1508 4662; x_wconf 89' lang='lat' dir='ltr'>Francisci</span> 
     </span>
     <span class='ocr_line' id='line_1_32' title="bbox 164 4736 392 4818; baseline -0.013 -22"><span class='ocrx_word' id='word_1_269' title='bbox 164 4736 392 4818; x_wconf 89' lang='lat' dir='ltr'>sequantur.</span> 
     </span>
    </p>
   </div>
   <div class='ocr_carea' id='block_1_5' title="bbox 246 4947 1510 5031">
    <p class='ocr_par' dir='ltr' id='par_1_6' title="bbox 246 4947 1510 5031">
     <span class='ocr_line' id='line_1_33' title="bbox 246 4947 1510 5031; baseline -0.002 -24"><span class='ocrx_word' id='word_1_270' title='bbox 246 4947 297 5031; x_wconf 87' lang='lat'>(1)</span> <span class='ocrx_word' id='word_1_271' title='bbox 319 4947 369 5006; x_wconf 83' lang='lat' dir='ltr'>Cf.</span> <span class='ocrx_word' id='word_1_272' title='bbox 391 4947 555 5024; x_wconf 84' lang='lat' dir='ltr'>epistolam</span> <span class='ocrx_word' id='word_1_273' title='bbox 586 4948 809 5008; x_wconf 86' lang='lat' dir='ltr'>dedicatoriam</span> <span class='ocrx_word' id='word_1_274' title='bbox 839 4951 880 5007; x_wconf 85' lang='lat' dir='ltr'>ad</span> <span class='ocrx_word' id='word_1_275' title='bbox 902 4948 1112 5024; x_wconf 86' lang='lat' dir='ltr'>Praepositum</span> <span class='ocrx_word' id='word_1_276' title='bbox 1144 4948 1337 5017; x_wconf 89' lang='lat' dir='ltr'>Generalem,</span> <span class='ocrx_word' id='word_1_277' title='bbox 1363 4966 1455 5022; x_wconf 86' lang='lat' dir='ltr'>quam</span> <span class='ocrx_word' id='word_1_278' title='bbox 1478 4949 1510 5005; x_wconf 92' lang='lat' dir='ltr'>in</span> 
     </span>
    </p>
   </div>
   <div class='ocr_carea' id='block_1_6' title="bbox 164 5046 1509 5226">
    <p class='ocr_par' dir='ltr' id='par_1_7' title="bbox 164 5046 1509 5226">
     <span class='ocr_line' id='line_1_34' title="bbox 164 5046 720 5124; baseline -0.018 -16"><span class='ocrx_word' id='word_1_279' title='bbox 164 5051 274 5109; x_wconf 83' lang='lat' dir='ltr'>fronte</span> <span class='ocrx_word' id='word_1_280' title='bbox 296 5047 346 5108; x_wconf 89' lang='lat' dir='ltr'>sui</span> <span class='ocrx_word' id='word_1_281' title='bbox 369 5048 472 5123; x_wconf 85' lang='lat' dir='ltr'>operis</span> <span class='ocrx_word' id='word_1_282' title='bbox 492 5046 645 5124; x_wconf 89' lang='lat' dir='ltr'>apposuit.</span> <span class='ocrx_word' id='word_1_283' title='bbox 716 5087 720 5097; x_wconf 90' lang='lat'><strong>.</strong></span> 
     </span>
     <span class='ocr_line' id='line_1_35' title="bbox 248 5144 1509 5226; baseline -0.004 -21"><span class='ocrx_word' id='word_1_284' title='bbox 248 5148 298 5226; x_wconf 80' lang='lat'>(2)</span> <span class='ocrx_word' id='word_1_285' title='bbox 321 5146 470 5222; x_wconf 83' lang='lat' dir='ltr'>Suspicor</span> <span class='ocrx_word' id='word_1_286' title='bbox 491 5146 732 5221; x_wconf 87' lang='lat' dir='ltr'>disputationem</span> <span class='ocrx_word' id='word_1_287' title='bbox 753 5146 842 5204; x_wconf 83' lang='lat' dir='ltr'>istam</span> <span class='ocrx_word' id='word_1_288' title='bbox 864 5147 903 5203; x_wconf 89' lang='lat' dir='ltr'>ab</span> <span class='ocrx_word' id='word_1_289' title='bbox 926 5146 1057 5221; x_wconf 87' lang='lat' dir='ltr'>ipsomet</span> <span class='ocrx_word' id='word_1_290' title='bbox 1078 5144 1253 5203; x_wconf 86' lang='lat' dir='ltr'>Patriarcba</span> <span class='ocrx_word' id='word_1_291' title='bbox 1275 5145 1411 5202; x_wconf 86' lang='lat' dir='ltr'>habitam</span> <span class='ocrx_word' id='word_1_292' title='bbox 1437 5144 1509 5201; x_wconf 91' lang='lat' dir='ltr'>olim</span> 
     </span>
    </p>
   </div>
   <div class='ocr_carea' id='block_1_7' title="bbox 0 0 2088 6182">
    <p class='ocr_par' dir='ltr' id='par_1_8' title="bbox 0 0 2088 6182">
     <span class='ocr_line' id='line_1_36' title="bbox 0 0 2088 6182; baseline 0 2"><span class='ocrx_word' id='word_1_293' title='bbox 0 0 2088 6182; x_wconf 95' lang='lat' dir='ltr'> </span> 
     </span>
    </p>
   </div>
  </div>
 </body>
</html>
