4166 6182
535 559 572 617 18
865 567 1137 616 EXPEDITIONIS
1161 566 1422 615 AETHIOPICAE
1447 567 1527 615 ETC.

530 715 738 785 secederent,
751 715 898 795 plurium
910 723 1105 776 senatorum
1123 725 1247 777 vocatu
1260 724 1450 795 pertractos
1459 712 1512 796 (ι),
1530 723 1573 786 et,
1586 715 1684 795 quasi
1697 715 1866 776 nescirent

532 829 723 893 Ecclesiam
749 830 814 893 Dei
830 830 1087 892 custodiendam
1103 850 1172 891 non
1187 849 1263 893 esse
1279 850 1374 892 more
1390 842 1588 901 castrorum,
1606 831 1764 892 omnibus
1780 848 1867 911 quae

529 947 701 1009 habebant
724 947 828 1007 armis
854 946 1020 1026 spoliatos
1036 947 1089 1028 (2),
1117 954 1152 1007 et
1178 945 1227 1007 ita
1252 946 1401 1009 inermes
1426 944 1537 1008 tribus
1564 945 1640 1007 viae
1668 947 1867 1007 custodibus

532 1062 742 1131 commissos,
774 1079 917 1142 quorum
947 1062 1092 1143 quilibet
1122 1081 1224 1143 quam
1248 1062 1366 1124 multis
1389 1061 1558 1124 militibus
1589 1062 1791 1144 cingebatur
1807 1061 1865 1139 (3),

530 1178 624 1259 ipsos
647 1197 738 1247 vero,
764 1197 806 1239 ne
830 1176 1054 1258 Aethiopiam
1078 1177 1283 1249 desererent,
1307 1177 1423 1258 plures
1446 1177 1595 1239 latebras
1622 1178 1809 1258 quaesiisse
1832 1186 1867 1239 et

531 1294 565 1355 in
583 1294 769 1356 Burcnsem
793 1294 1005 1374 provinciam
1029 1294 1131 1356 valde
1155 1302 1348 1355 montosam
1371 1302 1407 1356 et
1430 1312 1591 1355 saxosam
1612 1291 1808 1376 profugisse
1831 1303 1866 1356 et

532 1428 578 1471 ex
594 1410 677 1490 ipsis
692 1410 892 1490 episcopum
917 1408 1106 1471 Nicaenum
1131 1420 1164 1471 et
1189 1409 1295 1491 ipsius
1319 1408 1449 1471 socium
1464 1409 1624 1489 hyemem
1641 1410 1730 1471 inter
1745 1408 1865 1471 Maho-

531 1533 686 1587 metanos
705 1527 911 1606 transegisse
924 1524 969 1607 (4)
992 1536 1025 1587 et
1048 1524 1082 1587 in
1106 1522 1311 1606 profundam
1335 1524 1463 1587 vallem
1488 1524 1649 1595 deiectos,
1674 1544 1797 1605 aquam
1823 1527 1865 1587 de

529 1648 691 1712 torrente,
707 1642 795 1704 sicut
810 1640 974 1703 *alterum
997 1639 1112 1703 Eliam
1136 1641 1299 1712 hausisse,
1317 1660 1380 1702 nec
1403 1651 1517 1702 tamen
1538 1658 1708 1702 annonam
1725 1661 1745 1702 a
1761 1659 1864 1702 corvo

529 1764 566 1818 ut
591 1756 687 1818 illum
712 1758 885 1836 accepisse
898 1756 953 1838 (5),
976 1756 1038 1818 sed
1065 1757 1194 1837 exigua
1217 1755 1337 1818 hordei
1360 1757 1521 1838 placenta
1544 1757 1651 1818 vitam
1674 1756 1865 1827 tollerasse,
1893 1755 1912 1804 s·
1936 1768 1999 1817 14³³·

529 1878 563 1932 et
579 1871 658 1933 inde
673 1881 752 1954 post
767 1873 915 1953 spatium
929 1871 1099 1934 trimestre
1114 1870 1303 1934 semineces
1319 1890 1359 1933 ac
1375 1890 1461 1952 pene
1478 1871 1655 1933 exanimes
1678 1882 1865 1942 extractos,

530 1997 563 2049 et
579 1987 732 2068 episcopi
755 1989 884 2051 socium
907 2006 970 2069 per
993 2007 1117 2050 annum
1142 1987 1176 2048 in
1200 1986 1327 2069 tugurii
1343 1986 1523 2070 gurgustio
1540 1988 1689 2058 latuisse,
1707 1986 1787 2068 quin
1804 2005 1866 2067 per

528 2112 637 2165 totum
662 2105 752 2166 diem
776 2105 911 2166 coelum
934 2104 1073 2165 daretur
1096 2104 1219 2165 intueri
1243 2122 1305 2163 nec
1329 2105 1443 2166 cibum
1462 2103 1526 2166 nisi
1543 2121 1605 2184 per
1621 2112 1758 2165 noctem
1774 2122 1866 2164 sum·

529 2218 705 2301 psisselb).
730 2219 840 2300 Quem
864 2221 967 2281 vero?
991 2218 1176 2301 Nigerrimi
1205 2217 1364 2281 frumenti
1390 2221 1556 2299 quadram
1583 2220 1863 2281 semiustulatum.

529 2334 612 2397 Tres
629 2335 687 2396 alii
711 2355 826 2398 eorum
850 2336 1086 2406 aemulatores,
1110 2337 1234 2415 quibus
1257 2336 1381 2418 dignus
1398 2355 1465 2396 non
1483 2345 1556 2397 erat
1573 2335 1728 2403 mundus,
1746 2335 1779 2395 in
1796 2334 1865 2395 As·

528 2450 619 2512 sensi
636 2450 799 2531 spelunca
822 2452 1043 2513 laetissimam
1065 2451 1171 2512 vitam
1188 2451 1360 2513 duxerunt
1374 2451 1417 2533 (7)
1442 2460 1476 2512 et
1492 2461 1636 2512 mortem
1660 2451 1865 2512 constantis-

529 2567 608 2628 simi
639 2568 814 2628 subierunt
830 2564 883 2649 (8).
916 2565 995 2627 Duo
1025 2586 1088 2647 per
1118 2575 1197 2628 octo
1224 2586 1332 2628 annos
1360 2585 1478 2647 rr-pem
1510 2565 1686 2628 Salamam
1717 2565 1864 2646 undique

529 2682 737 2743 inaccessam
754 2683 941 2753 coluerunt,
966 2678 1066 2751 fame,
1091 2684 1148 2744 siti
1172 2692 1206 2744 et
1230 2682 1382 2744 nuditate
1405 2682 1552 2764 singulis
1573 2682 1695 2744 diebus
1718 2678 1865 2743 confecti

527 2806 563 2858 et
585 2799 722 2860 tandem
739 2799 773 2858 in
793 2798 943 2879 publicis
965 2798 1127 2860 nundinis
1149 2799 1306 2878 suspensi
1320 2798 1375 2880 (ο).
1399 2796 1466 2879 Qui
1491 2817 1652 2878 umquam
1677 2797 1805 2859 milites
1828 2794 1864 2856 fi-

528 2911 639 2975 delius
662 2933 759 2975 suam
782 2915 963 2975 stationem
988 2924 1173 2981 servarunt,
1199 2926 1256 2976 aut
1280 2915 1429 2995 propriis
1456 2914 1656 2993 corporibus
1682 2913 1864 2974 texerunt?

530 3027 626 3109 Quae
657 3029 736 3091 illos
766 3030 907 3091 alterius
937 3030 1024 3090 coeli
1048 3029 1229 3091 clementia
1256 3040 1315 3092 aut
1342 3031 1519 3110 opulentia
1547 3029 1753 3110 prolectavit
1788 3039 1822 3089 et
1845 3049 1865 3088 a

527 3146 634 3226 priori
665 3144 839 3227 proposito
871 3145 1035 3206 deduxit?
1063 3142 1177 3206 Unum
1206 3146 1293 3206 inter
1324 3164 1443 3205 omnes
1474 3154 1647 3205 certamen
1675 3153 1757 3213 erat,
1789 3143 1865 3223 quis

528 3279 656 3332 eorum,
680 3260 757 3322 aliis
788 3262 823 3321 in
846 3260 981 3322 Indiam
1004 3260 1265 3331 discedentibus,
1295 3259 1328 3322 in
1356 3259 1548 3340 Aethiopia
1570 3258 1734 3340 perieulis
1759 3278 1864 3338 expo·

528 3375 612 3438 situs
643 3386 733 3438 esset
769 3394 994 3438 remansurus.
1028 3374 1094 3436 Vel
1122 3377 1156 3437 in
1185 3377 1260 3456 ipso
1287 3394 1482 3457 congressu,
1512 3373 1571 3436 ubi
1594 3374 1717 3436 Turcis
1737 3370 1865 3435 fuimus

527 3492 712 3563 commissi,
737 3493 804 3553 duo
821 3493 971 3572 ipsorum
988 3500 1021 3552 et
1036 3501 1279 3554 sexcentorum
1303 3493 1447 3554 militum
1473 3490 1684 3552 hastatorum
1704 3500 1740 3552 et
1756 3502 1865 3551 cetra·

527 3614 652 3678 torum,
675 3607 733 3688 qui
757 3608 857 3668 nobis
872 3609 1031 3669 custodes
1050 3606 1157 3668 additi
1182 3603 1325 3678 fuerant,
1350 3625 1481 3675 manus,
1505 3604 1624 3667 oculos
1647 3614 1680 3666 et
1704 3606 1865 3685 cuspides

528 3723 562 3782 in
588 3722 701 3783 medio
718 3724 863 3784 tumultu
880 3734 1059 3784 evaserunt
1072 3722 1148 3806 (ιο),
1162 3742 1304 3803 quorum
1322 3724 1409 3784 alter
1428 3732 1506 3783 ante
1524 3740 1648 3783 annum
1666 3721 1700 3781 in
1717 3719 1864 3803 Tigraeo

528 3855 633 3918 regno
657 3837 838 3899 hastilibus
865 3838 899 3898 in
923 3836 1002 3898 fidei
1019 3838 1135 3899 odium
1159 3846 1213 3899 est
1235 3834 1430 3906 transfixus,
1455 3836 1543 3898 alius
1559 3844 1638 3916 post
1660 3845 1807 3916 quatuor
1831 3836 1863 3895 in

529 3950 707 4014 Dambaea
722 3953 941 4033 suspendium
957 3954 1084 4015 subivit
1101 3966 1133 4015 et
1158 3953 1330 4033 lapidibus
1350 3972 1470 4013 caesus
1487 3949 1552 4013 fuit
1567 3961 1601 4012 et
1617 3952 1775 4013 obtectus
1789 3953 1814 4032 (ι
1826 3950 1862 4026 ι).

617 4066 714 4130 Haec
732 4071 774 4131 de
791 4070 961 4150 patribus:
986 4070 1067 4150 quid
1087 4070 1130 4131 de
1146 4068 1366 4131 Patriarcha?
1383 4067 1531 4129 Mortem
1547 4069 1686 4147 quidem
1707 4068 1781 4147 ipse
1797 4085 1863 4127 uon

527 4194 580 4245 est
602 4184 816 4264 promeritus,
841 4184 915 4245 Deo
939 4185 1087 4246 debitam
1112 4186 1178 4265 ipsi
1198 4203 1358 4245 coronam
1382 4182 1416 4244 in
1441 4184 1638 4263 episcopum
1663 4181 1861 4251 Nicacnum,

527 4319 626 4361 suum
650 4302 882 4363 coadiutorem
902 4310 936 4363 et
953 4298 1103 4362 futurum
1125 4318 1367 4371 successorem,
1384 4309 1648 4360 transmovente.
1667 4296 1736 4360 Sed
1753 4299 1860 4377 ipsum

527 4416 685 4478 eamdem
702 4417 874 4478 ambiendi
891 4425 925 4478 et
937 4416 1044 4478 vitam
1062 4417 1096 4478 in
1111 4416 1304 4496 Aethiopia
1319 4416 1469 4496 ponendi
1486 4414 1635 4475 studium
1652 4424 1686 4477 et
1703 4414 1862 4476 instantia

527 4550 596 4593 non
619 4529 755 4594 defecit.
781 4532 871 4594 Num
895 4532 990 4612 quid,
1020 4551 1097 4594 cum
1130 4534 1277 4593 monitus
1308 4540 1359 4593 est
1390 4540 1427 4592 ut
1459 4529 1647 4611 Aethiopia
1678 4529 1862 4595 recederet.

526 4647 622 4710 illico
646 4648 740 4720 abiit,
753 4650 914 4721 excessit,
938 4648 1070 4728 erupit?
1095 4647 1263 4709 Videatur
1286 4647 1358 4709 eius
1381 4648 1526 4727 epistola
1550 4646 1594 4707 ad
1622 4647 1862 4726 imperatorem

616 4776 651 4835 (ι)
672 4775 728 4823 Lib.
750 4784 774 4833 3,
793 4790 850 4837 cap.
870 4784 894 4833 3,
914 4789 939 4823 ιι.
961 4783 983 4832 7.
1012 4800 1044 4810 -
1063 4776 1099 4832 (2)
1119 4773 1178 4823 Lib.
1204 4783 1229 4834 3,
1254 4787 1310 4836 cap.
1333 4783 1372 4826 ro,
1392 4788 1417 4820 n.
1440 4783 1462 4821 r.
1497 4799 1517 4807 -
1546 4769 1584 4838 (3)
1604 4771 1662 4819 Lib.
1689 4780 1713 4830 3,
1738 4785 1795 4834 cap.
1823 4766 1862 4821 ιο,

525 4878 550 4912 ιι.
570 4875 596 4923 9,
615 4871 641 4911 ct
659 4878 717 4926 cap,
740 4874 779 4925 17,
798 4879 823 4913 n.
845 4874 857 4908 2
879 4871 904 4910 ct
924 4871 947 4921 7,
967 4874 993 4911 et
1012 4877 1069 4925 cap.
1092 4861 1131 4917 18,
1151 4878 1176 4912 u.
1200 4874 1221 4921 1,
1240 4871 1501 4925 etcap.19pertot.
1524 4888 1550 4897 -
1575 4864 1611 4922 (4)
1626 4861 1684 4910 Lib.
1714 4868 1862 4923 3,cup.25,

526 4961 589 5010 n,7.
607 4978 641 4986 -
658 4950 876 5016 (5)3Reg.cap.
978 4978 1008 4989 -
1029 4946 1065 5011 (6)
1080 4952 1137 4999 Lib.
1152 4960 1176 5011 3,
1190 4966 1246 5014 cup.
1261 4962 1303 5014 25,
1318 4967 1342 5001 n.
1356 4962 1381 5011 9.
1405 4978 1431 4985 -
1454 4948 1494 5014 (7)
1508 4950 1566 5000 Lib.
1581 4959 1605 5009 3,
1618 4964 1676 5012 cap.
1691 4960 1732 5009 29,
1746 4965 1771 4998 n.
1786 4960 1808 4995 2.
1835 4976 1857 4982 --

524 5035 637 5105 (8tLib.
652 5054 676 5102 4,
690 5055 747 5104 cap.
764 5051 803 5095 ιο,
817 5056 833 5087 ιι
916 5065 947 5076 -
967 5039 1078 5103 (plLib.
1098 5053 1123 5101 4,
1143 5051 1294 5102 cap.12,n.
1377 5066 1409 5075 -
1430 5040 1484 5099 (ιο)
1502 5038 1560 5089 Lib.
1580 5048 1605 5098 3,
1618 5054 1675 5101 cap.
1700 5047 1742 5095 27,
1764 5052 1789 5087 n.
1809 5032 1866 5084 Set

525 5144 582 5192 cap.
603 5140 644 5189 29,
665 5145 689 5178 n.
710 5141 733 5193 5.
758 5157 786 5167 -
807 5130 863 5189 (ιι)
883 5129 941 5179 Lib.
962 5142 986 5189 4,
1006 5144 1062 5191 cap.
1086 5139 1126 5185 12,
1145 5143 1169 5179 n.
