4124 6182
664 562 781 612 LIBER
804 563 828 621 1,
859 561 984 611 CAPUT
1007 562 1062 612 IX.
1487 553 1528 626 83

194 718 265 771 stus
288 707 416 773 affixus
438 720 499 783 est,
523 729 659 773 crucem
682 728 786 772 aurea
800 709 900 773 theca
916 709 1092 781 inclusam,
1109 711 1143 772 in
1160 727 1273 792 genua
1288 709 1525 792 procumbens,

194 833 228 887 et
250 824 418 907 lacrymis
440 823 588 889 suffusus
611 834 807 888 reverenter
829 835 881 888 est
909 825 1089 898 osculatus,
1114 835 1149 888 et
1172 827 1230 887 alii
1258 826 1301 887 ad
1328 823 1530 888 firmandam

194 959 269 1002 cum
294 939 433 1004 Davide
455 942 656 1004 societatem
679 960 768 1004 anno
788 956 870 1019 1515
896 942 1091 1013 adomatae‚
1112 939 1210 1023 Lupo
1226 937 1347 1003 Soario
1362 951 1528 1022 praetore,

194 1055 395 1119 Eduardum
419 1053 611 1120 Galvanum
633 1056 795 1120 similium
813 1058 1028 1140 negotiorum
1046 1056 1229 1120 admodum
1246 1057 1478 1138 experientem
1496 1066 1530 1119 et
1593 1059 1749 1109 orimum
1771 1060 1802 1110 in
1824 1065 1878 1110 ae-

195 1173 315 1235 eodem
340 1191 479 1235 munere
501 1170 715 1255 perfunctum
740 1173 831 1253 apud
862 1171 1042 1236 Caesarem
1074 1172 1361 1243 Maximilianum,
1394 1170 1528 1235 Galliae
1556 1129 1805 1253 ffifflffhffl
1830 1146 1877 1181 ’θ’

194 1307 311 1371 regem
336 1298 371 1351 et
397 1287 638 1351 Alexandrum
665 1285 736 1350 *VI
763 1307 931 1351 summum
962 1285 1168 1369 pontificem,
1200 1284 1367 1369 praefecit
1394 1296 1527 1350 etcum

195 1401 351 1465 Mattheo
374 1404 515 1467 remisit.

284 1538 314 1599 5.
340 1517 498 1584 Galvano
520 1520 670 1591 tandem,
684 1539 762 1582 cum
785 1519 1048 1602 septuagenario
1072 1521 1180 1582 maior
1202 1529 1303 1592 esset,
1328 1522 1400 1583 vita
1415 1521 1448 1582 in
1465 1517 1529 1582 Ca·

194 1654 335 1699 marano
366 1636 479 1699 insula
509 1645 626 1706 exuto,
657 1638 692 1697 et
722 1635 833 1698 classe
863 1634 940 1698 aliis
971 1635 1235 1698 adversitatibus
1266 1633 1469 1707 conflictata,
1493 1635 1528 1697 in

193 1770 321 1814 annum
344 1751 438 1814 illius
461 1751 569 1814 seculi
592 1751 798 1833 vigesimum
822 1750 937 1813 delata
951 1759 1003 1812 est
1019 1748 1157 1833 legatio,
1174 1760 1208 1812 et
1224 1749 1400 1813 Roderico
1417 1749 1529 1813 Limio

193 1868 389 1939 commissa,
423 1868 483 1949 qui
516 1868 551 1929 in
587 1866 811 1949 Aethiopiam
843 1884 921 1929 cum
951 1864 1107 1929 Mattheo
1137 1876 1172 1929 et
1202 1866 1333 1949 ingenti
1366 1865 1529 1929 comitatu

194 1980 351 2045 invectus
375 1982 410 2044 in
433 2002 475 2045 ea
496 2002 558 2064 per
580 1990 672 2044 totos
694 2001 758 2044 sex
781 2001 889 2043 annos
911 1991 964 2045 est
987 1982 1201 2056 demoratus;
1217 1991 1288 2044 tum
1305 1983 1398 2063 quod
1413 1981 1527 2044 David

193 2107 394 2161 cunctanter
417 2097 520 2181 (quod
542 2098 697 2161 innatum
720 2106 772 2160 est
795 2098 891 2178 genti
914 2096 1047 2180 vitium)
1071 2099 1212 2182 negotia
1233 2098 1436 2180 expedierit,
1457 2108 1528 2160 tum

193 2214 285 2296 quod
308 2212 468 2276 Mazuam
490 2223 569 2295 post
591 2222 737 2295 quatuor
759 2232 867 2276 annos
893 2215 1067 2296 attingens
1090 2213 1222 2277 Limius
1244 2225 1279 2277 et
1302 2213 1426 2277 certior
1455 2216 1530 2276 red·
1593 2219 1728 2270 Limine
1750 2219 1878 2269 Galvano

193 2329 285 2393 ditus
307 2328 580 2401 Emmanuelem,
607 2339 743 2392 terreno
770 2329 890 2391 Ioanni
920 2329 1022 2392 tertio
1051 2327 1125 2392 filio
1154 2333 1284 2403 relicte,
1313 2331 1357 2392 ad
1380 2332 1530 2393 coeleste
1557 2300 1701 2425 {3³³3
1724 2291 1878 2412 ἓξὲξ

193 2463 338 2528 regnum
362 2445 576 2516 convolasse,
600 2447 687 2508 duos
710 2445 798 2506 alios
821 2444 865 2507 ad
882 2464 988 2508 novas
1005 2446 1048 2507 ad
1066 2446 1163 2508 illum
1180 2447 1343 2528 epistolas
1359 2466 1379 2508 a
1395 2446 1531 2508 Davide
1558 2432 1707 2495 ΜΘΝ*
1723 2432 1805 2482 “dst·

193 2562 413 2644 accipiendas
436 2571 575 2624 coactus
597 2562 643 2624 sit
666 2559 833 2643 opperiri;
857 2569 892 2623 et
914 2570 987 2623 tum
1011 2562 1146 2624 demum
1172 2560 1358 2642 Zagazab0,
1382 2561 1441 2643 qui
1461 2561 1530 2624 Da-

192 2679 284 2742 vidis
307 2679 460 2761 legatum
483 2678 575 2760 apud
598 2677 772 2750 Ioannem,
796 2688 831 2741 et
853 2677 1053 2740 Romanum
1072 2675 1275 2740 Pontificem
1293 2686 1420 2759 ageret,
1436 2678 1530 2740 socio

193 2805 346 2877 accepto,
371 2814 461 2857 anno
488 2796 571 2873 1526
596 2794 630 2856 in
653 2792 798 2865 Indiam,
822 2804 857 2857 et
879 2793 1035 2876 sequenti
1055 2795 1089 2856 in
1107 2792 1317 2857 Lusitaniam
1333 2791 1529 2857 velificavit.

192 2910 250 2973 Ex
273 2930 342 2992 qua
366 2909 563 2992 Zagazabus
586 2911 620 2972 in
644 2908 779 2972 Italiam
803 2909 948 2972 tendens
970 2909 1015 2971 ad
1035 2908 1158 2971 summi
1178 2906 1349 2990 pontificis
1375 2907 1529 2972 Clemen-

192 3026 238 3088 tis
261 3023 332 3086 VH
355 3025 462 3106 pedes
486 3023 663 3087 Bononiae
688 3044 725 3087 se
748 3024 884 3096 abiecit,
908 3042 985 3087 cum
1011 3024 1165 3086 ianuario
1188 3026 1267 3086 anni
1298 3041 1380 3102 1533
1405 3043 1531 3087 corona

192 3140 356 3205 Carolum
380 3138 413 3200 V
437 3150 677 3222 imperatorem
701 3140 892 3203 exornavit.

283 3258 314 3318 6.
340 3254 454 3318 Limio
470 3256 532 3317 vix
549 3256 715 3337 digresso,
732 3264 831 3318 atrox
846 3255 880 3318 in
893 3255 1116 3337 Aethiopiam
1129 3264 1314 3337 tempestas
1327 3257 1439 3318 irruit:
1457 3254 1530 3318 Ma·
1594 3260 1684 3310 Paulo
1715 3271 1779 3324 1>0⁸t
1809 3263 1878 3345 (ἴξι-

190 3373 346 3436 hametes
363 3370 476 3434 Zeilae
492 3381 595 3452 atque
606 3369 732 3433 Adeiis
748 3371 859 3454 Regis
871 3370 1079 3453 praefectus,
1095 3372 1141 3434 ob
1153 3370 1273 3434 laevae
1288 3371 1530 3434 dexteritatem
1558 3331 1810 3451 {quaeamus
1836 3347 1880 3383 m-

191 3487 344 3572 Gragna,
370 3489 468 3560 idest,
492 3486 640 3560 sinister,
656 3488 763 3571 vulgo
779 3489 1050 3570 cognominatus,
1067 3490 1126 3570 qui
1140 3498 1248 3551 totam
1265 3484 1420 3551 fulminis
1435 3487 1530 3551 ocior

191 3606 258 3669 alis
281 3602 493 3687 pervolavit;
518 3622 586 3666 non
602 3603 713 3666 solum
731 3603 783 3675 iis,
800 3605 858 3685 qui
874 3604 1090 3677 obsisterent,
1113 3604 1308 3666 immaniter
1330 3601 1529 3676 interfectis,

190 3720 254 3783 sed
277 3718 418 3801 templis
441 3718 599 3781 omnibus
621 3718 811 3780 combustis
834 3720 1012 3799 vineisque
1036 3717 1190 3782 funditus
1221 3720 1360 3792 excisis,
1383 3730 1430 3791 ut,
1449 3722 1530 3783 vino

191 3837 236 3898 ad
271 3855 408 3899 sacrum
442 3835 642 3916 mysterium
678 3832 869 3904 deficiente,
901 3833 986 3898 fides
1016 3834 1119 3897 etiam
1150 3834 1335 3899 christiana
1366 3836 1529 3899 radicitus

190 3952 432 4033 extirparetur.
457 3949 496 4011 ln
519 3949 582 4012 has
605 3968 642 4012 se
670 3949 847 4032 angustias
878 3960 1033 4012 coactum
1064 3950 1180 4013 David
1211 3970 1273 4013 rex
1304 3952 1529 4033 conspicatus,
1594 3952 1690 4037 David·
1716 3956 1878 4005 Ioannem

189 4067 367 4131 ardentius
391 4068 433 4129 de
459 4066 643 4129 ambienda
673 4065 863 4128 Lusitanici
893 4065 1057 4129 societate
1088 4076 1122 4128 et
1153 4067 1368 4149 implorando
1398 4068 1530 4130 auxilio
1557 4026 1880 4147 ffiffiffifffi?

189 4185 348 4267 agitavit,
372 4184 553 4264 spondens,
578 4183 608 4244 si
632 4183 668 4244 in
690 4180 796 4243 tantis
818 4180 1078 4245 difficultatibus
1104 4184 1170 4245 sibi
1200 4194 1337 4265 praesto
1368 4193 1469 4255 esset,
1492 4204 1530 4247 se
1558 4168 1597 4218 ¹¹⁸
1615 4169 1733 4231 9⁸¹¹¹¹²¹¹²
1750 4166 1877 4218 dmm

189 4318 269 4362 cum
292 4307 368 4362 toto
392 4318 454 4360 suo
477 4297 622 4379 imperio
639 4297 820 4362 Romanae
835 4298 1013 4361 Ecclesiae
1028 4299 1257 4361 obedientiam
1273 4312 1531 4381 perseveranter

188 4416 479 4497 amplexaturum.
511 4413 552 4476 In
582 4433 659 4477 eam
689 4434 771 4478 vero
803 4415 1020 4497 legationem,
1052 4425 1234 4497 antequam
1265 4415 1461 4499 Zagazabus
1485 4436 1530 4479 ex

188 4530 371 4593 Lusitania
394 4529 530 4601 rediret,
554 4548 658 4591 unum
682 4549 729 4592 ex
752 4529 854 4593 Limii
878 4531 981 4593 sociis
997 4532 1088 4612 apud
1103 4550 1141 4593 se
1157 4532 1349 4614 degentem,
1366 4531 1529 4594 Ioannem

188 4644 428 4715 Bermudium,
452 4642 571 4707 Asnaf
601 4641 763 4727 Seguedi‚
787 4646 861 4708 sive
887 4644 1022 4708 Claudii
1053 4643 1115 4708 filii
1146 4645 1198 4709 sui
1229 4666 1274 4708 ex
1305 4666 1402 4709 sacro
1435 4645 1530 4710 fonte

187 4771 438 4842 susceptorem,
463 4760 602 4841 delegit,
626 4780 736 4842 eoque
760 4761 979 4833 internuntio
1004 4762 1166 4824 socialem
1198 4781 1274 4824 cum
1305 4760 1433 4824 loanne
1464 4771 1529 4824 tes·

187 4896 315 4947 seram,
339 4885 375 4938 et
398 4885 537 4957 pactum
563 4876 658 4958 prius
688 4898 709 4939 a
739 4876 916 4959 Zagazabo
946 4875 1108 4939 Romano
1138 4875 1297 4940 Pontifici
1328 4876 1529 4958 obsequium

64 4999 82 5046 s·
102 5011 145 5059 4²·
187 4992 384 5063 renovavit,
408 4990 566 5054 eumdem
588 4991 801 5075 deprecatus,
825 4989 881 5055 ‘ut
903 5012 1070 5056 consensu
1094 4993 1242 5055 Abunae
1265 4994 1317 5056 sui
1333 4993 1443 5055 Marci
1462 4993 1530 5055 ale·

188 5108 356 5173 xandrini
379 5107 439 5189 qui
462 5126 551 5169 anno
578 5126 659 5187 ¹535
685 5127 731 5170 ex
751 5107 842 5170 vivis
866 5108 1056 5179 discedens,
1076 5118 1110 5171 et
1133 5128 1307 5171 romanam
1331 5107 1434 5170 fidem
1458 5128 1530 5171 om·
