4058 6178
629 615 745 664 uena
768 615 809 674 11,
833 614 958 665 cneus
982 616 1048 666 vn.
1445 616 1505 679 207

164 762 317 845 templo,
342 782 453 843 nequa
483 781 579 825 mora
608 759 713 834 lieret,
745 758 839 825 illius
869 782 993 825 nomen
1024 763 1150 835 ederet,
1181 773 1215 827 et
1245 772 1282 826 ut
1312 764 1510 847 singulatim

166 880 411 960 procederent,
434 878 655 942 Patriarchae
688 876 858 965 capellani
882 878 917 941 in
948 880 1033 942 duas
1062 878 1228 942 macerias
1257 874 1337 941 hinc
1368 889 1402 943 et
1433 879 1512 943 inde

164 995 351 1058 distributi
375 995 524 1058 medium
548 994 670 1057 callem
695 994 781 1056 adeo
796 1003 978 1085 angustum
994 988 1241 1078 relinquebant,
1258 1004 1294 1057 ut
1309 997 1417 1059 solius
1432 1015 1512 1059 con-

166 1107 335 1173 firmandi
358 1120 393 1173 et
415 1110 623 1194 susceptoris
649 1109 762 1192 ipsum
785 1129 806 1172 a
820 1118 919 1193 tergo
935 1109 1172 1192 subsequentis
1187 1121 1419 1193 capaxesset.
1434 1109 1512 1193 Quo

165 1222 314 1299 factum,
340 1236 377 1290 ut
400 1227 496 1290 nulla
518 1227 552 1288 in
576 1244 717 1289 accessu
741 1225 776 1287 in
799 1226 977 1288 dexteram
1001 1236 1133 1307 partem
1161 1220 1299 1290 omnino
1316 1226 1512 1308 expeditam

166 1344 351 1406 cunctatio
374 1352 473 1415 esset,
497 1361 560 1406 nec
584 1341 732 1423 amplius
746 1338 909 1422 temporis
924 1360 1000 1404 cum
1017 1342 1140 1422 quovis
1159 1338 1393 1414 insumeretur,
1409 1361 1513 1423 quam

165 1459 265 1540 quod
292 1477 380 1540 opus
403 1466 477 1520 erat
499 1458 543 1520 ad
567 1455 749 1520 formulam
772 1453 1021 1538 proferendam.
1044 1456 1085 1519 In
1107 1452 1172 1520 hac
1195 1457 1395 1521 lustratione
1420 1456 1512 1542 Oga·
1577 1468 1862 1550 mencentenamu·

167 1572 266 1637 rensi
293 1575 384 1637 ultra
406 1572 634 1657 quadraginta
657 1572 768 1636 millia
790 1591 888 1635 sacro
911 1572 1093 1636 chrismate
1116 1584 1195 1637 sunt
1217 1584 1397 1656 peruncta;
1425 1594 1513 1656 quae
1540 1539 1861 1677 {fssossffnffiftcoffl

170 1690 362 1752 coniuncta
385 1689 465 1762 illis,
488 1689 547 1772 qui
577 1698 697 1771 postea
727 1690 762 1751 in
793 1688 871 1751 aliis
893 1687 1163 1761 excursionibus,
1185 1686 1419 1772 Oinadeguae,
1443 1684 1512 1751 En·
1540 1693 1634 1747 gnata

170 1803 282 1889 fragii
305 1815 338 1868 et
363 1804 559 1869 Dambaeae
575 1805 731 1867 divinum
747 1802 838 1867 idem
854 1803 1069 1885 signaculum
1085 1816 1299 1886 acceperunt,
1316 1804 1420 1887 longe
1435 1823 1512 1866 cen·

170 1931 255 1984 tena
280 1920 391 1985 millia
411 1920 592 1984 excedunt.
610 1919 716 1983 Nulla
731 1921 805 1984 dies
821 1919 933 1983 minus
949 1919 1175 2002 septingentis
1191 1918 1380 2003 insignivit,
1397 1919 1514 2001 plures

171 2036 288 2101 octies
310 2048 345 2100 et
368 2037 488 2100 novies
511 2045 682 2107 centenos,
706 2055 774 2098 una
797 2035 892 2098 mille
916 2044 1051 2098 centum
1075 2045 1110 2098 et
1129 2036 1272 2119 triginta
1287 2055 1350 2097 sex
1366 2045 1400 2098 et
1426 2036 1513 2098 mul·

172 2165 229 2217 tae
253 2154 372 2235 plures
395 2151 556 2218 millenis.

269 2287 300 2347 5.
317 2268 408 2331 Dum
426 2268 624 2331 Patriareha
640 2286 738 2331 sacro
762 2267 937 2330 chrismati
952 2267 1157 2349 applicando
1173 2266 1402 2341 incumbebat,
1417 2278 1514 2349 pater

172 2397 209 2450 et
242 2384 415 2467 capellani
439 2382 639 2457 infantibus,
666 2385 790 2466 quibus
813 2385 1005 2466 baptismus
1036 2384 1185 2448 nondum
1217 2382 1364 2448 collatus
1393 2381 1513 2457 suerat,

173 2502 338 2564 omnibus
360 2500 594 2573 caeremoniis,
620 2521 705 2584 quas
735 2499 898 2564 Romana
919 2498 1077 2562 Ecclesia
1099 2500 1311 2582 praescribit,
1335 2499 1514 2562 abluendis

173 2636 321 2699 operam
344 2616 526 2687 navabant,
551 2617 608 2698 qui
633 2612 667 2679 in
691 2616 758 2679 hoc
785 2616 893 2678 lustro
923 2615 1129 2697 quingentos
1159 2616 1335 2697 octoginta
1364 2614 1514 2697 quinque

173 2734 418 2815 expleverunt.
442 2731 482 2795 In
506 2729 765 2815 Oinadeguensi
788 2742 823 2795 et
846 2728 998 2794 Enfrazii
1021 2752 1042 2794 a
1067 2750 1101 2813 p.
1125 2728 1290 2802 Antonio,
1313 2732 1373 2811 qui
1399 2748 1515 2792 comes
1577 2746 1732 2794 Puerorum
1745 2754 1779 2791 eo
1792 2752 1862 2793 tem-

175 2847 253 2920 iuit,
279 2848 323 2910 ad
355 2857 537 2912 sexcentos
567 2859 600 2910 et
631 2847 756 2931 viginti
787 2848 964 2910 numerati.
997 2845 1261 2917 Dambaeenses,
1286 2846 1345 2908 ubi
1368 2847 1513 2927 primum
1542 2829 1627 2879 ΡΜ
1656 2814 1860 2878 “mmmm

1541 2900 1685 2936 numeni!-

175 2984 257 3026 cum
274 2960 473 3027 Patriareha
493 2983 527 3045 p.
543 2962 734 3025 Damianus
749 2961 875 3041 Calaqa
890 2971 924 3025 et
939 2972 1061 3043 postea
1077 2981 1153 3024 cum
1171 2963 1331 3043 episcopo
1348 2960 1512 3031 Nicaeno,

175 3082 237 3162 qui
262 3079 495 3143 visitationem
519 3079 615 3141 illam
639 3099 659 3140 a
677 3076 875 3141 Patriareha
902 3086 1060 3158 coeptam
1087 3077 1247 3149 absolvit,
1270 3097 1303 3158 p.
1330 3070 1513 3148 Antonius,

176 3196 307 3277 reperti
330 3195 365 3257 in
389 3196 665 3277 supputationem
701 3210 769 3256 non
791 3211 926 3264 venere,
957 3193 1018 3255 sed
1049 3190 1153 3255 iidem
1185 3190 1293 3254 ferme
1321 3189 1426 3264 fuere,
1456 3192 1515 3272 qui

176 3313 213 3373 in
238 3310 484 3393 superioribus.
507 3309 620 3372 Multa
641 3319 757 3372 tamen
781 3310 918 3371 illorum
941 3305 1122 3370 infantium
1144 3306 1281 3370 nomina
1296 3308 1423 3389 scripta
1438 3318 1516 3369 sunt

178 3430 213 3490 in
239 3428 331 3489 libro
354 3425 458 3498 vitae,
481 3428 539 3508 qui
563 3425 767 3488 vestimenta
790 3444 851 3487 sua
874 3423 1000 3486 nullius
1023 3418 1175 3505 *peccati
1195 3422 1427 3504 inquinatione
1443 3422 1513 3504 pol·

179 3545 329 3615 luerunt,
353 3561 430 3604 cum
455 3551 534 3604 ante
557 3541 701 3603 rationis
727 3560 825 3603 usum
856 3551 890 3603 et
920 3558 1025 3621 saepe
1055 3548 1133 3601 ante
1157 3539 1367 3602 abluentium
1397 3538 1516 3602 oeulos

178 3680 199 3722 a
224 3659 365 3721 mortali
387 3657 460 3720 vita
483 3659 528 3720 ad
550 3659 686 3720 beatam
709 3655 777 3719 sint
800 3656 966 3720 translati.

272 3777 303 3837 6.
328 3774 425 3838 Hora
447 3794 539 3837 nona
561 3775 617 3836 vel
641 3774 744 3855 paulo
774 3782 853 3835 ante
879 3771 1126 3837 confirmationi
1153 3768 1231 3835 finis
1261 3770 1459 3842 addebatur,
1482 3781 1516 3833 et
1579 3785 1727 3835 uren-ltus
1755 3785 1788 3832 ab
1806 3796 1863 3833 una

179 3890 340 3953 mulabus
364 3888 568 3959 conscensis,
593 3888 627 3949 in
651 3888 755 3950 aliam
778 3887 960 3950 ecclesiam
976 3889 1196 3970 migrabatur,
1213 3886 1247 3948 in
1263 3905 1332 3967 qua
1350 3894 1427 3967 post
1443 3903 1517 3947 ora·
1544 3856 1662 3908 ‘W‘
1680 3856 1712 3905 ¹²²
1729 3856 1825 3904 '¹¹⁸⁰‘

178 4004 312 4067 tionem
335 4004 507 4066 modicam
531 4005 574 4066 de
606 4002 738 4067 fabrica
769 4004 1030 4085 disquirebatur,
1061 4014 1095 4065 et
1125 4003 1169 4065 ad
1200 4002 1385 4064 matutinas
1414 4000 1518 4063 horas

178 4121 431 4203 persolvendas
454 4130 488 4182 et
511 4130 630 4183 noctes
653 4120 900 4203 transigendas,
924 4120 958 4180 in
978 4120 1115 4181 domum
1132 4119 1283 4199 aliquam
1304 4117 1517 4180 mundiorem

177 4238 239 4299 vel
263 4234 474 4318 papilionem
497 4238 710 4300 tendebatur.
733 4236 820 4298 Illae
842 4245 956 4298 tamen
980 4237 1180 4317 plerumque
1211 4234 1383 4297 insomnes
1410 4242 1444 4295 et
1468 4233 1518 4293 in·

177 4353 321 4434 quietae
344 4348 545 4435 agebantur,
570 4362 640 4415 tum
663 4354 709 4414 ob
732 4349 872 4433 frigoris
896 4351 1155 4422 vehementiam,
1179 4360 1252 4413 tum
1283 4350 1329 4411 ob
1359 4349 1517 4411 cimicum

179 4470 217 4532 in
234 4468 388 4549 hospites
412 4467 641 4551 ingruentium
665 4468 834 4539 examina,
858 4487 946 4548 quae
962 4477 998 4529 ut
1014 4468 1210 4537 vitarentur,
1228 4488 1248 4528 a
1268 4464 1460 4547 mapalibus
1483 4464 1516 4525 in

176 4584 330 4647 tentoria
352 4584 488 4666 saepius
511 4581 595 4665 fuga
618 4585 867 4664 capessebatur,
892 4592 1006 4663 spreta
1029 4579 1168 4664 frigoris
1191 4579 1419 4650 inclementia,
1435 4598 1517 4661 prae

178 4700 322 4763 illorum
345 4700 582 4783 graveolentia
611 4709 645 4762 et
676 4700 854 4761 edacitate.
886 4696 983 4779 Quae
1012 4697 1229 4760 incommoda
1252 4708 1286 4760 et
1314 4690 1518 4758 acerbitates

180 4824 233 4877 tot
256 4814 390 4878 animas
413 4810 541 4877 Christi
564 4814 672 4877 caulis
695 4794 913 4897 adiungendi,
938 4825 972 4876 et
996 4814 1074 4877 illas
1097 4814 1299 4876 sacramenti
1330 4811 1441 4895 gratia
1464 4831 1517 4873 ro·

177 4930 340 5002 borandi,
364 4929 526 5012 voluptas
548 4930 710 4993 leniebat.

273 5062 303 5125 7.
329 5046 496 5109 Praesens
511 5046 579 5109 Dei
595 5065 718 5109 numen
735 5044 937 5109 Patriareha
953 5047 988 5107 in
1003 5056 1175 5126 postremo
1191 5046 1300 5108 limite
1312 5041 1519 5106 visitationis
1583 5050 1744 5101 Patriareha
1759 5063 1825 5100 cunr
1837 5064 1866 5112 p.

179 5159 336 5224 Eufrazii
360 5170 533 5243 expertus,
557 5158 761 5224 beneficium
785 5161 870 5224 illud
886 5182 920 5243 p.
938 5160 1085 5223 Antonii
1109 5160 1285 5223 comitatui
1309 5172 1343 5222 et
1359 5157 1519 5240 precibus
1546 5122 1718 5244 ffiffl'rfb
1733 5118 1867 5171 ΝΜΟ
