4124 6182
698 2147 885 2223 CAPUT
913 2148 1001 2226 XII.

315 2440 410 2516 Iulii
437 2450 479 2515 et
506 2440 622 2516 Cafld
650 2441 825 2517 eunuchi
863 2442 1059 2517 adversus
1087 2444 1384 2539 Imperatorem

478 2575 734 2669 conspiratio
762 2586 805 2651 et
830 2577 1033 2674 utriusque
1061 2576 1220 2651 caedes.

271 2943 302 2986 1.
328 2921 401 2985 Sub
424 2920 556 2984 exitum
583 2922 665 2984 maii
695 2921 775 2984 anni
802 2926 885 3000 1614
913 2919 1131 3006 Gorgorram,
1154 2943 1242 3005 quae
1264 2923 1444 3006 peninsula
1467 2936 1518 2988 est
1580 2929 1866 2980 Librorumversione

177 3040 265 3101 mari
290 3037 491 3100 Dambaeae
516 3036 705 3108 imminens,
729 3036 918 3119 Imperator
941 3057 978 3099 se
1001 3038 1140 3120 recepit,
1162 3041 1221 3102 ubi
1237 3051 1372 3120 patrum
1395 3042 1518 3104 adhor-
1545 3000 1866 3123 ἓξὲξζξξῗὲζῑῗὲᾛ

175 3154 370 3218 tationibus
392 3164 427 3216 et
450 3163 642 3216 nostrorum
666 3153 841 3227 librorum,
868 3155 1054 3217 cardinalis
1084 3175 1207 3238 nempe
1237 3155 1350 3219 Toleti
1382 3159 1416 3220 iu
1448 3160 1517 3239 epi·
1545 3144 1727 3265 gsqm’sti
1743 3143 1866 3195 auctori-

175 3272 306 3334 stolam
331 3270 376 3332 ad
399 3268 588 3341 Romanos,
613 3268 766 3331 Riberae
789 3270 833 3331 ad
857 3269 1046 3341 Hebraeos,
1063 3269 1256 3335 Maldonati
1276 3273 1311 3336 in
1327 3272 1519 3356 Evangelia
1590 3249 1598 3265 ’

175 3398 210 3451 et
233 3387 338 3449 Blasi
362 3383 491 3467 Viegas
514 3386 550 3447 in
576 3383 828 3466 Apocalypsim
859 3386 1016 3447 versione
1040 3386 1076 3447 in
1106 3386 1334 3469 aethiopicam
1366 3388 1517 3472 linguam

176 3521 309 3584 magna
332 3503 414 3564 data
435 3510 488 3563 est
518 3501 672 3563 accessio
707 3518 868 3563 romanae
891 3499 972 3563 fidei
999 3501 1269 3584 amplificandae.
1302 3503 1375 3567 Nec
1408 3505 1519 3568 minor

175 3618 362 3701 europaeis
384 3616 486 3679 rebus
508 3617 663 3698 quaesita
678 3616 864 3680 auctoritas
886 3619 1137 3682 substructione
1152 3619 1282 3701 palatii,
1298 3620 1391 3703 quod
1406 3621 1518 3703 Impe-

176 3736 289 3798 ratori
316 3754 350 3816 p.
374 3732 518 3796 Paezius
541 3734 585 3795 ad
608 3742 801 3796 nostrorum
825 3730 971 3795 formam
996 3734 1116 3796 erexit.
1142 3734 1273 3815 inquo
1304 3738 1433 3799 exedra
1466 3757 1519 3800 se-

177 3869 339 3934 xagenos
362 3849 398 3911 in
421 3848 669 3930 longitudinem
694 3848 839 3929 palmos,
856 3855 995 3911 vicenos
1019 3851 1053 3912 in
1070 3851 1286 3912 latitudinem
1303 3852 1517 3925 tendebatur,

176 3967 233 4029 cui
258 3966 347 4028 satis
363 3964 513 4045 amplum
531 3963 724 4026 cubiculum
741 3965 928 4043 quadratae
945 3984 1121 4027 mensurae
1137 3967 1180 4028 ad
1197 3967 1286 4028 latus
1302 3966 1516 4029 cohaerebat.

176 4081 376 4163 Utrumque
399 4079 526 4141 solario
550 4080 739 4162 tegebatur,
767 4079 802 4142 in
833 4080 929 4142 cuius
959 4082 1087 4162 angulo
1117 4082 1349 4162 exploratoria
1378 4082 1519 4162 specula

176 4197 319 4261 modico
347 4215 491 4258 ascensu
506 4195 736 4268 attollebatur,
760 4218 779 4259 e
803 4215 870 4276 qua
886 4195 1077 4277 Imperator
1092 4197 1127 4259 in
1143 4196 1315 4259 subiectos
1330 4216 1443 4279 agros,
1460 4218 1519 4279 pa-

176 4316 309 4385 ludem,
322 4323 357 4375 et
374 4310 564 4375 ferventem
581 4321 766 4375 castrorum
783 4331 984 4374 concursum
1005 4314 1090 4376 mira
1110 4332 1185 4375 cum
1207 4313 1384 4394 voluptate
1400 4316 1519 4377 oculos

177 4430 402 4493 extendebat.
427 4426 528 4508 Quod
551 4448 659 4510 genus
682 4426 827 4490 aedificii
852 4448 930 4491 curn
947 4428 1096 4510 ipsorum
1113 4430 1221 4492 ocuIIs
1235 4441 1268 4491 et
1285 4430 1412 4512 linguis
1427 4444 1518 4495 esset

177 4550 353 4610 insuetum
377 4545 497 4607 dixere
513 4544 622 4607 Babet
639 4544 783 4625 Laybet,
800 4545 899 4616 idest,
916 4546 1056 4607 domum
1072 4564 1174 4626 supra
1190 4547 1340 4608 domum.
1357 4545 1417 4609 Ab
1433 4545 1518 4611 infe-

177 4663 263 4726 riori
286 4660 475 4723 exedram
499 4660 661 4722 solarium
686 4661 779 4722 scala
802 4659 940 4741 lapidea
955 4662 1111 4731 ducebat,
1128 4663 1224 4724 cuius
1240 4661 1329 4725 ostio
1345 4664 1518 4743 pessulum

177 4788 282 4861 pater
305 4777 443 4848 adiecit,
466 4774 525 4857 qui
548 4775 731 4839 introrsum
754 4777 920 4839 subitario
948 4778 1097 4858 impulsu
1121 4778 1344 4851 clauderetur,
1374 4798 1519 4859 cumque

178 4894 373 4976 Imperator
395 4891 533 4963 diceret,
558 4893 771 4955 commodius
794 4890 955 4965 futurum,
979 4894 1009 4954 si
1036 4904 1232 4957 extrorsum
1264 4894 1443 4966 locaretur,
1467 4914 1519 4958 re·

179 5009 324 5092 spondit
346 5006 451 5071 Pater
473 5008 592 5070 utilius
614 5009 663 5070 ita
685 5006 795 5071 fixum
818 5019 851 5072 et
874 5009 942 5090 ipsi
971 5006 1087 5072 forsan
1111 5012 1188 5073 usui
1211 5009 1396 5092 aliquando
1430 5009 1520 5075 iutu-

177 5144 265 5188 rum.
290 5122 394 5206 Quod
416 5136 559 5186 eventus
581 5125 828 5207 comprobavit,
852 5123 944 5199 Iulii,
967 5122 1100 5189 Emana
1123 5124 1286 5199 Christos,
1305 5125 1409 5201 Caflo,
1427 5125 1520 5191 Send

261 5263 288 5306 C.
303 5262 413 5304 nomi.
428 5263 483 5306 Rer.
499 5264 566 5305 Aera.
582 5264 671 5316 Scrr'pt.
688 5276 733 5305 occ.
749 5265 816 5305 r’ned.
831 5286 855 5296 -
870 5261 937 5306 VIII.
1414 5280 1438 5319 14
