4166 6182
536 550 617 597 XLII
1062 547 1322 615 INTRODUCTIO

614 697 689 770 Sed
719 698 811 770 haec
839 698 979 770 leviora
1007 713 1092 771 sunt
1119 711 1157 770 et
1184 696 1307 794 magis
1335 696 1452 771 indoli
1481 697 1572 783 eius,
1593 723 1705 794 quam
1727 723 1862 794 pravae

536 831 716 904 voluntati
745 831 951 916 tribuenda,
968 832 1138 926 adeoque
1166 832 1305 904 famam
1334 830 1444 905 huius
1463 832 1555 906 tanti
1579 830 1646 905 viri
1676 846 1863 927 nequeunt

534 965 767 1050 obumbrare,
797 965 860 1061 qui
880 966 1049 1060 profecto
1068 965 1249 1049 doctrina,
1271 964 1479 1049 virtutibus,
1509 965 1717 1038 animarum
1738 964 1862 1039 studio

532 1112 570 1169 et
598 1096 711 1169 animi
741 1096 958 1171 fortitudine
987 1098 1024 1170 in
1053 1098 1221 1172 adversis
1248 1097 1413 1171 serendis
1442 1097 1538 1171 inter
1565 1098 1786 1172 illustriores
1806 1099 1858 1173 sui

533 1229 714 1323 temporis
743 1231 936 1305 Praesules
963 1245 1019 1304 est
1048 1232 1361 1305 adnumerandus.

1180 1688 1224 1759 ll.

512 1972 526 2005 t
683 1921 868 2022 operis
898 1922 1126 2005 historici
1157 1922 1478 2022 patriarchae
1507 1923 1718 2006 Mende:
1842 1916 1844 1919 ’

872 2080 1054 2176 fontes,
1082 2082 1227 2166 dotes
1256 2090 1305 2166 et
1334 2083 1529 2165 menda.

1087 2349 1120 2452 1)
1143 2350 1313 2429 Fontes.

617 2587 650 2645 1.
680 2565 774 2639 Cum
804 2567 851 2638 A.
882 2582 1008 2639 noster
1035 2565 1187 2639 ultimus
1214 2565 1311 2638 inter
1337 2591 1414 2651 eos,
1441 2566 1504 2661 qui
1524 2566 1572 2639 de
1592 2568 1703 2641 rebus
1721 2566 1859 2639 aethio

536 2698 631 2794 picis
666 2714 880 2785 tractarunt,
919 2698 1097 2773 historiae
1125 2699 1420 2774 conscribendae
1459 2724 1609 2772 manum
1634 2698 1861 2795 apposuerit,

536 2832 717 2927 adeoque,
747 2847 787 2905 ut
815 2832 915 2906 idem
945 2833 1091 2917 fatetur,
1121 2858 1250 2906 eorum
1279 2832 1470 2906 laboribus
1497 2833 1647 2907 adiutus
1677 2833 1796 2917 fuerit,
1831 2830 1861 2905 si

535 2966 619 3060 quis
633 2964 671 3037 in
690 2966 814 3040 fontes
834 2966 932 3039 unde
953 2965 1104 3039 notitias
1121 2966 1245 3039 hausit
1265 2965 1450 3062 inquirere
1469 2965 1570 3047 velit,
1591 2965 1694 3040 facili
1710 2965 1862 3063 negotio

535 3124 612 3173 rem
642 3115 758 3173 totam
786 3100 970 3195 expediet.
1001 3099 1170 3191 Quatuor
1193 3100 1430 3173 Patriarchae
1449 3100 1703 3196 Expedr'tionir
1721 3100 1863 3172 Aethio

531 3235 632 3327 picae
660 3232 743 3305 libri
772 3233 830 3305 vel
859 3246 1010 3306 narrant
1037 3247 1192 3306 eventus
1219 3232 1282 3328 qui
1310 3249 1397 3306 ante
1424 3232 1543 3328 ipsius
1563 3231 1600 3305 in
1622 3231 1860 3328 Aethiopiam

536 3365 744 3461 ingressum
783 3367 905 3440 locum
944 3366 1152 3439 habuerunt
1193 3366 1269 3457 (lib.
1301 3368 1315 3437 l
1345 3366 1537 3462 usquead
1566 3390 1647 3461 cap.
1679 3370 1774 3462 xxv),
1804 3366 1862 3438 vel

536 3499 604 3573 iter
632 3498 884 3596 aethiopicum
914 3514 950 3572 et
977 3516 1084 3595 gesta
1111 3500 1191 3574 eius
1224 3514 1303 3573 toto
1342 3499 1531 3574 missionis
1568 3525 1657 3573 suae
1694 3516 1862 3596 tempore

535 3657 652 3729 usque
680 3635 728 3705 ad
756 3632 907 3705 exilium
936 3632 1013 3725 (lib.
1045 3635 1071 3717 Ι,
1101 3658 1282 3728 cap.x1v
1311 3633 1360 3705 ad
1390 3634 1501 3705 finem
1530 3632 1626 3718 libri,
1656 3632 1719 3706 lib.
1741 3634 1774 3704 ΙΙ
1799 3657 1863 3728 per

535 3781 653 3840 totum
682 3781 719 3840 et
747 3767 809 3839 lib.
840 3768 889 3838 Ill
918 3767 965 3839 ad
994 3792 1075 3862 cap.
1106 3793 1209 3840 xxur
1238 3783 1275 3840 et
1303 3792 1414 3862 capp.
1438 3792 1535 3838 xxxr
1564 3780 1602 3840 et
1630 3770 1773 3863 xxm),
1804 3766 1859 3838 vel

534 3902 685 3973 demum
714 3926 760 3974 ea
788 3926 893 3995 quae,
924 3926 969 3973 eo
996 3901 1147 3995 longius
1175 3915 1322 3995 agente,
1353 3899 1390 3972 in
1417 3896 1620 3996 Aethiopia
1647 3899 1863 3973 acciderunt

535 4035 583 4107 ab
610 4059 709 4107 anno
744 4038 840 4122 1633
870 4034 918 4106 ad
947 4059 1085 4106 annum
1121 4038 1215 4125 1652
1246 4034 1324 4125 (lib.
1355 4034 1417 4117 lll,
1448 4058 1558 4128 capp.
1596 4057 1799 4105 xxrv-xxx
1826 4046 1862 4104 et

535 4166 598 4240 lib.
629 4168 678 4239 lV
707 4192 773 4263 per
800 4170 943 4263 totum).
1325 4168 1327 4171 ’

615 4323 650 4376 2.
680 4301 814 4393 Quoad
844 4300 1002 4395 primam
1033 4315 1230 4373 eventuum
1252 4314 1507 4372 enarratorum
1527 4298 1682 4384 seriem,
1696 4300 1861 4373 fontese

535 4433 670 4529 quibus
698 4432 821 4507 hausit
848 4433 941 4506 nihil
969 4433 1070 4506 aliud
1099 4451 1184 4507 sunt
1214 4432 1284 4507 nisi
1313 4432 1502 4505 Historiae
1530 4458 1552 4504 a
1581 4430 1749 4527 patribus
1769 4433 1860 4503 Paez

533 4582 571 4639 et
600 4567 774 4640 Almeida
801 4566 1047 4662 conscriptae,
1077 4592 1170 4662 quas
1197 4566 1279 4662 ipse
1308 4591 1396 4661 prae
1426 4564 1598 4638 manibus
1617 4565 1758 4641 habuit.
1788 4564 1860 4635 No-

535 4701 688 4772 tandum
736 4717 860 4774 tamen
907 4703 953 4774 A.
1003 4716 1169 4774 nostrum
1212 4726 1285 4772 non
1330 4698 1457 4771 omnia
1500 4700 1631 4772 iterum
1669 4720 1859 4771 enarrasse

534 4858 629 4929 quae
671 4834 708 4905 in
747 4835 894 4906 duobus
931 4834 1004 4907 illis
1040 4834 1267 4907 Auctoribus
1304 4832 1550 4916 inveniuntur,
1582 4833 1660 4916 scd,
1696 4830 1860 4926 pluribus

533 4966 693 5051 omissis,
715 4991 760 5039 ea
784 4981 927 5039 tantum
948 4982 984 5039 et
1003 4966 1153 5062 quidem
1176 4965 1443 5062 compendiose
1463 4964 1682 5061 exposuisse
1702 4989 1797 5060 quae
1815 4960 1860 5033 ad

534 5126 641 5174 suum
670 5125 839 5196 scopum,
869 5099 1089 5172 enucleandi
1119 5098 1264 5173 scilicet
1295 5114 1450 5172 eventus
1478 5097 1729 5194 expeditionis
1762 5120 1858 5178 suae,
