4058 6178
598 657 715 707 LIBER
737 658 775 717 11,
807 656 932 707 CAPUT
955 657 1007 707 1v.
1407 648 1464 723 187

141 804 201 865 bus
223 813 258 866 et
282 804 409 868 calceis
432 804 605 879 haerebat,
629 825 707 869 cum
730 805 907 888 extemplo
932 805 967 869 in
998 803 1152 869 ulteriori
1182 815 1235 868 est
1265 813 1467 887 conspectus

141 919 193 981 vel
217 920 262 982 ab
283 918 426 1004 Angelo
449 921 601 994 custode,
624 941 727 1002 quem
750 922 850 985 unice
872 922 1017 994 colebat,
1041 921 1097 984 vel
1121 942 1142 985 a
1164 941 1226 985 suo
1248 922 1369 1002 spiritu
1392 919 1467 983 Deo

140 1043 322 1117 vegetante
345 1035 520 1118 impulsus

229 1168 280 1230 15.
304 1150 407 1215 Illum
432 1171 523 1216 mors
545 1150 640 1216 Goae
663 1153 720 1216 die
747 1173 783 1215 12
809 1153 1004 1215 novembris
1027 1151 1107 1215 anni
1130 1156 1224 1230 1642,
1241 1152 1337 1215 velut
1355 1151 1463 1215 solius

139 1267 278 1349 spiritus
301 1277 496 1350 compotem
526 1278 561 1331 et
591 1268 744 1351 corporis
774 1267 913 1332 omnino
943 1278 1129 1351 expertem,
1158 1287 1226 1331 non
1251 1268 1377 1330 invasit
1403 1267 1464 1329 sed

138 1384 284 1465 excepit,
308 1386 446 1465 qualem
468 1384 598 1447 Adami
621 1382 771 1448 futuram
783 1374 941 1457 creditur,
956 1386 986 1448 si
1002 1383 1037 1447 in
1056 1393 1147 1448 statu
1162 1384 1376 1447 innocentiae
1391 1401 1466 1465 per·

138 1498 322 1562 calluisset
347 1498 451 1562 Nullo
474 1501 564 1563 enirn
588 1498 769 1564 afflictatus
791 1501 921 1573 morbo,
944 1499 1040 1563 nulla
1055 1497 1150 1562 febre
1170 1510 1355 1582 correptus,
1373 1498 1468 1561 nullo

137 1615 282 1677 membri
308 1615 451 1679 alicuius
473 1616 593 1679 dolore
615 1626 773 1689 vexatus,
795 1617 855 1680 sed
879 1616 954 1703 sole
977 1626 1117 1678 naturae
1133 1615 1284 1696 deliquio
1300 1614 1465 1698 paulatim

137 1732 312 1802 emarcuit,
335 1740 431 1794 tanta
453 1731 558 1794 animi
581 1731 840 1814 tranquillitate,
863 1741 897 1794 et
920 1731 1171 1814 aequabilitate,
1185 1740 1221 1794 ut
1245 1750 1345 1794 nemo
1360 1732 1466 1793 ullam

33 1838 39 1905 .’
84 1890 113 1913 ,.
138 1846 171 1908 in
193 1865 235 1909 eo
259 1845 509 1910 turbatio*uem
532 1866 693 1928 umquam
720 1848 909 1929 dispexerit
939 1866 1001 1909 nec
1024 1847 1178 1910 obiturus
1201 1847 1383 1919 videretur,
1406 1848 1467 1911 sed

138 1963 169 2023 in
193 1962 318 2024 villam
341 1971 399 2025 aut
421 1982 441 2024 a
464 1963 632 2026 conducta
655 1963 758 2025 domo
782 1963 816 2025 in
840 1964 1012 2045 propriam
1034 1963 1245 2025 mansionem
1261 1962 1415 2025 abiturus
1431 1973 1467 2026 ut

136 2097 235 2159 quem
259 2078 389 2141 nullius
410 2076 533 2161 flagitii
556 2079 774 2149 conscientia,
797 2098 885 2160 quae
911 2080 1029 2142 mortis
1051 2087 1103 2142 est
1125 2078 1275 2151 aculeus,
1301 2079 1466 2141 exstimu-

136 2194 238 2256 labat.
263 2192 306 2255 In
330 2201 424 2256 tanta
447 2193 576 2256 doloris
600 2194 813 2257 immunitate
835 2195 964 2258 caudae
986 2196 1117 2275 antiqui
1140 2195 1307 2276 serpentis
1325 2194 1467 2257 verbera

135 2327 200 2370 non
223 2306 377 2372 defuere.
401 2305 556 2389 Quadam
579 2310 670 2372 enim
694 2310 749 2372 die
772 2310 1032 2374 decumbentem
1063 2308 1206 2392 maligni
1236 2309 1375 2392 spiritus
1397 2310 1466 2371 cal·

135 2424 231 2487 cibus
265 2434 303 2487 et
338 2424 463 2507 pugnis
496 2425 653 2488 valenter
686 2426 922 2497 contuderunt,
958 2445 1021 2489 nec
1059 2445 1135 2489 raro
1168 2437 1289 2508 postea
1322 2426 1466 2507 spectris

134 2550 167 2603 et
189 2540 364 2604 terriculis
386 2537 600 2604 infestarunt.
631 2539 788 2605 Gemitus
818 2551 852 2604 et
882 2541 1079 2624 lachrymae
1109 2562 1130 2604 a
1153 2543 1319 2604 moriente
1346 2542 1381 2605 in
1407 2541 1466 2604 ad·

133 2666 264 2719 stantes
289 2665 325 2719 et
347 2656 537 2719 assidentes
562 2656 768 2720 transierunt
798 2668 832 2721 et
863 2657 898 2720 in
929 2658 1060 2721 nullum
1090 2659 1273 2727 uberiores,
1305 2676 1407 2739 quam
1430 2648 1475 2719 in*

134 2772 380 2845 Patriarcham,
404 2791 505 2852 quern
529 2782 563 2835 et
589 2774 778 2836 communis
808 2785 843 2836 et
873 2774 1008 2855 privata
1035 2774 1164 2836 iactura
1195 2783 1230 2836 et
1260 2774 1386 2837 arctior
1419 2792 1466 2835 ex

133 2888 296 2951 diuturno
325 2889 486 2950 convictu
513 2906 610 2950 amor
632 2889 870 2951 commovebat
894 2889 1054 2969 illiusque
1076 2888 1293 2971 pheretbrum
1317 2889 1466 2951 iuniores

132 3004 227 3075 socii,
250 3022 342 3086 quos
364 3004 562 3075 instruebat,
587 3003 738 3067 eiusdem
762 3005 926 3067 virtutum
953 3004 1091 3077 conscii,
1126 3005 1231 3068 variis
1260 3001 1410 3075 floribus,
1428 3013 1466 3066 ut

132 3118 337 3182 coelestium
349 3119 528 3192 indicibus,
545 3129 763 3183 exornarunt.
775 3119 861 3183 Tres
876 3138 980 3201 supra
994 3127 1223 3203 septuagenos
1238 3118 1331 3182 vitae
1347 3120 1466 3201 exegit

132 3255 250 3307 annos,
275 3236 535 3319 quinquagenos
557 3237 679 3318 quinos
702 3237 736 3299 in
760 3233 948 3308 Societate,
968 3235 1003 3298 in
1033 3234 1220 3317 Aethiopia
1248 3236 1406 3307 tricenos,
1431 3236 1464 3297 in

131 3349 224 3413 illius
247 3350 428 3413 hominum
450 3360 485 3413 et
515 3360 666 3414 nostrum
697 3360 732 3413 et
762 3350 828 3413 Dei
859 3352 1024 3413 memoria
1053 3351 1154 3412 ducet
1184 3358 1354 3421 aeternos3
1379 3368 1466 3412 unus

131 3465 222 3527 enim
246 3476 303 3528 est
325 3464 415 3527 inter
429 3464 559 3546 primos
571 3484 616 3527 ex
629 3465 766 3528 illorum
778 3485 883 3530 censu
895 3467 953 3548 qui
966 3466 1009 3528 ad
1021 3466 1221 3528 missionum
1238 3464 1463 3527 ministerium

131 3578 355 3643 tradiderunt
367 3578 503 3643 antinus
516 3600 597 3643 suas
606 3587 672 3665 pro
695 3581 828 3646 nonum
849 3580 1000 3644 Domui
1023 3579 1137 3644 nostri
1158 3579 1241 3643 Iesu
1268 3577 1465 3663 Clusmim,

131 3705 166 3755 ut
188 3693 359 3777 Apostoli
382 3693 416 3757 in
439 3715 502 3758 sua
524 3696 568 3759 ad
591 3708 733 3761 cunctos
765 3695 883 3761 fideles
917 3695 1065 3779 epistola
1095 3695 1266 3758 dixerunt.
1294 3692 1364 3757 Hic
1387 3714 1464 3758 eum

131 3810 311 3872 mittamus
333 3810 393 3872 sed
417 3807 613 3891 frequenter
635 3812 746 3875 adhuc
769 3814 805 3876 in
826 3813 891 3875 bac
914 3812 1134 3893 expeditione
1166 3810 1267 3874 nobis
1300 3821 1464 3883 occurret,

130 3933 164 3986 et
186 3923 388 3989 associabit.

218 4084 260 4152 (1)
279 4086 347 4143 Act,
371 4096 454 4150 15,n.
476 4084 510 4134 26

1531 1162 1707 1214 Felicissime
1733 1160 1816 1215 illiue

1495 1247 1582 1285 mora·
