4124 6182
687 585 804 634 LIBER
827 585 852 643 l,
883 584 1008 634 CAPUT
1031 585 1083 633 VI.
1508 575 1548 650 67

214 752 364 816 aucupes
387 735 606 797 destinarent.
629 731 796 795 Ecclesiis
818 741 974 814 pastores
996 730 1179 815 praeficere
1203 752 1270 795 non
1298 735 1342 796 ad
1372 734 1467 815 ipsos
1489 733 1550 794 sed

214 850 257 911 ad
280 850 478 921 monachos,
502 869 645 932 quorum
667 850 843 912 caenobiis
865 851 1045 931 pleraeque
1060 858 1138 912 sunt
1154 850 1319 920 adnexae,
1336 859 1370 911 et
1385 857 1548 911 terrarum

214 962 409 1045 praefectos
432 966 607 1028 attinebat.

308 1100 359 1143 10.
382 1081 523 1144 Praeter
542 1079 703 1143 Abunam
721 1081 834 1143 nullus
850 1100 1010 1162 umquam
1026 1081 1160 1162 appulit
1180 1082 1215 1143 in
1230 1080 1456 1162 Aethiopiam
1479 1083 1550 1162 epi·
1613 1086 1758 1135 Abunae
1786 1099 1802 1133 a
1829 1084 1897 1135 tivo

213 1215 348 1277 scopus.
374 1196 410 1259 A
433 1198 515 1259 divo
538 1196 737 1259 Frumentio
760 1198 804 1259 ad
827 1192 1013 1267 Simonem,
1029 1198 1088 1279 qui
1112 1216 1190 1259 cum
1205 1195 1290 1259 Elos
1305 1197 1551 1278 perduellionis
1578 1154 1780 1293 ffifflgh
1798 1157 1834 1249 ’ᾳ
1851 1155 1897 1207 ⁸¹⁸

213 1332 343 1394 poenas
366 1312 471 1385 dedit,
496 1314 683 1396 nonaginta
706 1314 856 1394 quinque
880 1314 924 1374 ab
950 1311 1193 1376 Alexandrino
1219 1313 1414 1395 patriarcha
1444 1314 1549 1383 missi,

214 1448 275 1491 nec
299 1430 431 1511 exiguo
453 1431 564 1509 pretio
587 1449 607 1491 a
629 1428 751 1491 Turcis
771 1438 908 1500 exacto,
929 1438 968 1491 et
990 1430 1034 1490 ab
1061 1428 1242 1491 Abassinis
1264 1438 1457 1511 corrogato,
1489 1448 1550 1490 nu·

213 1554 397 1608 merantur.
422 1542 490 1607 Vel
512 1546 603 1608 enim
627 1545 791 1607 ducentas
817 1554 876 1607 aut
899 1554 1070 1607 trecentas
1097 1544 1170 1606 auri
1201 1564 1328 1626 oqueas
1359 1544 1551 1626 Imperator

213 1662 331 1723 statim
355 1658 457 1724 offert
478 1661 546 1733 vel,
570 1663 598 1723 si
623 1662 837 1724 clandestina
864 1670 916 1724 est
942 1660 1142 1733 trasmissio,
1165 1660 1327 1723 Abunam
1355 1659 1488 1723 Turcae
1515 1659 1549 1721 in

213 1776 353 1839 vincula
368 1776 554 1840 coniiciunt
578 1795 641 1839 nec
664 1778 744 1840 inde
767 1777 865 1840 exire
888 1778 1063 1859 patiuntur
1086 1787 1164 1840 aute
1187 1797 1288 1857 quam
1313 1795 1376 1858 par
1391 1796 1473 1839 suae
1492 1796 1550 1838 cu-

212 1894 350 1976 piditati
373 1892 562 1975 portorium
585 1895 744 1968 exolvat;
767 1894 859 1977 quod
883 1894 917 1956 in
941 1892 1134 1957 Abassinos
1153 1894 1291 1956 tandem
1308 1911 1483 1955 versuram
1499 1890 1550 1953 fa·

213 2020 338 2083 cturos,
355 2019 391 2073 et
414 2010 447 2072 in
472 2009 636 2073 Abunam
659 2011 806 2073 collecta
829 2009 909 2072 hinc
933 2011 1012 2072 inde
1039 2011 1136 2091 stipe,
1165 2010 1327 2071 mulctam
1350 2027 1549 2090 compensa·

212 2138 337 2197 turum,
353 2126 532 2188 redundat.
556 2125 657 2188 Illius
673 2127 856 2188 alimoniae
872 2135 942 2188 tres
966 2123 1062 2188 fundi
1085 2126 1263 2187 censuales
1285 2125 1459 2187 attributi:
1483 2125 1549 2205 pri·

214 2261 289 2304 mus
313 2240 348 2304 in
370 2259 477 2324 regno
492 2241 641 2325 Tigraeo
657 2241 799 2324 triginta
814 2244 870 2305 vel
886 2242 1115 2324 quadraginta
1130 2260 1258 2322 oqueas
1273 2241 1421 2311 solvens,
1438 2241 1550 2303 dictus
1600 2240 1723 2323 ‘Fundi
1762 2243 1897 2305 patrimo·

213 2357 289 2420 Eda
313 2357 451 2430 Abuna,
479 2358 567 2420 idest
594 2357 741 2420 Abunae
767 2377 889 2439 poena,
917 2358 1008 2438 quod
1035 2376 1113 2419 eum
1141 2358 1326 2438 imperator
1352 2355 1550 2418 Theodorus
1577 2314 1667 2363 Μ’
1684 2315 1811 2365 nunnae.
1838 2336 1841 2341 ’

214 2474 362 2537 Abunae
378 2495 398 2536 a
421 2494 459 2537 se
476 2473 599 2537 iniuria
613 2472 747 2547 affecto,
764 2475 912 2536 mulctae
928 2475 1064 2536 nomine
1080 2473 1302 2555 obligaverit3
1326 2474 1495 2535 secundus
1515 2474 1550 2533 in

213 2590 413 2652 Dambaeae
436 2587 562 2652 finibus
588 2591 632 2652 ad
660 2590 885 2652 domesticum
917 2598 1161 2662 commeatum
1192 2588 1312 2651 tertius
1336 2590 1370 2650 in
1405 2585 1551 2652 Goiama

213 2726 319 2788 prope
343 2704 474 2777 Nilum,
497 2725 598 2787 quem
622 2706 690 2768 iam
714 2704 891 2769 Gallarum
907 2714 1122 2788 grassaturae
1139 2704 1294 2767 inutilem
1318 2703 1548 2766 reddiderunt.

213 2821 331 2885 insula
353 2831 531 2902 praeterea
554 2822 589 2884 in
613 2822 697 2884 mari
721 2821 920 2884 Dambaeae
945 2820 1042 2884 iuxta
1065 2820 1137 2882 Nili
1160 2821 1205 2882 ab
1227 2820 1348 2882 eodem
1365 2838 1550 2902 egressum,

213 2938 429 2999 commodior
451 2938 565 2999 animo
590 2938 746 3009 levand0,
774 2957 876 3018 quam
907 2956 1085 2999 crumenae
1116 2934 1387 2998 conferciendae.
1415 2936 1551 2997 Praeci-

212 3073 301 3136 puus
324 3062 440 3116 tamen
465 3052 601 3116 illorum
625 3073 747 3117 census
773 3062 846 3115 erat
874 3055 907 3115 in
939 3052 1023 3115 salis
1052 3052 1201 3115 tessellis
1230 3072 1275 3113 ex
1306 3052 1492 3119 ordinibus,
1517 3061 1550 3113 et

97 3212 103 3223 ·
212 3167 310 3233 *telis
334 3170 526 3251 oppidatim
548 3189 609 3251 per
632 3169 795 3233 ecclesias
817 3169 982 3231 collectis

308 3307 358 3349 11.
383 3284 523 3349 Inscitia
546 3286 626 3348 inde
649 3286 798 3368 perspici
821 3294 945 3367 potest,
969 3286 1062 3366 quod
1086 3286 1129 3347 ad
1153 3304 1212 3347 eos
1235 3284 1341 3346 sellae
1364 3303 1445 3345 suae
1469 3281 1551 3344 insi·
1595 3288 1774 3373 ..Abunamm
1808 3287 1898 3352 impe·

212 3405 334 3466 dentes
358 3402 382 3464 ii
407 3403 592 3485 aliquando
615 3400 834 3474 confluerent,
856 3402 980 3485 quibus
1003 3402 1105 3463 ardor
1128 3410 1201 3463 erat
1227 3401 1387 3482 publicae
1410 3419 1550 3462 exomo·
1579 3372 1651 3410 '¹¹¹⁸'

213 3520 344 3603 legesis
367 3515 562 3591 faciendae;
590 3529 625 3581 et
655 3520 713 3581 ubi
736 3520 804 3581 tria
833 3519 890 3580 vel
920 3528 1065 3600 quatuor
1095 3516 1256 3599 graviora
1285 3524 1427 3597 peccata
1457 3516 1550 3578 evul-

212 3644 365 3717 gassent,
389 3635 513 3697 baculo
537 3635 572 3697 in
595 3635 702 3697 altum
726 3644 839 3697 erecto
863 3633 991 3697 Abuna
1014 3634 1163 3696 dicebat:
1189 3631 1287 3695 Haec
1318 3641 1477 3714 operatus
1501 3651 1549 3702 es,

212 3771 274 3813 nec
299 3750 414 3812 Deum
438 3750 658 3812 extimescis?
681 3769 790 3830 eoque
814 3749 907 3813 illius
926 3759 1025 3832 terga
1041 3758 1092 3811 ter
1114 3758 1173 3811 aut
1193 3758 1313 3829 quater
1336 3747 1550 3810 validissime

211 3867 383 3948 pulsabat.
407 3864 493 3927 Mox
518 3867 561 3928 ad
585 3866 729 3928 lotarios
752 3865 832 3949 (qui,
853 3867 956 3928 sectis
971 3888 990 3928 e
1006 3866 1099 3927 corio
1114 3862 1262 3947 flagellis
1278 3863 1450 3946 ingentem
1467 3871 1550 3925 stre·

211 3985 321 4064 pitum
345 3982 535 4054 edentibus,
560 3993 593 4046 et
617 3983 780 4053 dolorem,
805 3981 863 4044 ubi
886 4002 1010 4064 corpus
1033 3981 1218 4063 tetigerint,
1243 3982 1310 4043 alte
1329 3979 1550 4061 imprimenti-

211 4101 285 4168 bus,
310 4097 559 4179 Imperatorem
582 4108 617 4161 et
640 4117 803 4181 proteges
825 4109 860 4160 et
882 4100 994 4179 ipsum
1011 4098 1175 4159 Abunam
1198 4097 1417 4178 praecedunt)
1442 4096 1572 4185 illum„

212 4215 335 4295 inquit,
360 4213 501 4296 triginta
523 4213 580 4275 vel
603 4214 830 4296 quadraginta
853 4213 1053 4276 verberibus
1076 4212 1298 4276 conscindite.
1327 4211 1475 4281 Dictum,
1500 4209 1550 4273 fa-

211 4340 324 4402 ctum;
349 4329 410 4391 sed
433 4330 478 4391 ad
500 4338 646 4401 sextam,
662 4331 717 4391 vel
741 4331 921 4411 septimam
937 4329 1174 4410 pulsationem,
1191 4329 1400 4391 adstantium
1416 4337 1549 4410 rogatu,

211 4447 409 4509 sistebatur.
433 4443 513 4507 Non
544 4456 623 4508 ante
653 4447 779 4507 multos
810 4464 917 4507 annos
948 4446 1085 4525 quidam
1118 4446 1152 4506 in
1183 4442 1289 4505 simili
1319 4462 1478 4505 consessu
1507 4446 1550 4506 ab
1612 4454 1743 4505 Notabile
1768 4450 1897 4502 inscitiae

211 4562 344 4625 Abuna
367 4561 410 4622 ad
434 4580 550 4623 aurern
576 4558 755 4644 flagitavit,
779 4569 816 4622 ut
838 4580 939 4623 suum
962 4571 1093 4623 secreto
1117 4568 1294 4640 paccatum
1319 4560 1461 4622 audiret.
1486 4557 1549 4622 Cui
1578 4526 1747 4588 ‘mmmm'

211 4677 290 4740 ille:
315 4674 409 4757 Quid
433 4686 601 4738 secretum
625 4675 749 4758 exigis,
777 4695 854 4738 cum
885 4675 951 4738 hoe
982 4686 1160 4758 peccatum
1185 4677 1219 4738 in
1243 4675 1299 4738 die
1330 4675 1446 4738 iudicii
1478 4695 1551 4737 om-

213 4793 306 4855 nium
331 4790 470 4854 auribus
499 4792 543 4854 sit
567 4792 812 4875 ingerendum?
835 4789 970 4854 Certam
995 4792 1053 4852 ille
1077 4793 1180 4853 boum
1204 4810 1371 4853 summam
1395 4811 1415 4852 a
1431 4810 1468 4852 se
1492 4791 1550 4852 ab·

211 4917 326 4970 actam
352 4903 595 4968 manifestavit.
619 4907 753 4970 Aderat
776 4907 914 4969 illorum
937 4908 1112 4978 dominus;
1136 4905 1341 4980 confessum,
1365 4917 1398 4970 et
1429 4908 1550 4969 multo-

210 5041 286 5085 rum
311 5021 452 5083 testium
476 5040 616 5084 numero
639 5022 845 5093 convictum,
869 5023 913 5084 ad
937 5023 1083 5084 iudicem
1107 5019 1229 5093 defert,
1252 5023 1321 5102 qui,
1339 5023 1373 5084 id
1389 5023 1551 5103 supplens

210 5138 303 5220 quod
328 5153 468 5216 semper
489 5154 605 5198 eorum
629 5135 831 5200 confessarii
854 5158 899 5199 ex
920 5138 1133 5219 ignoratione
1157 5146 1190 5199 et
1214 5138 1437 5219 incogitantia
1452 5138 1550 5199 omit·
