4066 6174
635 2168 826 2246 CAPUT
855 2169 1001 2245 XXIX.

146 2460 436 2550 Patriarchae,
455 2460 640 2557 episcopi
658 2470 700 2537 et
717 2471 879 2557 patrum
897 2484 949 2536 ea
967 2470 1214 2558 tempestate
1233 2460 1487 2537 conflictatio

686 2605 727 2670 et
753 2596 948 2691 pericula.

243 2959 271 3001 1.
295 2936 446 3022 Magnus
467 2938 711 3022 Imperatorem
735 2960 789 3003 ex·
803 2940 869 3004 hac
891 2960 1027 3004 suorum
1043 2940 1200 3014 militum,
1217 2960 1284 3002 non
1303 2949 1375 3003 tam
1391 2959 1486 3003 over·
1550 2953 1583 3001 Ρ.
1602 2951 1723 3000 loannes
1744 2949 1835 3000 Patri„

146 3055 246 3115 sione
270 3073 374 3135 quam
398 3056 609 3137 dispersione
644 3056 742 3119 dolor
764 3067 799 3120 et
821 3057 932 3120 acrior
956 3068 1065 3120 metus
1095 3055 1220 3119 invasit
1250 3066 1285 3119 et
1315 3066 1486 3140 retrogra·
1513 3021 1738 3072 aremenommn
1748 3030 1833 3071 ω’

146 3170 230 3232 dum
253 3189 390 3234 cursum
414 3171 534 3255 age*re
557 3173 656 3237 unius
679 3172 747 3236 diei
771 3175 882 3256 spatio
906 3174 1029 3257 coegit,
1053 3192 1153 3255 quem
1177 3173 1206 3234 si
1225 3180 1307 3235 tunc
1322 3173 1484 3235 rusticani

146 3297 264 3350 essent
287 3289 452 3370 aggressi,
476 3298 509 3352 et
533 3290 713 3351 victoriam
736 3298 772 3352 et
795 3289 973 3371 imperium
998 3289 1209 3353 obtinebant.
1232 3284 1302 3351 Sed
1325 3297 1395 3351 tam
1423 3288 1486 3350 im·

146 3422 250 3466 mane
273 3423 393 3467 ausum
415 3413 449 3466 et
472 3406 749 3468 consecutionem
765 3404 858 3469 Deus
874 3404 1062 3487 impedivit.
1079 3402 1136 3466 Ex
1151 3403 1272 3467 castris
1287 3423 1323 3486 p.
1339 3403 1486 3468 Ioannes

145 3519 394 3601 pomeridianis
415 3519 508 3584 horis
531 3521 566 3583 in
590 3522 738 3584 vicinam
763 3519 980 3584 Patriarchae
1003 3520 1142 3582 domum
1166 3520 1313 3592 devenit,
1335 3539 1413 3582 eum
1437 3539 1484 3583 ex

146 3632 371 3715 Imperatoris
394 3654 452 3699 ore
472 3636 669 3708 admonens,
686 3645 723 3699 ut
739 3633 959 3719 Gorgorram,
976 3636 1113 3719 longius
1129 3636 1173 3698 ab
1188 3634 1243 3699 his
1258 3636 1482 3699 turbamentis

146 3750 315 3824 dissitam,
339 3770 442 3833 quam
466 3751 533 3814 iam
556 3753 696 3815 tenebat
718 3753 907 3834 episcopus,
931 3770 968 3815 se
992 3748 1172 3816 conferret.

241 3885 269 3929 2.
294 3867 516 3949 Praeruptam
540 3886 668 3949 rupem,
686 3868 812 3930 dictam
828 3866 946 3929 Amba
961 3866 1117 3940 Mariam,
1134 3865 1352 3931 Patriarchae
1369 3868 1484 3929 domui
1527 3875 1726 3962 'patriarchae
1750 3876 1833 3958 rami

146 3982 193 4045 ad
216 3981 391 4064 zephirum
414 3984 582 4046 obiectam
606 3992 640 4045 et
663 3985 738 4047 solo
761 3981 899 4047 flumine
922 3992 956 4046 et
983 3983 1108 4046 montis
1135 3982 1330 4047 acclivitate
1357 3983 1483 4046 disiun·
1513 3946 1833 4081 ffinffifflw

146 4107 251 4171 ctam,
268 4098 311 4160 de
330 4118 398 4180 qua
421 4098 504 4161 alibi
514 4098 569 4183 (1),
588 4098 728 4182 Regina
744 4118 820 4162 cum
837 4099 969 4182 ingenti
985 4108 1146 4182 nepotum
1162 4108 1196 4162 et
1212 4098 1413 4163 ancillarum
1428 4117 1483 4160 ca·

146 4224 245 4277 torva
268 4214 439 4277 insidebat
469 4223 504 4276 et
526 4215 680 4296 optabat,
703 4224 740 4277 ut
763 4214 962 4279 Patriarcha
996 4234 1033 4278 se
1057 4232 1096 4276 ac
1119 4233 1200 4277 suos
1222 4215 1257 4276 in
1282 4232 1358 4277 eam
1389 4214 1481 4276 inve·
1513 4266 1520 4291 ,

145 4329 255 4401 heret,
278 4330 438 4392 tutiorem
461 4349 497 4393 se
521 4329 615 4392 illius
637 4332 802 4394 societate
818 4328 965 4393 futuram
981 4331 1193 4394 existimans.
1210 4327 1280 4393 Sed
1297 4329 1391 4392 illam
1409 4330 1482 4411 ipse

146 4445 262 4528 rogari
285 4445 394 4515 iussit,
418 4464 486 4507 nun
510 4445 626 4527 aliqua
649 4464 743 4509 arma
766 4456 800 4509 et
825 4447 950 4509 milites
972 4447 1114 4509 haberet
1137 4446 1182 4507 ab
1207 4444 1416 4526 Imperatore
1439 4448 1483 4508 ad

146 4560 200 4623 sui
222 4560 413 4623 custodiam
436 4560 635 4642 destinatos,
660 4581 804 4642 cumque
828 4561 889 4624 illa
922 4571 1073 4645 negaret,
1105 4560 1322 4633 renuntiavit,
1353 4579 1390 4624 se
1420 4579 1487 4624 non

147 4692 338 4756 corporum,
363 4676 424 4739 sed
447 4677 635 4739 animarum
664 4678 785 4740 ducem
816 4696 901 4749 esse,
933 4697 996 4741 nec
1023 4678 1067 4740 ad
1097 4677 1236 4739 domum
1268 4677 1398 4760 regiam
1422 4677 1480 4738 de·

147 4787 356 4853 fendendam
379 4790 558 4856 sufficienti
582 4802 763 4865 armatura,
788 4794 844 4855 vel
875 4793 1073 4856 domesticis
1104 4793 1312 4854 instructum.
1346 4788 1483 4853 Certum

145 4926 232 4979 esse,
257 4907 287 4970 si
310 4907 393 4989 quid
415 4906 532 4971 hostes
562 4909 857 4991 progrederentur,
888 4927 965 4971 cum
996 4927 1097 4990 rupes
1129 4906 1190 4969 illa
1220 4916 1309 4970 esset
1341 4907 1376 4968 in
1406 4924 1483 4987 pro-

235 5154 361 5224 (1)Sup.
381 5171 439 5221 esp.
458 5170 483 5220 4,
503 5173 528 5209 n,
548 5167 572 5219 3.

227 5277 255 5320 C.
271 5277 383 5320 Bromi.
397 5278 453 5320 Rer.
468 5278 536 5320 Aah.
550 5278 644 5332 Script-
658 5293 703 5321 occ.
719 5280 785 5322 s'ued.
803 5303 823 5309 -
843 5278 907 5322 v111.
