4066 6174
599 652 714 702 LIBER
738 652 776 709 11,
801 649 926 700 CAPUT
950 650 1076 700 XXXV.
1435 662 1497 721 393

170 810 202 864 et
224 801 374 863 ministri
398 818 473 862 curn
496 800 600 863 variis
623 798 812 863 communis
838 808 873 862 et
903 798 1031 882 regalis
1054 801 1171 862 mundi
1203 802 1411 885 insignibus:
1442 802 1499 864 hic

170 916 388 987 chlamidem,
423 915 482 978 ille
507 916 670 999 gladium,
701 916 789 980 alius
819 934 990 989 coronam,
1023 918 1168 1000 galeam,
1200 918 1386 1000 cingulum,
1425 919 1498 981 bal·

169 1032 296 1103 theum,
328 1032 461 1095 hastam
485 1040 520 1094 et
539 1032 697 1114 clypeum
713 1033 864 1114 gerebat,
881 1051 988 1113 eaque
1005 1034 1093 1096 inter
1108 1053 1144 1095 se
1167 1042 1201 1096 et
1216 1052 1293 1095 cum
1309 1032 1387 1097 aliis
1398 1033 1499 1097 vicis·

169 1150 234 1212 sim
257 1149 445 1219 mutabant,
469 1158 503 1211 et
525 1149 681 1211 videntes
704 1148 867 1212 luctuosis
887 1149 1042 1232 gestibus
1057 1151 1101 1213 ad
1117 1149 1287 1231 lacrymas
1303 1159 1337 1212 et
1353 1150 1500 1231 suspiria

170 1264 420 1345 provocabant:
444 1264 478 1326 in
500 1263 589 1326 hunc
604 1260 705 1326 finem
721 1263 862 1346 Regina
885 1264 990 1348 longo
1010 1265 1173 1347 temporis
1189 1266 1300 1346 spatio
1316 1266 1428 1347 capite
1444 1285 1500 1327 co·

170 1398 290 1442 ronam
302 1380 458 1462 gestavit.
476 1377 554 1442 Hac
564 1397 693 1462 pompa
707 1380 743 1441 in
758 1379 924 1443 tumulum
936 1381 1101 1443 deductus
1114 1378 1177 1443 fuit
1189 1378 1308 1444 Seltan
1321 1378 1500 1464 Seguedus

170 1492 339 1567 Socinios,
363 1495 497 1558 nemine
523 1514 561 1557 se
591 1495 625 1557 in
656 1495 865 1567 comitatum,
893 1496 950 1559 vel
979 1496 1182 1578 pedestrem,
1214 1496 1270 1559 vel
1297 1506 1499 1577 equestrem,

171 1630 239 1673 non
255 1610 443 1693 ingerente.
460 1609 608 1694 Regina,
624 1608 715 1674 filiae
730 1621 765 1674 et
780 1630 900 1674 omnes
922 1610 1092 1675 foeminae
1104 1612 1284 1694 primariae
1296 1632 1363 1674 non
1379 1613 1501 1693 passis,
1554 1662 1562 1674 .

170 1728 231 1790 sed
254 1726 384 1790 abrasis
406 1725 556 1790 crinibus
577 1737 612 1791 et
634 1728 752 1790 instita
767 1729 913 1792 candida
935 1728 1125 1791 latitudinis
1148 1728 1292 1790 duorum
1315 1727 1500 1810 digitorum

172 1840 318 1906 afronte
341 1843 385 1906 ad
408 1840 605 1925 occipitium
628 1841 770 1906 fimbriis
792 1853 884 1906 retro
906 1843 1142 1925 pendentibus,
1160 1843 1316 1906 mulabus
1332 1843 1501 1906 veheban-

172 1966 234 2022 tur.
258 1957 390 2023 Omnes
412 1957 512 2023 atrati
534 1958 773 2040 procedebant,
796 1960 857 2023 sed
881 1960 923 2022 iis
947 1961 1052 2021 vestis
1086 1961 1229 2042 quaevis
1264 1960 1378 2022 attrita
1405 1959 1503 2039 pulla

172 2086 233 2148 est,
257 2076 316 2157 qui
339 2085 452 2138 tamen
475 2094 643 2138 summum
666 2093 854 2137 moerorem
877 2076 1020 2157 prodere
1043 2075 1174 2148 volunt,
1197 2076 1290 2138 corio
1317 2076 1371 2137 vel
1404 2077 1502 2158 nigro

172 2190 327 2273 quolibet
349 2209 463 2273 panno
487 2191 701 2273 obteguntur.
727 2190 831 2253 Nulla
854 2190 910 2253 hic
934 2189 1074 2262 funalia,
1095 2191 1152 2253 vel
1168 2191 1274 2252 ullum
1290 2208 1336 2253 ex
1352 2208 1431 2253 cera
1446 2191 1502 2252 vel

173 2306 249 2370 oleo
273 2309 398 2380 lumen,
426 2326 489 2369 nec
519 2308 553 2370 in
584 2306 713 2388 templo
743 2307 928 2390 quidquam
961 2316 1096 2387 praeter
1126 2306 1314 2388 indigestus
1344 2305 1501 2368 ululatus.

174 2422 245 2486 Sex
268 2430 400 2486 tantum
423 2424 479 2485 vel
502 2432 633 2505 septem
657 2423 814 2486 monachi
838 2423 988 2505 psalmos
1010 2422 1187 2486 davidicos
1209 2422 1252 2485 ad
1281 2421 1400 2503 templi
1416 2422 1504 2484 ostia

174 2539 426 2622 praelegebant.

267 2675 317 2718 11.
340 2652 504 2736 Sequenti
527 2655 582 2718 die
606 2673 725 2718 omnes
747 2655 957 2718 Dancazium
979 2664 1058 2718 sunt
1082 2655 1218 2727 reversi,
1243 2656 1278 2716 in
1301 2655 1395 2716 cuius
1426 2672 1505 2716 con·
1567 2658 1641 2709 Novi
1669 2657 1849 2722 imperatoris

174 2780 329 2853 spectum
364 2772 423 2834 ubi
457 2791 493 2834 se
527 2771 663 2843 dedere,
697 2790 824 2854 pompa
857 2771 976 2834 eodem
1012 2771 1131 2834 ordine
1153 2790 1221 2853 quo
1243 2771 1353 2852 pridie
1379 2780 1432 2832 est
1456 2767 1506 2830 in·
1532 2729 1706 2782 mamutio.

175 2896 334 2951 staurata.
358 2884 509 2969 Capulus
530 2906 659 2949 vacuus
680 2888 897 2968 procedebat,
921 2906 1027 2969 prope
1051 2888 1160 2969 ipsum
1176 2888 1323 2970 quidam,
1349 2886 1506 2966 imperia·

176 3002 266 3066 libus
288 3003 443 3065 vestibus
466 3003 610 3066 amictus
633 3011 668 3064 et
691 3012 879 3073 coronatus,
903 3000 1057 3065 defuncti
1081 3003 1172 3065 mula
1198 3003 1261 3064 sub
1275 3003 1384 3064 serica
1399 3001 1507 3082 ipsius

177 3117 336 3189 umbella,
361 3120 454 3182 acsi
478 3119 568 3181 idem
592 3131 693 3192 esset,
716 3116 897 3182 ferebatur.
921 3118 1017 3181 Ante
1040 3120 1151 3200 ipsum
1175 3119 1313 3198 quidam
1336 3116 1425 3180 alius
1448 3136 1507 3197 op·

176 3235 261 3297 timo
284 3234 391 3316 ipsius
414 3253 502 3316 equo
525 3232 664 3318 regifice
687 3237 839 3307 instrato,
871 3235 1023 3297 eiusdem
1053 3234 1154 3318 galea
1184 3242 1218 3296 et
1237 3233 1335 3297 hasta
1358 3239 1508 3295 armatus

177 3349 361 3413 visebatur.
385 3349 480 3413 Ante
503 3351 712 3414 Dancazium
743 3371 806 3414 sex
829 3350 886 3413 vel
908 3359 1037 3432 septem
1069 3348 1234 3413 mi*litum
1258 3349 1415 3411 cohortes
1448 3368 1508 3409 cx·

178 3465 360 3538 cubabant,
385 3484 472 3546 quae
494 3466 572 3529 huic
595 3486 740 3549 pompae
764 3467 901 3529 obviarn
925 3474 1152 3537 occurrerunt,
1175 3466 1300 3527 mutuis
1323 3464 1402 3526 hinc
1429 3464 1509 3526 inde

179 3582 387 3645 clamoribus
408 3583 660 3663 complorantes
684 3592 718 3645 et
741 3582 862 3644 eodem
885 3582 1003 3643 ordine
1027 3580 1125 3644 aulae
1147 3579 1354 3641 vestibulum
1370 3588 1405 3641 et
1421 3580 1510 3643 inter

180 3709 335 3761 caeteros
357 3698 425 3760 duo
448 3707 562 3780 patres
591 3707 780 3761 tenuerunt.
811 3696 888 3759 Illic
919 3697 1018 3778 equis
1049 3705 1084 3759 et
1115 3696 1215 3758 mulis
1244 3695 1442 3758 desilierunt
1475 3706 1510 3757 et

149 3815 356 3895 ‚graviores
379 3814 414 3875 in
438 3831 599 3897 magnum
622 3814 814 3883 tentorium,
843 3813 878 3874 in
908 3830 978 3894 quo
1011 3830 1119 3874 novus
1150 3810 1404 3873 Rex.sedebat
1433 3829 1509 3872 cum

180 3928 311 4012 paucis,
334 3929 393 4011 qui
417 3948 493 3991 cum
521 3948 562 3990 eo
593 3939 796 3999 manserant,
828 3937 906 3990 sunt
937 3926 1083 4009 ingressi
1111 3926 1170 3988 ubi
1194 3926 1321 3988 luctum
1353 3925 1397 3987 ad
1427 3925 1511 3987 duas

180 4045 283 4109 horas
307 4046 442 4129 magnis
458 4044 675 4128 clangoribus
691 4052 941 4125 protraxerunt.
959 4042 1078 4105 Patres
1094 4042 1230 4105 interim
1246 4061 1327 4104 suae
1342 4060 1379 4103 se
1395 4040 1511 4102 domui

181 4161 370 4233 credentes,
394 4162 486 4224 luctu
510 4161 676 4232 absolute,
701 4161 781 4222 novi
809 4159 921 4242 Regis
952 4177 1090 4221 manum
1119 4166 1198 4221 sunt
1229 4156 1373 4219 osculati
1395 4164 1431 4217 et
1454 4155 1511 4218 de·

180 4275 264 4340 bitis
286 4275 416 4340 doloris
438 4274 745 4359 significationibus
767 4294 829 4357 pro
853 4274 1003 4357 parentis
1025 4283 1135 4337 morte
1158 4272 1267 4343 editis,
1296 4271 1348 4334 illi
1380 4270 1512 4351 imperii

182 4391 431 4455 successionem
467 4403 543 4455 sunt
577 4391 739 4474 gratulati
773 4402 806 4454 et
840 4388 954 4454 fausta
988 4390 1103 4451 omnia
1137 4389 1171 4450 in
1205 4384 1354 4450 futurum
1386 4405 1406 4448 a
1438 4385 1513 4448 Deo

183 4509 401 4589 comprecati.

266 5339 293 5382 C.
308 5338 415 5382 Buccm.
430 5340 488 5382 Rer,
501 5336 570 5378 Aeta.
585 5336 668 5387 Serr'pt
690 5348 734 5375 occ.
751 5335 817 5377 r'ned.
831 5357 855 5366 -
871 5333 937 5375 VIII.
