4058 6178
514 516 572 589 136
847 523 1118 574 EXPEDITIONIS
1140 523 1402 573 AETHIOPICAE
1426 524 1508 575 ETC.

508 692 611 753 quam
633 673 721 736 alter
743 672 963 736 Abrahamus
987 675 1042 734 vel
1065 671 1193 735 Tobias
1216 691 1304 753 pene
1327 691 1449 735 coecus
1475 691 1558 754 prae
1578 674 1685 744 sanic,
1702 674 1843 752 excepit

508 788 703 852 Ludovicus
726 788 938 862 Machiadus,
962 798 1062 851 natus
1081 787 1266 851 Francisco
1281 786 1465 850 Machiado
1484 788 1757 859 conimbricensi‚
1782 789 1843 868 qui

508 908 591 970 olim
614 906 777 970 Andreae
808 906 1023 988 patriarchae
1045 925 1161 968 comes
1183 904 1396 968 adhaeserat.
1424 902 1591 986 Quartam
1621 905 1783 969 duximus
1806 906 1842 967 in

508 1023 636 1105 oppido
659 1022 850 1093 Adecorro,
874 1020 1095 1084 Fremonensi
1119 1019 1325 1083 residentiae
1348 1021 1523 1083 attributo.
1548 1020 1588 1083 In
1611 1039 1713 1101 quam
1741 1030 1776 1083 et
1804 1021 1840 1081 in

509 1138 670 1202 Andreae
693 1137 906 1220 patriarchae
929 1136 1167 1207 conditorium,
1185 1138 1275 1200 mole
1291 1156 1435 1219 parvum
1451 1139 1512 1200 sed
1527 1136 1712 1200 virtutibus
1731 1136 1841 1218 incly-

508 1264 590 1327 tum,
615 1274 677 1317 nos
700 1273 846 1335 sequens
869 1254 952 1325 dies,
976 1272 1064 1335 quae
1087 1265 1160 1315 erat
1177 1253 1261 1316 iunii
1285 1254 1453 1334 vigesima
1468 1254 1591 1334 prima,
1607 1253 1743 1316 induxit
1770 1252 1841 1314 Hic

509 1370 633 1451 longae
655 1371 733 1432 viae
756 1370 863 1449 quies,
886 1369 970 1431 haec
994 1378 1086 1430 meta
1109 1369 1275 1439 laborum,
1292 1368 1336 1430 de
1355 1387 1423 1449 qua
1445 1376 1526 1430 tunc
1553 1368 1598 1430 ad
1621 1369 1732 1430 socios
1759 1368 1840 1430 lusi-

508 1495 607 1548 tanos
629 1487 678 1547 sic
702 1484 908 1565 scripsimus.

198 1607 362 1657 crustulum
377 1606 482 1670 episto·
600 1621 627 1679 3.
652 1599 879 1684 Exploratum
902 1598 994 1662 nobis
1015 1604 1068 1662 est
1083 1598 1249 1683 pericula,
1274 1599 1422 1662 rnediom
1445 1603 1479 1662 et
1498 1598 1581 1672 moa,
1604 1618 1704 1682 qnam
1733 1618 1841 1661 exan-

160 1678 206 1728 ¹⁸⁸
224 1679 410 1728 Patriarchre.
509 1715 703 1789 tlilaoirnus,
725 1712 951 1799 difficultates,
975 1715 1166 1779 reverendis
1189 1715 1367 1778 admodum
1393 1714 1561 1777 Patribus
1589 1718 1624 1777 et
1646 1712 1779 1776 dilectis
1800 1714 1841 1775 in

510 1829 644 1894 Christo
666 1829 851 1893 Fratribus
873 1828 1101 1894 Conimbricae
1123 1835 1222 1914 atque
1244 1831 1374 1895 Eborac
1402 1829 1682 1893 commorantibus
1705 1828 1843 1913 (quibus

508 1947 545 2009 in
569 1945 720 2031 collegiis
741 1945 835 2008 nobr's
849 1942 931 2031 fuit
947 1952 1013 2030 per
1041 1966 1148 2009 annos
1179 1946 1326 2033 triginta
1356 1943 1581 2028 domicilium)
1613 1945 1761 2030 amplius
1785 1945 1841 2007 iri·

507 2059 616 2124 mdioe
632 2060 822 2145 parituras,
847 2081 946 2145 quam
976 2062 1094 2125 satiem
1125 2066 1158 2125 et
1187 2062 1330 2145 qui'etem
1361 2082 1426 2145 qua
1456 2082 1575 2124 summ
1596 2061 1634 2124 in
1656 2059 1841 2144 Aethiopia

501 2175 699 2263 perfruiti:
721 2181 757 2239 et
779 2177 886 2239 multo
913 2177 1072 2241 maiorem
1099 2176 1300 2248 subituram,
1330 2177 1366 2240 si
1387 2177 1615 2262 experimento
1643 2176 1844 2239 didicissent

506 2313 586 2376 quos
617 2292 853 2377 spiritualium
886 2292 1149 2356 consolationum
1179 2293 1320 2379 congios,
1351 2293 1443 2356 inter
1473 2313 1658 2356 arenarum
1679 2291 1841 2363 cumulos,

505 2413 617 2470 caules
638 2413 672 2470 et
692 2407 835 2491 spineta,
847 2408 944 2471 Deus
967 2409 1133 2494 i'noergat,
1149 2412 1183 2472 et
1196 2414 1358 2492 quantam
1373 2408 1571 2473 oblioioucm
1586 2408 1840 2477 mercationum,

506 2524 747 2587 amoenitatum
769 2528 803 2587 et
824 2520 1001 2587 dubiorum
1023 2523 1227 2588 Lusitaniae
1240 2546 1435 2589 mensarum
1450 2525 1600 2588 coelestes
1615 2525 1677 2588 bac
1686 2523 1842 2608 potiones

506 2637 681 2702 adducant.
718 2638 849 2720 Quibus
878 2640 947 2702 inei
965 2639 1104 2711 sodales,
1135 2661 1170 2702 se
1200 2640 1377 2703 minimam
1407 2660 1525 2703 earum
1547 2639 1759 2723 voluptatum
1781 2638 1840 2703 *in
1870 2649 1893 2699 r.
1912 2646 1983 2707 sup.

505 2775 637 2817 namma
659 2760 802 2841 egestate
823 2760 858 2818 et
879 2754 1120 2841 afflictionibus
1142 2755 1355 2826 locustarum,
1375 2760 1511 2841 guttam
1531 2775 1739 2840 nequaquam
1757 2760 1839 2838 per·

506 2875 706 2941 mutaturos,
729 2875 921 2934 constanter
943 2871 1144 2935 asserebant.
1170 2871 1265 2953 Quae
1287 2870 1454 2934 sententia
1476 2892 1545 2934 non
1563 2872 1649 2935 solos
1661 2875 1777 2956 patres
1800 2892 1840 2937 ac

498 2984 639 3072 fratres
660 2986 762 3049 socios
784 2986 921 3056 tenebat,
945 2987 1005 3050 sed
1024 2992 1057 3049 et
1078 2987 1301 3050 adolescentes
1318 2991 1543 3061 assectatores,
1558 2987 1710 3072 quamuis
1723 3007 1839 3051 corum

505 3102 620 3187 aliqui
638 3103 676 3165 in
682 3103 782 3166 firma
805 3107 914 3165 essent
934 3100 1135 3172 ualetudine,
1151 3102 1237 3165 etin
1252 3101 1377 3164 Indiae
1391 3101 1607 3187 collegiorum
1630 3101 1838 3175 seminariis,

504 3238 578 3281 oiim
608 3218 657 3281 ibi
683 3223 794 3282 essent
816 3223 1050 3302 praecentores
1073 3218 1175 3292 laute,
1205 3217 1262 3280 ool
1289 3216 1327 3279 iri
1358 3218 1526 3280 maternis
1555 3218 1711 3283 domibus.
1744 3216 1840 3285 i'riter

504 3354 617 3396 onines
638 3333 793 3417 cupedias
812 3333 997 3419 genialiter
1018 3333 1161 3396 educati.
1184 3333 1217 3394 S
1217 3332 1246 3394 ic
1272 3332 1364 3395 enim
1393 3332 1480 3395 diem
1511 3333 1657 3396 solidum
1680 3330 1782 3419 fame
1803 3338 1841 3397 et

503 3448 568 3511 siti
586 3449 701 3519 enecti
725 3449 785 3511 sed
811 3448 944 3511 laetitio
969 3446 1112 3535 perfusi
1133 3455 1198 3534 per
1228 3469 1352 3512 saxosa
1382 3447 1512 3511 itinera
1542 3452 1622 3511 mna
1649 3447 1723 3511 orsu
1745 3468 1840 3513 nunc

505 3563 731 3627 recordatione
753 3561 932 3650 deformia,
951 3563 1107 3647 pedestri
1121 3564 1236 3650 gradu
1262 3561 1460 3637 incedebant,
1479 3564 1636 3627 utillum
1651 3563 1739 3627 milei
1751 3583 1839 3631 moe·

503 3698 612 3742 rorem
635 3683 870 3764 expungerent
889 3699 952 3763 quo
975 3699 1042 3742 non
1066 3679 1280 3743 mediocriter
1299 3678 1431 3752 urebar,
1455 3678 1535 3741 dum
1558 3679 1637 3742 illas
1662 3679 1742 3742 adeo
1764 3699 1838 3741 nio·

502 3798 628 3857 ceratos
650 3794 903 3878 contemplabar,
926 3797 967 3857 ut
987 3796 1102 3858 uereri
1111 3801 1242 3879 possem
1258 3816 1300 3858 nc
1314 3793 1469 3868 dicerent,
1485 3794 1616 3858 sibime
1641 3793 1840 3878 imposuisse

502 3914 535 3973 ct
556 3914 788 3973 aeramentum
806 3916 872 3994 pro
895 3930 979 3973 auro
1000 3910 1183 3974 urbioci'sse.
1207 3908 1280 3974 Sed
1298 3910 1369 3994 ipsi
1384 3931 1435 3974 me
1449 3906 1631 3995 insalsum
1645 3909 1839 3995 opinionem

501 4024 599 4088 trudi
617 4023 895 4089 demonstrabant
914 4032 949 4089 et
975 4048 1011 4089 se
1040 4027 1210 4111 ampliora
1236 4026 1415 4112 promissis
1443 4025 1608 4111 colligere,
1638 4031 1674 4089 et
1697 4045 1840 4111 grossus

501 4141 671 4205 eeleritate
692 4147 727 4205 et
746 4143 862 4205 uultus
883 4142 1060 4207 hilaritate
1082 4142 1341 4227 comprobabant.

192 4269 247 4335 Qui
277 4285 294 4319 a
324 4272 383 4321 Deo
410 4286 476 4334 por·
591 4278 622 4334 4.
648 4257 717 4319 Hic
739 4278 799 4319 nos
820 4258 949 4341 optima
972 4279 1086 4321 rerum
1109 4257 1277 4344 magistra
1302 4255 1517 4343 experientia
1547 4257 1678 4320 edocuit
1704 4261 1840 4340 quanta

155 4341 474 4464 ffirmiediioenilbooem
501 4376 635 4436 nostrae
657 4377 803 4435 naturae
825 4373 872 4435 sit
888 4375 1042 4457 potentio
1073 4374 1169 4458 (licet
1197 4373 1306 4459 ipsam
1332 4374 1534 4459 plerumque
1561 4372 1754 4439 imbecillem
1777 4393 1838 4435 no·

501 4487 694 4570 menemus),
709 4488 744 4551 si
756 4488 851 4551 Deus
865 4493 1044 4574 utramque
1058 4491 1133 4553 oi'ae
1144 4491 1310 4575 paginam
1320 4489 1502 4576 soccoth).
1519 4489 1593 4572 Qui
1603 4489 1697 4552 enim
1711 4488 1749 4552 iri
1765 4487 1840 4552 Lu·

499 4602 630 4666 sitarcia
655 4604 716 4666 ozor
746 4624 853 4666 urium
885 4603 1044 4679 milliore,
1075 4610 1138 4668 aut
1166 4604 1265 4667 i'llius
1282 4603 1475 4676 dimidium,
1502 4603 1643 4688 pedibus
1672 4611 1841 4689 superare

499 4718 688 4782 valebamus
710 4724 744 4783 et
764 4720 836 4804 ipso
859 4720 994 4784 itineris
1009 4725 1142 4805 aspectu
1158 4720 1387 4784 exanimaridi
1399 4718 1620 4790 censebamur,
1636 4725 1740 4803 super
1759 4720 1840 4785 alas

499 4834 693 4916 aquilarum
716 4835 849 4905 elevati,
872 4835 920 4897 sic
941 4841 1059 4899 contra
1073 4836 1187 4899 omnia
1203 4835 1364 4899 terricula
1374 4834 1491 4922 sortes
1505 4834 1672 4897 conmotus
1687 4840 1730 4898 ut
1742 4835 1846 4901 milli

499 4949 588 5012 niolo
611 4947 805 5024 cederemus,
826 4950 888 5013 sed
906 4956 1023 5014 contra
1046 4952 1261 5015 audentiores
1282 4951 1562 5015 contenderemus.
1587 4949 1687 5013 Mitti
1700 4952 1761 5034 (ut
1783 4952 1842 5015 iri·

587 5082 625 5149 (1)
645 5084 737 5141 Exod„
761 5096 800 5151 19,
818 5098 879 5147 n,4
