4058 6178
546 591 607 634 212
878 584 1153 635 EXPEDITIONIS
1177 584 1437 636 AETHIOPICAE
1461 585 1542 636 ETC.

542 731 755 805 necessitate,
778 733 978 814 pabulatum
1002 742 1037 797 et
1059 730 1303 795 frumentatum
1323 742 1402 796 sunt
1417 732 1572 815 dispersi.
1590 730 1723 805 Gallae,
1738 752 1871 796 suarum

541 846 739 911 technarum
763 848 1026 930 haudquaquam
1051 847 1212 912 obliviosi
1234 858 1268 911 et
1290 850 1335 911 ab
1358 849 1638 930 exploratoribus
1661 848 1704 911 de
1728 848 1873 911 militum

541 962 692 1026 abitione
715 964 890 1036 admoniti,
916 961 1065 1027 frontem
1088 965 1133 1027 ad
1156 964 1274 1027 Nilum
1299 973 1480 1038 vertentes,
1505 975 1541 1029 et
1563 966 1654 1028 vado
1685 974 1785 1028 noctu
1807 975 1874 1026 tra·

541 1081 640 1151 iecto,
664 1080 850 1143 maioribus
872 1080 982 1161 copiis
1004 1098 1186 1163 proregem
1209 1089 1288 1144 sunt
1311 1081 1433 1154 adorti,
1453 1081 1596 1144 dimisso
1612 1081 1752 1144 levioris
1767 1100 1874 1143 arma·

541 1204 637 1257 turae
661 1196 847 1277 manipulo,
871 1197 929 1277 qui
953 1194 1030 1258 Ras
1052 1196 1213 1259 cohortes
1243 1194 1430 1270 distineret,
1462 1217 1504 1260 ne
1536 1198 1672 1280 protegi
1702 1198 1873 1278 suppetias

541 1310 590 1373 ire
613 1319 761 1393 possent.

230 1434 404 1497 Protegi-
439 1434 513 1485 enri-
631 1447 659 1505 3.
685 1427 787 1490 Illum
811 1429 1001 1510 octingenti
1023 1428 1080 1491 vel
1111 1429 1242 1491 milleni
1266 1428 1311 1490 ad
1333 1447 1505 1491 summurn
1527 1430 1661 1510 pedites
1683 1438 1718 1491 et
1741 1429 1872 1491 ducenti

193 1505 512 1642 qqpppmqqopellum
542 1544 676 1625 equites
699 1545 957 1617 comitabantur,
970 1554 1005 1607 et
1028 1564 1106 1606 cum
1129 1562 1171 1607 ea
1194 1545 1250 1606 die
1273 1545 1318 1607 ab
1340 1563 1383 1606 eo
1406 1545 1483 1607 loco
1499 1545 1533 1606 in
1549 1546 1700 1607 vicinum
1717 1545 1873 1607 tutiorem

542 1659 700 1721 secedere
724 1661 966 1732 constituisset,
991 1669 1025 1723 et
1047 1659 1163 1723 hostes
1186 1660 1371 1722 adventare
1394 1660 1438 1722 ab
1461 1660 1736 1741 exploratoribus
1751 1661 1873 1722 audiis-

542 1784 603 1847 set,
627 1774 889 1858 haudquaquam
921 1776 1067 1840 credidit
1096 1785 1187 1838 totas
1217 1775 1355 1838 illorum
1378 1795 1453 1839 esse
1477 1775 1605 1857 copias,
1627 1776 1780 1838 omnium
1802 1777 1874 1857 opi·

542 1889 644 1953 nione
667 1891 702 1951 in
723 1889 892 1953 Naraeam
908 1891 1090 1974 digressas,
1106 1892 1167 1953 sed
1182 1890 1346 1974 exiguam
1363 1892 1513 1971 aliquam
1529 1893 1672 1954 velitum
1688 1891 1871 1954 cohortem.

540 2007 673 2068 Audito
696 2025 794 2069 sacro
818 2014 853 2069 et
876 2008 990 2069 animo
1013 2004 1227 2069 confessione
1250 2015 1443 2090 repurgato,
1466 2025 1504 2069 se
1527 2006 1646 2069 divina
1660 2004 1873 2069 Eucharistia

541 2142 617 2183 cum
641 2131 714 2184 toto
738 2120 959 2186 familiarium
984 2123 1054 2204 (qui
1078 2122 1121 2184 ad
1144 2122 1216 2185 heri
1240 2123 1439 2207 exemplum
1462 2123 1607 2204 spectati
1634 2132 1731 2184 erant
1761 2122 1872 2184 catho-

542 2238 612 2321 lici)
636 2239 741 2321 globo
764 2239 970 2319 praemuniit
986 2248 1021 2301 et
1037 2240 1115 2301 viae
1130 2239 1311 2302 commisit.
1328 2239 1500 2301 Adeunda
1515 2235 1580 2301 fuit
1595 2239 1758 2320 planities
1772 2240 1872 2320 longa

541 2365 574 2417 et
598 2355 668 2417 lata
690 2364 724 2416 et
754 2374 917 2436 equorum
948 2355 1096 2438 ungulis
1128 2364 1268 2436 propter
1298 2357 1445 2417 latentes
1473 2355 1537 2417 sub
1560 2355 1668 2417 herba
1690 2355 1870 2425 cuniculos,

541 2471 714 2533 insidiosa.
739 2466 844 2532 Cuius
867 2470 1015 2532 medium
1039 2490 1117 2533 cum
1139 2473 1313 2543 tenuisset,
1338 2470 1460 2533 obvios
1482 2470 1601 2535 habuit
1631 2471 1766 2552 aliquos
1793 2468 1872 2534 Gal·
1896 2482 1969 2531 troo.

541 2586 650 2647 larum
675 2586 878 2667 manipulos,
902 2588 945 2649 ad
968 2604 1111 2670 quorum
1134 2586 1373 2667 cons*peetum
1397 2606 1478 2650 suos
1494 2585 1529 2649 in
1546 2587 1700 2651 ordinem
1720 2587 1871 2669 digessit,

542 2702 700 2764 laudibus
723 2703 854 2765 alacres
877 2703 1034 2764 excitans
1064 2714 1097 2764 et
1124 2704 1345 2765 meticulosos
1372 2703 1496 2775 verbis,
1529 2712 1564 2765 et
1594 2701 1729 2784 aliquos
1758 2699 1871 2784 fugam

542 2829 747 2898 apparantes
776 2828 878 2880 conto
908 2820 1152 2900 perstringens,
1183 2828 1217 2881 et
1247 2820 1377 2900 impetu
1401 2819 1436 2880 in
1458 2817 1576 2881 hostes
1606 2815 1711 2890 facto,
1739 2817 1871 2879 illorum

542 2935 650 2995 aciem
674 2930 837 3016 perfregit
862 2944 895 2995 et
918 2935 1033 3018 plures
1056 2933 1255 3008 trucidavit;
1289 2936 1398 3015 iisque
1425 2953 1462 2997 se
1494 2934 1694 3016 expeditum
1725 2933 1870 3001 intuitus,

541 3049 666 3111 bellica
689 3059 854 3130 tympana
876 3047 986 3119 inflari
1010 3050 1118 3122 iussit,
1141 3059 1177 3112 et
1199 3049 1290 3115 viam
1315 3051 1456 3121 ulterius
1478 3049 1660 3132 protraxit.

230 3177 428 3235 ereremum
449 3188 514 3224 eva·
632 3186 662 3243 4.
686 3162 818 3236 Gallae,
831 3167 890 3246 qui
913 3166 1030 3246 plures
1052 3174 1149 3229 erant
1172 3176 1207 3228 et
1230 3165 1354 3231 vicinis
1376 3167 1512 3249 oppidis
1534 3163 1633 3229 effusi
1650 3164 1696 3226 ad
1711 3164 1871 3247 praedan-

195 3247 381 3368 ffimw
405 3246 515 3296 “m“
542 3281 624 3345 dum
646 3280 859 3365 palabantur,
876 3301 918 3343 eo
933 3282 1046 3345 sonitu
1062 3282 1097 3344 in
1112 3301 1215 3345 unum
1232 3280 1379 3355 collecti,
1403 3283 1567 3365 exiguam
1589 3282 1745 3363 protegis
1767 3278 1871 3341 aciem

542 3396 692 3459 cinxere.
715 3395 761 3460 Se
785 3399 844 3459 ille
868 3398 1039 3479 perditum
1063 3398 1263 3479 expendens
1278 3407 1316 3459 ut
1339 3395 1485 3461 infracto
1508 3405 1580 3460 erat
1603 3397 1718 3459 animo
1734 3394 1870 3459 lectissi-

542 3532 635 3575 mum
652 3533 820 3595 quemque
836 3532 973 3579 suorum
998 3513 1208 3585 adhortatus,
1225 3510 1359 3579 sortiter
1375 3514 1410 3575 in
1425 3513 1603 3576 dexteram
1619 3512 1770 3585 bostium
1785 3510 1871 3573 alam

542 3629 706 3700 incubuit,
731 3649 837 3713 eaque
860 3628 1044 3691 multorum
1068 3631 1231 3692 caedibus
1256 3640 1426 3712 perrupta,
1443 3630 1535 3695 viam
1551 3625 1714 3710 patefecit
1729 3636 1764 3690 et
1783 3625 1872 3688 vallo

542 3746 701 3811 excessit.
727 3742 797 3807 Ubi
821 3765 898 3810 eum
921 3746 1015 3808 vitae
1042 3764 1183 3827 parcere
1213 3754 1342 3827 posset,
1372 3746 1462 3809 sicut
1484 3745 1600 3831 plures
1623 3744 1693 3816 alii,
1715 3743 1775 3825 qui
1798 3759 1872 3805 eum

543 3859 677 3927 fuerant
702 3862 872 3934 assectati,
889 3860 1108 3934 confessario
1124 3863 1182 3944 qui
1200 3862 1289 3925 inter
1304 3881 1364 3925 eos
1379 3870 1460 3932 erat,
1478 3861 1577 3932 dixit,
1594 3870 1632 3923 ut
1646 3862 1741 3931 vitae
1756 3877 1872 3923 consu-

544 3977 638 4041 leret.
663 3975 785 4041 Eidem
809 3996 891 4039 vero
915 3979 1066 4040 monenti
1089 3987 1126 4041 ut
1149 3978 1269 4041 eodem
1293 3976 1366 4060 ipse
1390 3977 1534 4045 consilio
1558 3986 1717 4048 uteretur,
1734 3975 1872 4056 expiato

543 4093 664 4156 iterum
688 4094 785 4155 brevi
807 4090 1022 4156 confessione
1045 4094 1170 4164 animo,
1195 4094 1376 4159 subridens
1407 4095 1598 4175 respondit:
1630 4091 1741 4156 Abito
1768 4089 1873 4154 felici·

543 4211 607 4271 bus
630 4210 802 4290 auspiciis,
826 4217 940 4289 pater;
965 4228 1109 4290 aequum
1132 4209 1224 4271 enim
1248 4218 1309 4282 est,
1335 4229 1389 4272 me
1412 4209 1542 4272 socium
1566 4209 1706 4292 adiungi
1730 4216 1782 4270 tot
1799 4205 1874 4279 fidis

543 4324 728 4399 clientibus
751 4334 785 4386 et
808 4325 985 4395 militibus,
1010 4344 1155 4406 quorum
1182 4343 1327 4406 corpora
1342 4325 1407 4387 hac
1422 4324 1568 4406 planitie
1582 4333 1789 4396 sternuntur,
1803 4323 1874 4385 sine

543 4442 666 4522 quibus
689 4460 751 4507 nec
782 4441 899 4515 vivere
928 4439 1044 4511 velim,
1076 4459 1137 4503 nec
1169 4439 1256 4514 inter
1285 4440 1440 4503 homines
1470 4441 1611 4522 possim,
1643 4438 1756 4504 minus
1786 4438 1873 4509 enim

542 4556 659 4638 gravis
682 4564 734 4619 est
757 4553 852 4620 fusus
876 4575 895 4618 e
919 4574 1061 4637 corpore
1086 4575 1194 4629 cruor,
1218 4576 1320 4640 quam
1343 4553 1493 4629 suffusus
1516 4557 1566 4617 ori
1581 4557 1703 4628 rubor3
1726 4555 1876 4625 maxime

543 4691 621 4734 cum
645 4689 758 4735 meum
782 4672 953 4737 vexillum
977 4673 1021 4737 ab
1043 4672 1201 4739 hostibus
1223 4671 1406 4735 ventiletur
1429 4682 1464 4737 et
1480 4681 1646 4753 tympana
1662 4669 1787 4745 festive
1801 4668 1875 4751 pul·

543 4800 667 4863 santur.
692 4786 775 4853 Post
799 4806 886 4868 quae
919 4790 1035 4861 verba,
1062 4788 1196 4855 hastam
1226 4808 1328 4852 manu
1358 4789 1515 4870 quatiens
1546 4798 1580 4850 et
1610 4786 1759 4853 calcaria
1789 4804 1876 4869 equo

543 4905 700 4976 subdens,
724 4924 762 4971 se
786 4904 820 4967 in
845 4901 1131 4971 confertissimam
1164 4903 1340 4975 Gallarum
1371 4905 1473 4977 alam,
1504 4905 1563 4967 ubi
1595 4905 1754 4978 densiora
1782 4910 1878 4973 erant

543 5018 690 5092 hastilia,
715 5021 872 5092 coniecit,
896 5031 930 5082 et
952 5030 1096 5103 quatuor
1118 5021 1175 5081 vel
1199 5022 1348 5103 quinque
1363 5039 1410 5085 ex
1428 5019 1641 5102 principibus
1657 5019 1750 5083 letho
1772 5016 1876 5087 dedit.

543 5134 613 5205 Sed
636 5154 712 5199 cum
737 5136 851 5219 pullus
874 5136 1027 5217 equinus,
1062 5155 1130 5217 quo
1160 5135 1357 5209 vehebatur,
1390 5133 1526 5199 fraenos
1556 5144 1590 5198 et
1620 5135 1769 5203 calcaria
1796 5151 1878 5217 prae
