4066 6174
534 582 593 658 362
865 592 1137 642 exeummoms
1162 591 1421 642 nerfflomcns
1445 591 1525 641 ecc.

532 762 671 805 itumeeo
687 739 906 825 apponendi?
929 740 1021 815 Illis,
1039 739 1195 815 Domine,
1212 739 1415 824 trancfidem
1431 760 1554 815 annue,
1570 759 1672 823 quam
1691 737 1866 813 anhelant,

531 876 630 941 quam
643 861 779 931 norunt,
792 876 891 940 quam
907 877 928 918 a
942 855 1139 940 parentebus
1165 860 1200 919 et
1222 855 1295 918 avii
1310 859 1559 939 expresserunt,
1571 875 1672 939 quam
1688 874 1764 917 cum
1781 855 1867 917 lacte

531 972 729 1044 hauserunt,
753 973 792 1035 in
815 992 880 1055 qua
903 976 987 1034 sunt
1007 969 1120 1034 educti
1138 976 1173 1034 et
1193 970 1371 1035 nutricati.
1395 970 1482 1034 Nisi
1502 969 1552 1033 ita
1572 970 1738 1044 consulas,
1753 990 1811 1033 nec
1827 975 1866 1032 tu

531 1108 683 1174 tegmem,
707 1108 765 1151 nec
787 1108 848 1150 mis
870 1088 1022 1171 praetem,
1046 1092 1108 1150 aut
1128 1087 1309 1171 imperium
1331 1086 1549 1150 stabilitatem
1573 1087 1797 1150 nanciscetur.

219 1209 504 1273 Reginae,erincipts
622 1224 649 1281 3.
675 1202 750 1266 Ras
773 1202 905 1265 Emana
927 1200 1081 1266 Christos
1103 1216 1138 1265 et
1169 1204 1334 1285 Princeps
1359 1215 1439 1267 tunc
1462 1204 1527 1266 hac
1551 1205 1594 1265 de
1617 1222 1654 1265 re
1678 1205 1727 1266 sic
1759 1203 1866 1266 collo·

183 1283 415 1403 {Jfflffiffi
423 1282 503 1332 Μ’
530 1329 673 1400 quentes
689 1328 768 1381 sunt
784 1319 899 1381 auditi.
925 1317 1109 1401 Quousque
1125 1338 1243 1383 sumus
1257 1317 1336 1382 fidei
1353 1320 1543 1382 desertores
1560 1320 1799 1401 nuncupandi?
1817 1318 1865 1380 Hi

530 1434 649 1499 Gallas
672 1435 725 1497 bis
750 1435 918 1507 millenos,
943 1436 1173 1516 imperatoriis
1189 1435 1310 1498 castris
1332 1444 1538 1505 auctoratos,
1558 1436 1616 1517 qui
1634 1435 1740 1498 nullis
1763 1435 1867 1497 idolis

530 1553 732 1634 supplicant,
758 1571 818 1613 nec
842 1551 945 1613 aliam
969 1550 1073 1613 fidem
1108 1570 1232 1614 novere
1267 1570 1370 1632 quam
1401 1553 1544 1614 caedere
1566 1562 1600 1614 et
1627 1550 1761 1623 bellari,
1785 1570 1866 1614 con·

530 1668 607 1729 silio
630 1668 860 1751 perpulerunt,
885 1677 921 1729 ut
944 1668 988 1728 ad
1020 1666 1265 1749 Imperatorem
1290 1667 1487 1751 conglobati
1511 1676 1692 1749 pergerent
1716 1677 1751 1730 et
1774 1667 1865 1729 idem

529 1784 698 1845 dicerent:
723 1781 776 1844 De
799 1791 866 1853 tuo,
892 1782 1051 1855 Domine,
1075 1784 1227 1864 imperio,
1258 1783 1350 1864 quod
1378 1780 1531 1845 funditus
1554 1782 1747 1854 collabitur,
1772 1801 1866 1844 reco-

529 1899 648 1981 gitato.
674 1898 901 1980 Popularibus
923 1909 1099 1980 parentum
1130 1917 1267 1962 suorum
1299 1896 1400 1961 fidem
1424 1898 1611 1981 indulgeto.
1643 1896 1718 1960 Iam
1749 1917 1867 1961 sumus

529 2016 702 2077 tundendo
726 2025 759 2077 et
787 2015 961 2076 caedendo
977 2013 1093 2077 lassati
1111 2033 1151 2076 ac
1168 2013 1354 2076 delumbes.
1380 2013 1491 2076 Nobis
1510 2032 1644 2095 semper
1663 2024 1701 2076 ut
1716 2010 1867 2096 flagellis

530 2131 634 2193 uteris
650 2130 693 2193 ad
709 2140 786 2193 tuos
802 2131 1032 2192 verberandos
1048 2140 1082 2192 et
1099 2129 1176 2192 ideo
1193 2130 1305 2192 cuncti
1331 2131 1419 2192 iusto
1434 2130 1469 2192 in
1487 2149 1549 2192 nos
1564 2129 1644 2192 odio
1668 2127 1865 2193 efferuntur.

530 2246 603 2310 Iam
616 2256 667 2309 tot
681 2246 924 2327 suppliciorum
941 2246 1106 2327 capitales
1122 2245 1276 2308 vindices
1293 2265 1368 2308 esse
1384 2266 1451 2309 non
1469 2266 1666 2328 possumus;
1684 2246 1770 2309 utile
1786 2266 1866 2307 con·

529 2363 644 2425 silium
668 2364 752 2424 inito
775 2371 833 2424 aut
857 2371 983 2442 patere,
1008 2370 1044 2424 ut
1076 2371 1267 2424 nostrorum
1292 2372 1521 2425 armentorum
1552 2363 1680 2444 pabula
1712 2373 1866 2425 curatum

530 2497 647 2541 eamus
670 2488 703 2540 et
726 2487 804 2540 tuae
821 2478 963 2539 militiae
980 2478 1136 2540 nuntium
1152 2478 1380 2562 remittamus.»
1397 2475 1468 2541 Sua
1483 2479 1586 2541 etiam
1610 2477 1706 2560 ligna
1728 2480 1762 2539 in
1778 2479 1866 2540 hanc

530 2613 651 2676 pyram
675 2592 816 2676 Regina
838 2593 993 2666 contulit,
1017 2593 1103 2656 haec
1127 2593 1328 2675 Imperatori
1352 2594 1473 2657 iubens
1492 2613 1554 2676 pro
1570 2595 1737 2657 victoriae
1752 2604 1866 2676 gratu·

531 2710 658 2772 latione
682 2709 881 2772 renuntiari:
899 2709 1039 2781 videret,
1056 2710 1147 2791 quod
1173 2711 1208 2772 ln
1224 2720 1382 2773 extremo
1398 2728 1509 2772 rerum
1526 2710 1666 2773 cardine
1684 2709 1865 2773 consilium

531 2827 660 2907 captari
684 2834 871 2906 oporteret;
895 2845 932 2888 se
956 2827 991 2887 in
1014 2845 1077 2888 suo
1100 2844 1207 2908 regno
1231 2825 1404 2907 hospitem
1426 2824 1540 2896 fuisse,
1564 2837 1598 2889 et
1615 2828 1677 2888 vix
1694 2826 1864 2889 invenisse

532 2942 590 3003 ubi
606 2950 822 3022 pernoctaret
845 2941 952 3023 etqui
968 2943 1039 3004 suis
1050 2939 1130 3003 filiis
1146 2961 1185 3003 ac
1202 2943 1382 3023 nepotibus
1398 2962 1506 3023 aquae
1522 2943 1692 3025 guttulam
1705 2943 1866 3024 propina·

532 3068 591 3128 ret,
617 3056 748 3120 cunctis
771 3057 882 3138 ipsam
901 3067 937 3120 ut
960 3068 1138 3138 apostatae
1164 3077 1305 3121 uxorem
1330 3079 1351 3121 a
1381 3078 1441 3121 sua
1464 3059 1568 3121 domo
1591 3059 1862 3122 exturbantibus.
2019 3142 2020 3149 ἵ

221 3182 277 3230 Rae
294 3183 401 3230 eman·
424 3179 505 3228 chri·
620 3171 668 3252 *4.
693 3173 891 3255 Antequam
915 3173 1104 3255 Imperator
1123 3195 1160 3236 se
1176 3173 1385 3237 Dancazium
1402 3173 1577 3255 reciperet,
1593 3173 1864 3256 Bagamedrinae
1891 3191 1909 3240 r.
1925 3199 1975 3247 171.
2019 3174 2020 3239 J

184 3250 505 3386 {zizoreffitflzssffifm'
531 3289 671 3353 ditionis
687 3309 865 3372 proregem
882 3292 1010 3353 creavit
1027 3291 1101 3353 Ras
1115 3289 1248 3353 Emana
1264 3288 1428 3362 Christ6s‚
1445 3291 1504 3371 qui
1525 3289 1620 3352 illam
1643 3292 1708 3353 sub
1731 3311 1773 3353 ea
1787 3309 1864 3352 con·

531 3407 660 3468 ditione
682 3404 831 3477 admisit,
855 3404 884 3467 si
907 3406 973 3467 sibi
997 3406 1114 3468 liceret
1138 3406 1365 3487 provinciales
1388 3405 1629 3468 Alexandrino
1656 3425 1745 3487 pane
1776 3425 1863 3468 com·

531 3522 718 3591 municare;
744 3523 778 3583 id
802 3522 860 3583 ubi
876 3519 929 3583 sas
951 3531 1053 3593 esset,
1070 3532 1210 3584 cunctos
1226 3522 1314 3583 intra
1329 3531 1475 3603 quatuor
1498 3522 1572 3584 dies
1588 3523 1630 3583 ad
1647 3521 1862 3603 Imperatoris

530 3638 731 3717 obsequium
755 3638 974 3700 revocandos.
998 3633 1068 3699 Sed
1091 3638 1333 3718 promissorum
1350 3657 1439 3700 vana
1461 3637 1587 3700 delusit
1609 3646 1771 3709 eventus;
1791 3656 1860 3699 eum

530 3752 622 3815 enim
645 3754 688 3816 iis
710 3752 984 3815 Alexandrinam
1008 3753 1281 3815 communionem
1305 3753 1493 3824 obtulisset,
1518 3753 1654 3815 dixere:
1679 3752 1787 3815 Tuam
1802 3754 1860 3814 tibi

531 3887 692 3940 mensam,
715 3877 775 3931 tua
798 3867 928 3931 fercula
951 3878 1098 3932 servato,
1131 3868 1265 3932 Novam
1293 3869 1393 3931 nobis
1415 3869 1570 3951 quotidie
1592 3869 1860 3931 communionem

486 4011 490 4019 ·
531 3986 729 4047 obtruditis:
753 3985 825 4046 heri
850 3983 1055 4054 Romanam,
1079 3984 1183 4047 hodie
1211 3984 1501 4047 Alexandrinam:
1526 3994 1704 4065 utramque
1725 4005 1746 4046 a
1769 3985 1861 4046 vobis

531 4101 681 4161 oblatam
705 4110 922 4183 vestrumque
945 4101 1155 4163 dominatum
1182 4102 1401 4163 detestamur.
1426 4100 1597 4181 Brevique
1620 4111 1785 4164 ventosus
1807 4101 1860 4161 ille

531 4216 717 4297 promissor
740 4217 774 4277 in
797 4237 855 4279 eas
875 4219 1050 4300 angustias
1073 4237 1109 4279 se
1133 4218 1346 4298 compulsum
1369 4218 1466 4288 vidit,
1487 4229 1523 4279 ut
1546 4217 1612 4279 sibi
1632 4217 1801 4279 auxilium
1815 4213 1860 4278 fe-

532 4331 659 4394 stInato
684 4333 772 4394 mitti
795 4330 1011 4414 flagitaverit.

220 4454 390 4536 uinculum
416 4454 506 4504 Pam-
623 4466 640 4525 5
678 4447 744 4509 His
759 4447 916 4511 tincturis
932 4449 1090 4520 imbutus,
1107 4448 1317 4511 Dancazium
1341 4450 1514 4531 ingressus
1532 4461 1586 4511 est
1601 4446 1803 4529 Imperator,
1819 4449 1862 4509 ita

184 4527 278 4660 ἓξὲξ
295 4536 505 4647 ξξῗξζξξξωῗ
532 4564 709 4626 vultuosus
732 4573 766 4625 et
789 4583 942 4626 curarum
975 4566 1095 4645 plenus
1117 4574 1153 4626 ut
1184 4565 1316 4645 plumbi
1338 4566 1505 4626 talentum
1536 4574 1687 4645 pectore,
1715 4568 1861 4626 Aetnam

532 4680 587 4740 vel
612 4679 733 4742 Athon
756 4677 868 4741 fronte
892 4699 1012 4762 gerere
1035 4680 1218 4753 videretur,
1241 4691 1275 4742 et
1299 4699 1366 4742 non
1390 4699 1498 4760 parva
1517 4680 1681 4761 corporis,
1705 4680 1766 4742 sed
1791 4698 1861 4762 gra·

532 4794 618 4857 viori
633 4798 754 4858 mentis
766 4795 978 4877 aegritudine
995 4793 1179 4859 confectus.
1207 4795 1293 4858 Illuc
1309 4795 1425 4860 statim
1441 4795 1650 4865 Patriarcha‚
1674 4797 1861 4877 episcopus,

531 4933 564 4993 p.
588 4911 790 4973 Emmanuel
814 4922 849 4971 et
873 4911 1047 4974 Antonius
1061 4924 1302 4994 properarunt;
1327 4932 1393 4974 non
1418 4922 1488 4974 tam
1511 4922 1548 4974 ut
1563 4913 1607 4973 de
1623 4913 1770 4975 victoria
1791 4931 1860 4993 gra·

532 5028 727 5095 tularentur‚
759 5046 861 5107 quam
893 5046 935 5087 ne
962 5035 1058 5088 tanto
1086 5025 1165 5089 fidei
1193 5026 1370 5088 certamini
1398 5028 1567 5096 deessent,
1595 5029 1755 5107 quamvis
1782 5026 1859 5088 illud

531 5162 597 5203 non
615 5143 700 5203 adeo
725 5161 830 5221 grave
855 5143 1049 5204 iudicabant
1073 5154 1108 5204 ut
1131 5152 1248 5224 posset
1271 5151 1378 5204 totam
1403 5140 1481 5204 fidei
1505 5144 1793 5207 substructionem
1808 5143 1858 5205 dc·
