4066 6184
692 2188 878 2265 CAPUT
908 2190 1039 2267 XXV.

195 2480 296 2577 Quis
325 2480 446 2555 fuerit
473 2502 583 2556 anno
612 2489 698 2556 tam
731 2480 888 2557 difficili
920 2481 1152 2558 catholicae
1183 2479 1280 2555 fidei
1311 2479 1530 2575 profectus.

287 2847 315 2891 1.
341 2827 420 2891 Non
443 2828 534 2911 quod
558 2847 667 2891 annus
690 2829 734 2891 sit
764 2829 890 2891 sterilis
921 2837 981 2891 aut
1010 2828 1122 2891 solum
1153 2828 1374 2891 macilentum
1406 2829 1532 2891 soliciti
1558 2902 1562 2911 Ι
1589 2846 1745 2897 usonem
1755 2855 1881 2908 tempore

194 2942 414 3025 agricultoris
436 2950 549 3024 torpet
572 2944 749 3015 industria,
774 2945 834 3006 sed
857 2954 938 3006 tunc
961 2940 1086 3006 fortius
1109 2945 1273 3006 adversus
1304 2945 1468 3025 temporis
1498 2953 1533 3006 et
1559 2917 1632 2970 ’Μ
1650 2926 1798 2968 mmm.

194 3059 320 3140 glebae
344 3058 597 3122 inclementiam
622 3058 810 3122 invalescit.
834 3055 893 3122 Sic
924 3059 968 3121 ab
999 3058 1170 3142 evangelii
1201 3059 1371 3122 satoribus
1399 3056 1531 3121 difficili

193 3176 259 3237 hoc
283 3183 436 3256 tempore
460 3173 545 3237 nihil
569 3176 763 3248 oscitatum,
788 3177 848 3238 sed
872 3176 983 3237 acrius
1013 3174 1216 3247 insudatum,
1240 3175 1367 3257 quippe
1389 3174 1448 3257 qui
1468 3176 1533 3237 sci·

194 3300 269 3354 rent
292 3291 438 3354 Paulum
461 3292 611 3374 ipsorum
635 3302 889 3355 antecursorem
912 3311 950 3354 se
973 3310 1041 3354 non
1065 3291 1142 3372 plus
1168 3292 1326 3353 omnibus
1345 3289 1532 3372 profecisse

194 3409 255 3471 sed
279 3407 512 3472 abundantias
533 3407 703 3471 laborasse
725 3408 912 3491 gloriatum
931 3408 983 3491 (1).

285 3544 314 3587 2.
338 3522 432 3587 Inter
458 3524 521 3586 has
552 3524 723 3605 procellas
753 3524 924 3605 intrepida
946 3522 1124 3586 Ecclesiae
1148 3522 1337 3585 catholicae
1361 3522 1530 3595 navicula,

194 3659 263 3703 non
286 3639 397 3702 solum
420 3637 583 3702 fluctuum
607 3640 872 3701 commotionem
896 3637 1088 3722 frangebat,
1113 3638 1184 3710 sed,
1216 3637 1362 3719 sumptis
1389 3639 1433 3700 ab
1457 3638 1533 3718 ipsa

193 3764 398 3838 tempestate
422 3754 563 3827 viribus
587 3754 725 3817 citatius
747 3756 923 3837 agebatur.
946 3753 986 3816 In
1010 3755 1102 3816 curia
1126 3763 1252 3826 tamen,
1269 3754 1351 3816 licet
1371 3755 1533 3837 contagio

193 3873 228 3934 in
253 3870 428 3953 publicum
452 3889 520 3933 non
543 3881 743 3952 erumperet,
768 3872 853 3933 citra
877 3868 1050 3932 fallaciam
1073 3869 1298 3932 noscebamus
1313 3869 1458 3932 multum
1475 3889 1533 3932 ve·

194 3988 273 4049 neni
298 3987 431 4050 occulte
455 3986 490 4047 in
514 3986 704 4048 catholicae
728 3984 807 4049 fidei
830 3987 1016 4067 perniciem
1038 3984 1197 4067 grassari.
1222 3985 1344 4049 Plures
1374 3985 1465 4048 enim
1494 3995 1533 4048 ut

193 4101 294 4165 huius
317 4101 445 4165 saeculi
476 4099 539 4163 filii
572 4100 745 4165 malebant
776 4101 872 4164 illam
904 4102 938 4162 in
963 4121 1042 4164 suos
1067 4119 1191 4182 pravos
1215 4119 1327 4163 mores
1350 4100 1531 4181 obliquari,

193 4236 296 4298 quam
320 4236 379 4278 eos
402 4218 446 4279 ad
469 4225 599 4279 rectam
622 4217 730 4298 ipsius
755 4216 879 4279 lineam
903 4215 1076 4279 dedolare.
1102 4215 1168 4278 Per
1191 4216 1351 4297 hyemem
1374 4217 1409 4278 in
1433 4235 1474 4278 ea
1497 4215 1533 4279 in
1595 4234 1729 4299 episcopi
1744 4236 1776 4285 in
1794 4235 1881 4300 reglis

193 4333 298 4395 rebus
321 4333 562 4396 ecclesiasticis
585 4331 803 4395 Patriarchae
826 4333 920 4395 vices
950 4333 1134 4413 episcopus
1165 4329 1337 4393 Nicaenus
1368 4349 1532 4412 perquam
1560 4305 1660 4359 Μ’
1678 4306 1852 4358 ⁸⁰¹¹¹⁰¹²‘¹‘10·

194 4447 415 4510 laudabiliter
437 4448 643 4520 sustinebat;
668 4455 702 4509 et
725 4447 902 4528 permultis
926 4447 970 4508 ad
986 4465 1061 4508 eum
1078 4447 1357 4510 concurrentibus
1376 4444 1534 4510 difficiles

192 4560 394 4645 Scripturae
409 4563 547 4626 divinae
571 4563 680 4625 nodos
702 4563 903 4625 extricabat.
928 4561 1023 4624 Ante
1045 4560 1270 4625 Beatissimae
1288 4560 1444 4645 Virginis
1463 4561 1533 4625 As-

193 4677 424 4759 sumptionem
449 4679 684 4741 novemdiales
707 4675 811 4740 ferias
833 4678 994 4748 decrevit,
1012 4677 1135 4757 quibus
1152 4678 1226 4759 ipse
1242 4696 1377 4739 sacrum
1397 4695 1534 4759 semper

193 4792 357 4866 faciebat,
381 4793 533 4857 vicissim
557 4813 639 4856 vero
663 4813 739 4856 cum
771 4802 867 4874 patre
901 4792 1049 4874 Iosepho
1074 4789 1200 4855 Giroco
1227 4791 1420 4855 conciones.
1452 4791 1533 4873 Ipso

193 4907 395 4973 festivitatis
422 4909 478 4971 die
508 4910 697 4972 solemnem
728 4928 889 4991 pompam
921 4908 1078 4979 instituit,
1110 4927 1178 4989 qua
1208 4915 1350 4969 venusta
1380 4907 1533 4970 eiusdem

286 5160 324 5220 (ι)
347 5166 358 5203 1
382 5155 514 5214 conata..
536 5166 578 5220 15,
598 5171 623 5207 n.
646 5167 685 5209 ιο.
