4066 6184
678 2215 867 2294 CAPUT
894 2215 986 2291 XV.

238 2508 506 2586 Lastensium
532 2508 833 2586 rusticanorum
859 2507 1042 2597 rebellio,
1071 2508 1211 2585 Melea
1239 2506 1427 2586 Christds

442 2643 583 2741 regiae
611 2643 751 2741 stirpis
779 2643 833 2719 ad
860 2643 1010 2720 solium
1037 2651 1225 2721 evocato.

258 3012 285 3055 1.
309 2990 530 3057 Fortissimus
552 2990 597 3056 ad
620 3009 796 3055 romanam
823 2988 926 3054 fidem
962 2987 1237 3055 labefaciendam
1261 2988 1349 3054 aries
1379 2986 1444 3053 fnit
1467 2990 1503 3054 id
1561 2975 1781 3050 memorre·
1791 2993 1850 3046 ubl.

162 3108 307 3181 bellum,
319 3108 412 3192 quod
427 3107 659 3192 aggredimur,
675 3128 695 3172 a
709 3107 856 3182 rusticis,
869 3126 932 3171 nec
947 3105 1081 3180 rustice,
1098 3126 1160 3169 nec
1180 3107 1326 3169 inaniter
1349 3107 1502 3170 libratus.

164 3225 456 3310 Bagamedrinum
479 3242 623 3308 regnum
654 3244 675 3288 a
704 3223 823 3288 Doaro
853 3233 888 3287 et
916 3221 1063 3306 Angota
1091 3221 1124 3306 (a
1147 3220 1260 3287 Gallis
1291 3242 1380 3286 nunc
1405 3221 1504 3286 habi·

164 3340 259 3427 tatis)
274 3340 319 3405 ad
334 3341 502 3405 orientem
518 3339 759 3405 disterminant
774 3339 899 3404 Lastae
916 3350 1059 3414 montes,
1076 3340 1111 3402 in
1127 3348 1301 3422 stuporem
1318 3339 1454 3421 abrupti
1470 3348 1504 3403 et

163 3457 342 3531 inaccessi,
359 3457 420 3521 sed
436 3452 598 3520 frumenti
614 3465 648 3521 et
664 3475 828 3539 aquarum
844 3457 1000 3521 ubertate
1011 3453 1154 3521 faelices
1167 3455 1239 3539 [sic]
1257 3465 1292 3519 et
1303 3456 1381 3519 ideo
1393 3455 1504 3518 rebel·

164 3572 257 3638 libus
272 3572 309 3641 in
324 3573 452 3638 multos
467 3592 575 3637 annos
597 3572 783 3637 admodum
806 3572 1010 3656 hospitalem
1033 3593 1055 3637 a
1078 3571 1321 3655 septemtrione
1345 3572 1506 3636 orientali

165 3691 263 3774 regni
278 3687 417 3774 Tigraei
440 3698 628 3774 segmento,
647 3698 681 3752 et
695 3688 934 3753 haereditariis
949 3688 1054 3753 Tecla
1071 3686 1263 3772 Gueorguis
1281 3688 1507 3771 possessioni-

165 3805 248 3881 bus3
271 3806 316 3870 ab
339 3785 454 3870 austro
477 3804 647 3869 similibus
669 3804 875 3869 Amarensis
890 3804 1031 3869 ditionis
1045 3806 1185 3889 rupibus
1201 3804 1339 3879 vallati;
1358 3806 1402 3868 ab
1417 3806 1507 3869 occi-

167 3921 297 3987 dentali
319 3930 452 3987 tantum
475 3930 573 4005 parte
595 3940 739 4006 regnum
763 3921 849 3985 illud
873 3921 908 3984 in
931 3921 1103 4005 planiores
1124 3921 1324 3985 Dambaeae
1343 3923 1508 3986 terminos

166 4039 328 4103 excurrit.
359 4036 492 4102 Eodem
522 4046 677 4121 tempore
706 4036 745 4101 hi
778 4038 943 4102 rusticani
981 4020 1181 4103 tumultuari
1212 4048 1407 4121 coeperunt,
1439 4059 1506 4122 quo

164 4153 270 4220 Tecla
292 4151 495 4239 Gueorguis,
520 4156 590 4218 iam
611 4163 693 4218 tunc
716 4174 794 4218 cum
817 4154 861 4219 iis
875 4151 1080 4229 foederatus,
1098 4174 1194 4218 suam
1217 4154 1442 4218 rebellionem
1459 4156 1510 4219 in.

163 4270 305 4335 eboavit
327 4271 389 4335 sed
411 4269 636 4335 dissimilibus
652 4272 806 4335 ostentis.
830 4268 916 4334 Cum
933 4272 1025 4334 enim
1048 4270 1093 4334 de
1116 4279 1258 4354 utroque
1275 4279 1369 4334 motu
1391 4272 1510 4334 nuntia

166 4386 257 4450 intra
277 4402 406 4467 paucos
428 4383 503 4449 dies
525 4384 631 4449 allata
653 4392 778 4459 essent,
801 4383 902 4449 nobis
925 4383 1015 4449 dixit
1038 4384 1114 4449 Ras
1141 4383 1224 4448 Sela
1246 4382 1402 4449 Christos
1427 4406 1448 4447 a
1471 4404 1509 4449 se

166 4499 272 4565 Tecla
283 4497 478 4585 Gueorguis
492 4501 734 4575 turbationem,
749 4510 786 4565 ut
802 4501 907 4565 nullis
922 4499 1045 4566 fultam
1061 4502 1243 4575 radicibus,
1259 4499 1360 4565 flocci
1376 4501 1508 4576 haberi,

167 4617 229 4682 sed
240 4616 455 4682 Iastensium
468 4636 571 4682 ausus
583 4626 617 4681 et
632 4618 801 4681 montium
816 4618 999 4701 asperitate
1014 4625 1049 4681 et
1064 4618 1151 4701 regii
1167 4616 1344 4701 sanguinis
1360 4627 1509 4701 tyranno

166 4733 344 4808 subnixos,
367 4752 530 4818 magnum
553 4733 694 4816 aliquod
718 4734 847 4797 malum
866 4732 1021 4798 ominari.
1036 4733 1180 4798 illorum
1204 4733 1290 4798 baec
1306 4731 1373 4798 fuit
1396 4736 1509 4819 origo.

257 4871 287 4916 2.
312 4850 476 4935 Regnum
499 4850 790 4935 Bagamedrinum
805 4851 962 4935 protegis
977 4850 1124 4924 nomine,
1145 4851 1206 4914 sed
1230 4871 1298 4914 non
1315 4852 1510 4935 prudentia,
1574 4859 1707 4923 protegi·
1728 4858 1859 4939 impru-

168 4968 310 5051 regebat
331 4964 447 5031 fluxae
470 4968 595 5031 mentis
616 4975 652 5030 et
674 4965 810 5030 consilii
833 4965 937 5029 homo
961 4965 1179 5031 Zamarianus
1201 4965 1339 5042 Adabo,
1372 4969 1407 5031 in
1441 4988 1509 5049 quo
1538 4932 1633 5055 ssffl
1642 4928 1859 5055 efflictim

167 5091 303 5166 praeter
326 5084 459 5168 regiam
483 5080 684 5147 affinitatem
707 5079 792 5166 (erat
822 5082 913 5145 enim
936 5080 1158 5164 Imperatoris
1187 5082 1305 5167 gener)
1336 5083 1423 5146 nibil
1454 5103 1509 5145 su·

166 5199 383 5283 spiciendum
406 5200 605 5283 apparebat.
631 5197 723 5262 Huic
749 5198 794 5262 ab
816 5217 858 5261 eo
888 5197 1163 5262 commendatum
1197 5206 1235 5262 ut
1265 5219 1346 5264 suae
1369 5201 1510 5264 ditionis
