4124 6182
548 612 608 669 108
878 617 1151 668 EXPEDITIONIS
1175 617 1437 668 AETHIOPICAE
1461 616 1542 668 ETC.

542 778 688 849 portuna
710 767 887 830 consulere
910 778 948 831 et
968 767 1124 831 consulta
1146 768 1265 848 gladio
1288 767 1479 831 terminare.
1503 763 1564 828 Ad
1587 764 1783 828 accedentis
1809 762 1874 824 lm·

543 885 711 965 peratoris
733 881 861 947 famam
884 883 1044 957 Nubiani,
1068 885 1139 948 suis
1161 904 1199 948 se
1222 885 1401 947 credentes
1423 883 1528 965 equis,
1554 882 1752 953 avolarunt;
1782 889 1816 941 et
1846 879 1874 940 is

542 1002 632 1063 intra
655 1001 849 1083 quindecim
874 1003 918 1064 ab
941 1019 1086 1065 excessu
1110 1002 1193 1073 dies,
1217 1001 1262 1063 ad
1286 1000 1421 1082 imperii
1444 996 1530 1062 fines
1552 1010 1605 1062 est
1628 1016 1819 1080 regressus;
1842 1006 1874 1058 et

542 1115 620 1178 Iulii
645 1117 863 1180 consiliorum
889 1118 1061 1199 particeps
1083 1118 1246 1189 redditus
1271 1116 1355 1179 nihil
1378 1117 1496 1179 habuit
1520 1116 1737 1198 priusquam
1762 1121 1799 1175 ut
1815 1113 1874 1174 ali-

542 1251 627 1314 quas
650 1234 801 1312 equitum
827 1234 901 1296 alas
923 1234 958 1295 in
985 1230 1164 1296 Goiamam
1196 1230 1294 1295 fratri
1324 1233 1501 1315 suppetias
1530 1232 1757 1294 submitteret
1789 1227 1875 1290 Iulio

542 1358 667 1416 tamen,
692 1350 735 1410 ad
759 1350 1024 1412 transmittenda
1048 1348 1119 1411 Nili
1137 1351 1228 1411 vada
1242 1349 1332 1411 ultra
1347 1349 1506 1431 paludem
1524 1348 1566 1410 ad
1583 1343 1762 1409 Orientem
1781 1363 1874 1407 acce·

542 1463 648 1535 denti,
675 1465 798 1527 obvius
825 1462 936 1528 factus
959 1463 1087 1527 Abuna
1102 1460 1222 1528 Simon
1248 1466 1430 1549 suggessit,
1455 1463 1668 1527 commodius
1695 1462 1760 1543 ipsi
1788 1458 1875 1522 futu·

541 1597 626 1651 rum,
650 1582 680 1642 si
710 1579 955 1662 Imperatorem
981 1583 1016 1645 in
1042 1585 1154 1646 reditu
1178 1581 1393 1645 fatiscentem
1418 1578 1597 1661 fessosque
1612 1578 1719 1661 ipsius
1749 1578 1875 1640 milites

543 1696 797 1778 aggrederetur,
821 1716 923 1778 quam
947 1700 976 1760 si
1010 1697 1134 1762 Martis
1165 1699 1277 1761 aleam
1308 1716 1384 1760 cum
1417 1696 1494 1759 Ras
1524 1698 1646 1758 iuvene
1674 1696 1819 1776 integro,
1843 1705 1876 1756 et

541 1814 669 1873 recenti
711 1814 857 1894 supremi
892 1813 1032 1877 honoris
1066 1815 1218 1877 auctario
1250 1811 1447 1883 ferociente,
1483 1813 1716 1894 experiretur3
1764 1810 1873 1890 ipsum

543 1945 625 1988 vero
648 1928 824 2010 ingentem
848 1929 938 2011 apud
961 1949 1081 1992 omnes
1104 1930 1270 1993 mortales
1292 1929 1439 1999 laudem,
1464 1938 1498 1990 et
1521 1947 1653 1991 summa
1669 1937 1749 1989 ante
1765 1925 1876 1988 Deum

543 2044 805 2123 promeriturum
822 2045 984 2125 praemia,
1001 2045 1030 2107 si
1047 2054 1144 2107 tanto
1167 2046 1275 2126 ipsius
1294 2045 1491 2106 adversario
1508 2041 1734 2122 Aethiopiam
1750 2060 1876 2103 exone-

542 2169 669 2231 rasset;
694 2159 868 2240 ipsiusque
892 2160 1050 2224 cohortes
1072 2161 1118 2222 ob
1141 2161 1340 2241 praestitam
1365 2162 1399 2222 in
1416 2178 1514 2222 sacro
1536 2159 1603 2221 hoc
1617 2158 1712 2220 bello
1728 2175 1876 2238 operam,

543 2274 576 2334 in
602 2276 735 2337 coelum
760 2277 889 2357 absque
913 2276 1117 2339 diverticulo
1140 2275 1430 2339 transmittendas.

230 2399 456 2482 imperatori·
489 2412 517 2450 et
634 2406 662 2467 7.
687 2389 805 2452 Paruit
828 2390 977 2454 Abunae
1005 2392 1118 2464 dictis,
1140 2401 1316 2472 tamquam
1348 2392 1475 2456 divinis
1501 2390 1681 2460 mandatis,
1713 2387 1822 2451 Iullus
1844 2400 1877 2450 et

195 2469 261 2521 Μή
270 2471 514 2522 annominemus.
543 2517 633 2568 retro
657 2526 850 2578 conversus,
876 2503 1085 2590 Gorgorram
1109 2510 1153 2570 ad
1176 2508 1423 2590 Imperatorem
1446 2508 1614 2590 perrexit;
1641 2506 1699 2588 qui
1723 2524 1877 2587 praeme

544 2622 616 2684 nito
639 2620 716 2685 Ras
738 2620 820 2686 Sela
843 2621 1008 2696 Christds,
1033 2635 1069 2687 ut
1093 2624 1197 2687 adse
1220 2643 1323 2706 quam
1346 2625 1508 2687 maximis
1530 2623 1709 2686 itineribus
1740 2632 1877 2684 conten·

543 2737 649 2809 deret,
673 2739 705 2801 ei
728 2758 766 2802 se
789 2742 902 2803 medio
925 2741 1015 2802 inter
1037 2737 1245 2823 Gorgorram
1269 2751 1304 2802 et
1328 2739 1401 2802 Nili
1424 2737 1561 2811 fluenta,
1578 2750 1612 2801 et
1629 2739 1743 2802 medio
1761 2739 1877 2801 itidem

544 2854 632 2916 inter
662 2852 832 2918 Ganetam
867 2866 901 2918 et
932 2855 1141 2918 Dancazium
1173 2857 1295 2937 spatio,
1328 2857 1467 2918 obvium
1498 2857 1601 2918 tertio
1632 2875 1741 2918 nonas
1773 2855 1878 2917 maias

544 2970 680 3033 obiecit.
705 2970 830 3033 Iulium
853 2972 897 3034 ad
921 2973 1084 3034 maiorem
1108 2970 1374 3043 festinationem,
1398 2983 1556 3053 speratus
1577 2973 1612 3034 in
1628 2972 1720 3033 diem
1736 2989 1877 3052 sequen·

544 3098 613 3147 tem
637 3086 714 3148 Ras
737 3083 818 3149 Sela
841 3085 995 3150 Christds
1019 3099 1054 3150 et
1078 3088 1219 3151 alterius
1242 3088 1339 3150 ducis
1362 3089 1530 3150 adventus
1553 3088 1751 3170 instigabat.
1769 3085 1877 3168 Impe-

544 3203 670 3264 ratoria
693 3212 807 3265 castra
831 3204 865 3264 in
889 3203 980 3266 valle
996 3201 1090 3266 Cafld
1106 3214 1253 3266 metatus
1270 3201 1390 3273 fuerat,
1407 3204 1461 3265 cui
1478 3223 1498 3264 a
1514 3214 1614 3286 tergo
1630 3204 1764 3265 exitum
1780 3220 1879 3283 rupes

545 3318 658 3380 inviae
681 3315 897 3392 auferebant;
921 3340 940 3380 a
964 3316 1075 3381 fronte
1098 3321 1263 3401 expedita
1285 3319 1446 3401 planities
1478 3318 1555 3381 Iulii
1587 3319 1722 3401 equites
1744 3316 1878 3400 (quibus

545 3435 648 3515 longe
671 3433 853 3515 antei*bat)
876 3436 921 3497 ad
943 3434 1072 3498 liberos
1095 3437 1266 3498 discursus
1288 3436 1466 3499 invitabat.
1489 3434 1573 3498 Loci
1597 3435 1814 3516 iniquitatem
1830 3434 1877 3495 di·
1912 3444 1928 3494 t.
1943 3454 1972 3505 54·
2029 3416 2030 3455 ¹

545 3551 694 3629 spiciens
724 3547 926 3630 Imperator,
958 3552 1044 3613 citra
1073 3552 1176 3613 ullius
1207 3553 1503 3622 consultationem,
1536 3552 1635 3613 iussit
1665 3553 1816 3614 tentoria
1845 3551 1878 3611 in

545 3663 695 3727 vicinum
718 3665 844 3728 collem
868 3666 1044 3738 dimoveri,
1068 3686 1170 3747 quem
1194 3668 1344 3748 undique
1359 3687 1445 3730 saxa
1460 3667 1699 3750 praegrandia,
1716 3685 1878 3748 equorum

546 3781 682 3862 ungulis
705 3783 850 3844 adversa
873 3783 1178 3846 circumvallabant
1202 3793 1236 3845 et
1260 3785 1304 3845 ab
1326 3783 1425 3846 hoste
1450 3781 1551 3845 ferrei
1567 3782 1677 3865 sclopi
1705 3784 1817 3845 iactus
1831 3782 1878 3843 di-

545 3897 699 3959 rimebat.
717 3895 801 3959 Dies
818 3908 854 3959 ut
871 3897 996 3969 illuxit,
1014 3899 1151 3960 ordines
1166 3899 1245 3961 hinc
1262 3899 1342 3961 inde
1365 3900 1409 3961 ad
1424 3900 1594 3979 proelium
1617 3899 1876 3980 apparabantur,
2029 3882 2030 3923 ¹

546 4022 579 4074 et
602 4014 646 4074 ad
670 4012 795 4075 Iulium
819 4033 856 4074 se
887 4015 992 4075 armis
1022 4015 1256 4085 adornantem,
1289 4034 1377 4077 uxor
1407 4013 1628 4085 Melacotavi,
1659 4013 1879 4096 Imperatoris

545 4125 626 4199 filia,
650 4130 769 4190 oculos
792 4129 956 4210 lacrymis
981 4126 1110 4191 suffusa
1140 4131 1296 4201 accessit,
1328 4149 1430 4193 orans
1459 4131 1636 4193 meliorem
1668 4140 1818 4193 mentem
1843 4140 1879 4190 ut

547 4242 702 4306 indueret
725 4254 759 4305 et
783 4263 859 4305 cum
882 4255 979 4326 patre
1002 4245 1198 4316 amicitiam,
1222 4246 1345 4327 positis
1368 4247 1610 4319 simultatibus,
1638 4246 1752 4319 iniret,
1782 4264 1878 4327 spon-

546 4359 631 4421 dens
653 4360 768 4421 omnia
791 4378 827 4421 se
851 4362 886 4422 in
902 4362 1010 4441 ipsius
1027 4362 1206 4424 commoda
1215 4348 1459 4444 perfecturam.
1475 4361 1540 4424 Ille
1557 4365 1704 4444 superbe
1719 4364 1878 4425 reiectam

547 4475 581 4536 in
605 4475 786 4538 tentorium
810 4476 949 4539 dimisit.
974 4476 1055 4556 Ipsa
1078 4496 1177 4539 vero:
1202 4477 1401 4540 Pauxillum
1425 4479 1494 4540 cibi
1524 4488 1680 4541 amanter
1703 4500 1723 4540 a
1748 4497 1803 4541 me
1824 4497 1877 4559 pa·

547 4591 612 4652 rati
636 4592 670 4652 in
694 4611 733 4653 os
756 4592 886 4674 ingere,
910 4603 945 4654 ut
968 4593 1039 4654 tibi.
1056 4594 1101 4654 sit
1124 4592 1161 4655 in
1181 4603 1315 4656 tantum
1338 4594 1491 4655 laborem
1517 4591 1729 4656 fulcimento.
1759 4592 1877 4656 Maiori

549 4705 607 4767 ille
631 4707 855 4769 amaritudine
879 4717 912 4770 et
936 4709 1148 4790 arrogantia:
1173 4707 1279 4780 Nihil,
1304 4709 1423 4791 inquit,
1448 4711 1484 4772 in
1506 4729 1546 4771 os
1562 4709 1689 4781 indam,
1707 4728 1771 4771 nec
1785 4708 1878 4789 quid-

547 4841 649 4902 quam
674 4842 786 4884 meum
809 4824 962 4903 palatum
985 4825 1202 4894 demulcebit,
1227 4825 1292 4886 nisi
1316 4827 1409 4906 prius
1425 4825 1575 4887 humeris
1595 4825 1753 4887 avulsum
1776 4822 1878 4905 patris

547 4935 596 4997 tui
620 4947 722 5018 caput
747 4938 780 4999 in
805 4957 957 5000 mensam
981 4939 1150 5011 inducam,
1175 4952 1255 5001 tunc
1281 4941 1366 5002 mihi
1393 4942 1576 5004 iucundum
1601 4950 1635 5003 et
1656 4940 1794 5023 adipale
1808 4939 1878 5001 red·

548 5052 648 5114 detur
670 5052 861 5133 prandium.
