4066 6174
617 471 734 521 LIBER
757 471 796 530 11,
825 470 950 520 CAPUT
973 470 1086 521 XXVI.
1452 476 1515 538 339

183 626 292 681 tarum
316 628 352 682 et
376 618 442 681 sibi
465 620 710 682 contrariarum
735 617 916 681 haeresum
939 615 1085 682 flammis
1108 615 1341 702 conflagraret,
1366 617 1515 681 scintilla

183 734 338 797 libidinis
361 733 506 798 chrici
537 735 651 798 octavi
674 733 797 799 effecit.
822 734 1017 799 Florentem
1049 736 1084 798 in
1107 734 1273 818 Iapponia
1296 734 1514 798 christianam

182 847 284 912 fidem
308 850 398 915 levis
413 852 616 934 suspicionis
631 870 713 914 aura
728 852 907 933 oppressit,
923 850 996 915 fore
1012 862 1047 915 ut
1061 832 1128 915 sub
1144 850 1252 933 ipsius
1267 851 1373 933 pallio
1389 849 1516 932 Hispa·

183 986 302 1029 norum
328 986 425 1030 arma
447 968 741 1051 suggrederentur.
772 966 868 1049 Quae
898 987 981 1052 ergo
1006 968 1091 1031 alias
1114 967 1206 1029 orbis
1236 975 1350 1048 partes
1380 967 1517 1029 diversa

184 1080 449 1156 labefactarunt,
473 1104 514 1146 ca
537 1085 571 1147 in
587 1083 809 1165 Aethiopiam
825 1085 1034 1167 conglobata
1049 1084 1233 1157 irruerunt3
1257 1084 1439 1148 continuae
1464 1084 1513 1145 in·

183 1200 386 1262 testinorum
409 1200 579 1263 bellorum
603 1199 808 1271 occidiones‚
832 1209 1053 1263 externorum
1072 1201 1222 1272 timores,
1240 1202 1330 1262 veris
1352 1198 1515 1271 maiores;

183 1315 338 1388 avaritia,
363 1315 524 1389 invidiae,
551 1317 663 1379 carnis
694 1317 844 1380 lieentia·
862 1325 895 1379 et
925 1336 1089 1398 praeceps
1119 1317 1231 1379 maiae
1261 1315 1516 1379 consuetudinis

181 1426 308 1491 flumen
320 1430 383 1492 vix
394 1431 457 1493 ulli
473 1431 618 1494 adverso
633 1442 773 1512 pectore
787 1434 1000 1496 tranandum.
1015 1432 1087 1496 Nec
1101 1434 1246 1515 cymbae
1258 1432 1381 1495 rectori
1394 1431 1516 1512 eulpae
1589 1400 1596 1416 ⁹

182 1546 413 1620 tribuendum,
437 1546 467 1609 si
491 1567 580 1610 nunc
603 1546 698 1611 illam
724 1545 858 1610 fortiter
886 1549 1000 1611 medio
1031 1547 1140 1619 alveo,
1173 1566 1261 1610 nunc
1292 1557 1391 1610 caute
1421 1565 1516 1608 oram

183 1662 304 1744 legens
327 1661 493 1744 impellat,
516 1672 551 1726 et
573 1663 649 1745 ipsa
669 1661 832 1726 fluctuum
864 1663 1120 1745 importunitate
1147 1662 1191 1725 ad
1215 1672 1331 1724 cautes
1354 1660 1516 1732 alidatur;

182 1786 218 1838 ut
242 1796 352 1860 neque
376 1777 522 1850 medice,
545 1778 601 1842 vel
624 1777 795 1862 chirurgo,
819 1780 859 1851 si,
883 1798 959 1841 cum
984 1777 1049 1860 ipsi
1068 1777 1317 1841 medicamenta
1340 1777 1426 1840 scite
1456 1795 1516 1857 ap·

181 1893 321 1974 plicent,
347 1904 508 1977 aegrotus
531 1915 591 1958 sua
615 1896 876 1977 intemperantia
891 1891 1060 1958 efferatur.
1085 1892 1221 1957 Scimus
1236 1896 1327 1957 enim
1350 1892 1518 1956 coelestes

181 2008 337 2071 medicos
358 2010 506 2073 dixisse:
531 2008 734 2074 careamus
755 2010 957 2096 Babylonem
979 2015 1014 2073 et
1026 2030 1094 2073 non
1108 2014 1160 2073 est
1172 2014 1296 2073 sanata
1308 2007 1363 2093 (1).
1380 2005 1517 2070 Curatio

181 2124 283 2187 nobis
306 2126 491 2189 commissa
513 2136 576 2199 est,
600 2146 668 2189 non
691 2104 834 2199 sanatio
859 2127 939 2208 quia
954 2145 1023 2188 non
1038 2135 1090 2189 est
1107 2126 1141 2189 in
1159 2126 1290 2188 medico
1305 2143 1448 2205 semper,
1465 2141 1517 2185 re·
1598 2142 1602 2147 ·

181 2239 318 2303 levetur
341 2250 379 2304 ut
401 2261 514 2325 aeger,
537 2261 615 2305 cum
642 2241 867 2325 Hippocratis
889 2252 923 2305 et
946 2239 1067 2306 Galeni
1084 2240 1161 2322 plus
1177 2241 1269 2304 valet
1289 2250 1362 2303 arte
1378 2239 1514 2302 malum.

271 2435 313 2503 ¹1)
332 2438 435 2497 Ierem„
454 2446 496 2500 51,
515 2455 540 2490 n.
559 2450 584 2501 9.
