4066 6184
560 598 622 678 236
890 607 1167 661 axenorrrours
1189 608 1452 661 nurmorrcus
1476 608 1557 660 ETc.

553 760 717 846 ganar‘to,
739 771 791 825 est
814 762 984 843 particula
1006 761 1099 838 Μῖνι,
1123 781 1210 844 quae
1233 765 1370 847 proprie
1386 774 1438 828 est
1453 765 1697 847 comparativa,
1721 764 1815 845 quasi
1835 765 1880 826 di-

558 885 666 941 ceret:
691 877 800 950 Prius,
824 878 880 941 vel
903 898 985 961 prae
1008 876 1162 952 lucifero,
1186 880 1244 943 vel
1267 899 1398 944 aurora
1422 878 1468 944 Et
1495 883 1543 944 ita
1574 881 1658 964 legit
1685 880 1783 942 divus
1804 878 1880 941 Hie-

559 1010 732 1077 ronymust,
755 993 924 1058 hebraeae
949 996 1086 1079 linguae
1110 998 1345 1078 peritissimus,
1377 1006 1412 1059 et
1435 997 1479 1060 ab
1498 996 1647 1059 hebraeo
1671 1005 1882 1079 praeceptore

558 1110 723 1173 eruditus:
748 1109 914 1187 Mr‘sohar,
938 1110 974 1174 id
997 1121 1049 1174 est
1072 1131 1154 1194 prae
1178 1131 1300 1176 aurora
1322 1115 1426 1196 genui
1441 1123 1486 1175 te.
1504 1110 1602 1193 Quae
1624 1112 1789 1194 particula
1808 1111 1881 1175 Min

558 1229 724 1309 reperitur
747 1227 881 1290 duobus
905 1228 990 1291 locis
1014 1230 1048 1290 in
1073 1228 1213 1292 Psalmo
1236 1250 1278 1307 44
1302 1230 1361 1311 qui
1384 1238 1475 1292 totus
1494 1239 1548 1292 est
1570 1230 1613 1292 de
1636 1228 1774 1309 Messia,
1797 1249 1826 1291 n.
1849 1246 1880 1305 5:

558 1342 735 1428 Spectanti
749 1341 871 1431 forma
887 1351 975 1430 prae
989 1344 1097 1428 filius
1126 1343 1310 1417 honu'nam,
1342 1355 1377 1408 et
1407 1366 1439 1408 n.
1465 1363 1502 1424 7:
1526 1345 1712 1430 Propterea
1732 1344 1835 1408 unxit
1853 1349 1882 1407 te

559 1459 666 1535 Dour,
689 1459 786 1524 Deus
808 1461 877 1525 oleo
893 1461 1044 1525 lactatrao
1054 1466 1142 1546 praa
1161 1461 1367 1526 consortitur
1383 1462 1464 1526 tuis.
1478 1458 1559 1534 Sed,
1575 1481 1779 1545 quamquam
1794 1463 1882 1523 locus

559 1578 619 1639 ille
642 1597 710 1640 non
732 1574 902 1641 sufficeret
924 1578 969 1640 ad
992 1578 1203 1660 probandam
1226 1577 1458 1661 generationis
1480 1577 1630 1641 Messiae
1645 1577 1881 1647 aeternitatem,

559 1694 629 1756 alia
651 1704 729 1757 sunt
761 1695 795 1757 in
826 1693 976 1758 hebraeo
998 1703 1098 1757 textu
1127 1694 1332 1767 testimonia,
1363 1714 1451 1777 quae
1477 1714 1614 1758 omnem
1644 1694 1881 1757 dubitationem

559 1809 722 1883 avellunt,
748 1820 784 1872 ut
808 1811 869 1874 illa
892 1808 1089 1875 Salomonis
1119 1812 1154 1873 in
1183 1811 1392 1883 Proverbiis,
1426 1812 1486 1874 ubi
1515 1811 1692 1893 sapientia,
1723 1829 1809 1891 quae
1835 1819 1882 1871 est

561 1928 634 2008 ipse
657 1926 724 1989 Dei
747 1924 849 1999 filius,
874 1926 974 1990 dicit:
998 1926 1170 1991 Dorm'nus
1187 1926 1338 2012 possedit
1361 1946 1412 1991 ma
1443 1926 1546 1991 r'nr'tm
1575 1924 1712 1990 orarum
1741 1945 1882 1994 naariam,

560 2046 740 2126 antequam
763 2039 943 2127 quostquam
959 2040 1096 2129 faceret
1117 2064 1139 2105 a
1157 2041 1398 2128 principiam.
1423 2040 1513 2124 Quid
1541 2052 1593 2106 est
1623 2041 1795 2124 possedit?
1823 2038 1882 2103 Ge·

559 2160 650 2232 nuit;
681 2159 765 2222 haec
796 2168 848 2223 est
874 2158 965 2222 enim
996 2161 1187 2242 proprietas
1219 2161 1315 2223 verbi
1346 2158 1495 2231 hebraei,
1527 2169 1565 2222 ut
1595 2178 1673 2222 cum
1704 2159 1882 2221 communis

559 2277 710 2338 omnium
734 2285 843 2339 mater
865 2273 952 2349 Eva,
976 2287 1054 2358 post
1077 2274 1161 2339 Cain
1176 2280 1340 2361 genitum,
1361 2277 1467 2340 dixit:
1491 2275 1634 2340 Possedr‘
1652 2274 1816 2339 homr'rrom
1826 2281 1883 2360 prr

560 2391 684 2466 Deum,
707 2403 741 2454 et
765 2389 871 2455 infra:
896 2390 1040 2473 Quando
1057 2392 1287 2478 praeparabat
1308 2393 1418 2467 coelos,
1442 2390 1578 2457 adoram
1594 2393 1648 2476 (2).
1676 2390 1726 2463 Si,
1757 2391 1882 2472 quando

559 2507 693 2571 coelum
716 2516 768 2571 est
791 2508 975 2581 conditum,
999 2510 1088 2589 patri
1111 2508 1179 2572 iam
1203 2507 1294 2572 filius
1315 2510 1443 2582 aderat,
1467 2511 1537 2571 iam
1553 2518 1654 2572 antea
1668 2511 1804 2591 genitus
1818 2505 1882 2569 fue·

559 2631 622 2685 rat.
646 2622 741 2706 Ergo
766 2624 872 2687 multo
895 2635 975 2688 ante
998 2622 1189 2696 luciferum,
1211 2625 1270 2707 qui
1294 2634 1416 2705 quarta
1436 2622 1495 2687 die
1518 2634 1596 2707 post
1620 2624 1707 2687 coeli
1728 2632 1762 2686 et
1784 2634 1882 2686 terrae

560 2740 768 2801 creationem
792 2738 826 2801 in
850 2739 948 2802 coelo
971 2759 1047 2802 cum
1075 2739 1216 2821 reliquls
1246 2740 1358 2804 stellis
1376 2746 1439 2804 'est
1469 2742 1685 2803 constitutus.
1709 2738 1769 2802 Ad
1799 2739 1882 2800 cuius

561 2856 772 2918 aeternitatis
795 2856 1043 2937 probationem,
1067 2857 1097 2918 si
1116 2857 1195 2919 aliis
1209 2857 1415 2920 testimoniis
1430 2856 1703 2926 destitueremur,
1721 2855 1804 2917 satis
1818 2872 1883 2917 esse

560 2982 676 3053 posset
699 2970 785 3033 illud
807 2969 965 3034 Micheae
983 2971 1036 3055 (3),
1060 2971 1152 3053 quod
1176 2971 1326 3035 Herodis
1356 2973 1449 3055 regis
1478 2982 1633 3054 tempore
1663 2968 1883 3052 lerosolymae

561 3108 680 3151 omncs
702 3088 834 3151 scribae
856 3099 890 3151 et
913 3089 1085 3170 sapientes
1108 3088 1150 3152 de
1177 3108 1239 3152 suo
1270 3088 1398 3153 Messia
1420 3089 1659 3171 explanarunt:
1686 3087 1737 3151 Et
1763 3091 1800 3150 tu
1828 3085 1883 3149 Be-

563 3203 665 3268 thlem
688 3202 845 3289 Ephrata
865 3204 1032 3289 parvidus
1053 3224 1089 3268 os
1110 3205 1148 3267 in
1171 3204 1323 3268 millibus
1345 3204 1458 3269 Iuda:
1480 3225 1525 3269 ex
1544 3209 1575 3269 to
1590 3203 1679 3268 mihi
1693 3202 1882 3290 egredietur.

562 3320 624 3404 qut
642 3319 690 3382 sit
710 3319 867 3383 domr'rzm
890 3319 928 3382 in
951 3319 1086 3385 Israel:
1108 3324 1143 3385 ot
1162 3339 1314 3407 ogresnos
1336 3320 1409 3384 eries
1431 3320 1471 3385 ab
1493 3320 1593 3385 im'tio
1616 3340 1638 3383 a
1660 3318 1775 3383 dicon
1789 3323 1883 3381 aetor-

564 3435 685 3500 nitatis
703 3434 758 3519 (4).
782 3434 853 3498 Ubi
876 3436 1019 3499 verbum
1041 3436 1245 3519 egredietur,
1262 3437 1487 3519 temporalem
1507 3435 1655 3501 Messiae
1671 3436 1884 3503 nativitatem,

564 3572 686 3615 nomen
709 3571 867 3633 egressus
890 3561 1061 3616 aeternam
1084 3554 1237 3616 eiusdem
1260 3554 1429 3637 designat.
1453 3552 1517 3617 Est
1540 3554 1631 3617 enim
1647 3552 1738 3615 idem
1754 3551 1884 3613 verbum

565 3674 654 3743 rasa,
677 3667 771 3750 quod
793 3666 936 3731 habetur
959 3669 993 3730 in
1017 3665 1142 3731 Genesi
1166 3669 1210 3731 ad
1232 3668 1487 3733 Abrabamum:
1512 3668 1595 3732 Non
1617 3668 1686 3732 erit
1709 3666 1763 3730 hic
1778 3666 1886 3729 haeres

566 3789 655 3859 taus,
677 3783 738 3847 sed
758 3783 821 3868 qui
840 3781 1033 3869 egredietur
1053 3785 1094 3849 do
1115 3790 1211 3849 atero
1233 3789 1291 3849 tao
1306 3783 1361 3868 (5),
1384 3797 1419 3849 et
1443 3787 1565 3849 iterum
1596 3784 1767 3871 Rogosquo
1794 3802 1835 3846 ox
1858 3784 1886 3844 tr

563 3897 778 3985 ogrodrontur
794 3899 848 3982 (ὁ),
872 3909 906 3963 et
929 3901 973 3962 ad
996 3899 1118 3964 Iacob:
1135 3900 1307 3987 Rogesqae
1321 3921 1364 3966 ox
1380 3900 1502 3964 lumbri
1527 3901 1596 3965 tuis
1610 3899 1825 3987 egredientur
1835 3899 1884 3975 (7).

563 4014 695 4097 Quibus
718 4016 804 4080 locis
826 4035 908 4079 vera
931 4025 966 4078 et
996 4016 1161 4080 naturalis
1190 4018 1366 4099 generatio
1396 4038 1442 4079 ex
1469 4025 1565 4080 utero
1595 4026 1631 4080 et
1661 4016 1795 4087 lumbis,
1824 4032 1884 4075 non

565 4129 681 4193 fucata
703 4139 736 4193 et
760 4128 971 4194 umbra*tilis
993 4151 1056 4212 per
1078 4132 1295 4213 adoptionem
1319 4131 1520 4215 egrediendi
1550 4132 1657 4194 verbo
1681 4139 1715 4194 et
1736 4146 1885 4213 egressus
1908 4130 1970 4177 [Μ

564 4248 711 4319 nomine,
735 4256 773 4309 ut
795 4257 830 4310 et
853 4247 943 4329 apud
966 4245 1148 4317 Micheam,
1173 4249 1349 4311 indicatur.

253 4367 414 4452 Spintuatls
426 4377 537 4418 estnon
653 4381 683 4441 7.
708 4362 874 4445 Ignorans
897 4362 957 4425 ille
981 4383 1049 4446 quo
1072 4363 1195 4445 clypeo
1218 4363 1318 4428 huius
1348 4365 1535 4427 testimonii
1562 4365 1671 4426 aciem
1699 4362 1884 4431 declinaret,

216 4442 339 4562 ἓξὲξ
349 4438 415 4489 mul
427 4439 478 4489 Μ
488 4452 536 4500 ‘⁶'
564 4479 607 4540 ad
623 4476 789 4563 quomodo,
804 4478 1045 4561 aeruginosum
1060 4479 1158 4541 illum
1174 4480 1347 4561 quondam
1362 4479 1622 4543 Pharisaeorum
1639 4478 1802 4562 gladium,
1814 4495 1885 4538 con·

564 4591 653 4675 fugit
676 4593 811 4657 dicens:
847 4593 1027 4677 Quomodo
1050 4593 1123 4657 fieri
1147 4605 1272 4676 posset,
1295 4605 1333 4658 ut
1356 4594 1449 4659 Deus
1475 4592 1583 4658 filium
1613 4594 1766 4666 haberet,
1794 4609 1884 4674 quem

565 4710 692 4793 absque
717 4707 886 4772 foeminae
902 4712 1107 4775 commercio
1122 4711 1265 4794 gignere
1281 4732 1349 4774 non
1364 4712 1503 4794 posset?
1518 4709 1550 4776 Ο
1567 4709 1787 4774 vanissimam
1801 4719 1886 4771 tuam

564 4836 713 4889 mentem
737 4835 770 4889 et
793 4826 992 4890 coelestium
1007 4827 1166 4890 inanem?
1177 4827 1249 4919 'tait
1272 4827 1498 4909 Patriarchal:
1514 4826 1690 4890 hominum
1707 4827 1771 4889 sub
1785 4823 1887 4888 carnis

564 4942 695 5004 tumulo
718 4941 927 5023 sepultorum
951 4941 1015 5005 hae
1042 4951 1118 5005 sunt
1149 4942 1435 5007 ratiocinationes.
1467 4941 1507 5005 In
1537 4941 1731 5024 temporali.
1749 4938 1887 5004 Messiae

655 5100 697 5168 (1)
710 5103 797 5160 Pron,
811 5101 835 5159 8,
849 5118 873 5154 n.
888 5116 930 5152 22.
950 5130 983 5140 -
1002 5101 1156 5169 (zlGenes,
1170 5116 1195 5166 4,
1207 5119 1232 5155 n.
1250 5115 1270 5155 ι.
1286 5132 1319 5140 -
1332 5102 1373 5170 (3)
1385 5105 1478 5161 Mr'clr„
1495 5115 1519 5168 5.
1533 5119 1557 5155 n.
1574 5114 1595 5155 1.
1613 5130 1642 5143 ··
1657 5100 1696 5168 (4)
1710 5102 1818 5156 Marta..
1831 5112 1852 5153 a,
1864 5095 1886 5146 ὁ.

567 5218 598 5228 -
620 5190 660 5257 (5)
682 5192 782 5249 Gener„
804 5202 844 5254 14,
864 5207 889 5243 n.
907 5206 932 5254 4.
953 5220 986 5229 —
1006 5190 1046 5258 (b)
1067 5195 1167 5250 Gener„
1189 5200 1229 5252 17,
1247 5208 1273 5243 n.
1293 5191 1317 5246 6.
1338 5220 1372 5233 -
1390 5194 1429 5259 (7)
1451 5195 1550 5251 Gener„
1570 5201 1613 5254 35,
1632 5208 1657 5244 n,
1679 5203 1720 5244 11.
