4058 6178
528 580 588 654 156
857 587 1131 639 EXPEDITIONIS
1154 587 1414 637 AETHIOPICAE
1438 587 1518 636 ETC.

523 737 669 807 Iudaeis,
694 737 847 800 eiusdem
870 734 1028 798 Caesaris
1050 736 1198 805 decreto,
1226 736 1321 797 exire
1352 733 1473 806 iussus,
1489 734 1491 737 ’
1505 735 1715 798 Antiochiae
1744 754 1845 798 mora·

523 854 624 915 batur
639 852 701 933 (1);
725 861 759 915 et
774 861 889 915 tamen
903 850 954 913 illi
965 866 1089 913 ‘omnes
1104 849 1139 913 in
1153 870 1199 912 ea
1214 850 1404 932 primatum*
1415 846 1577 921 detulere,
1601 859 1700 921 et,‘ut
1714 852 1762 913 ait
1775 868 1845 915 san·¹

523 978 597 1031 ctus
613 967 845 1049 Hieronymus
857 966 911 1051 (2),
929 966 1074 1029 Iacobus
1091 967 1176 1048 ipse,
1192 976 1227 1029 et
1242 985 1362 1029 omnes
1378 967 1570 1047 presbyteri
1586 966 1707 1030 ineius
1722 976 1846 1028 senten-

523 1084 607 1146 tiam
617 1080 837 1146 immiserunt.
854 1082 1085 1162 Iacobumque
1102 1083 1223 1164 ipsum,
1239 1081 1343 1144 tradit
1358 1081 1633 1163 Chrysostomus,
1649 1102 1671 1143 a
1685 1081 1785 1143 Petro
1800 1082 1846 1144 illi

524 1200 689 1261 ecclesiae
713 1198 908 1261 ordinatum
924 1200 986 1277 ly..
1015 1230 1021 1252 ι
1735 1186 1739 1192 ’

214 1324 301 1374 Sedes
317 1322 498 1385 ierosolymi-
618 1333 666 1392 13.
691 1313 764 1375 Nec
787 1312 865 1376 ideo
887 1322 968 1376 tunc
990 1313 1165 1376 sedesilla
1181 1311 1245 1376 fuit
1262 1314 1586 1395 patriarchalis,sed
1601 1306 1739 1377 subdita
1752 1309 1846 1374 ‘Cae-
1874 1318 1889 1369 t.
1904 1320 1934 1376 tt.

177 1394 497 1458 tampoetlongum
808 1430 814 1443 .
962 1428 969 1441 .
1285 1429 1292 1443 .
1362 1430 1430 1443 ..
1560 1428 1608 1443 ..
1688 1448 1692 1453 .
1825 1427 1832 1440 .
1916 1454 1918 1457 Ι

179 1466 373 1528 „mmm
382 1464 497 1530 pardu-
525 1448 642 1492 saraae
662 1428 891 1501 Palaestinae,
915 1447 970 1491 cur
994 1448 1090 1492 suam
1113 1430 1312 1510 metropohs
1335 1429 1538 1511 drgmtatem
1558 1430 1727 1491 illibatam
1743 1446 1846 1490 concr-
1870 1479 1874 1487 .

175 1537 276 1587 Μ’·
525 1544 609 1606 lium
622 1543 811 1606 Nicaenum
824 1545 1012 1606 reservavit
1023 1543 1078 1625 (4),
1095 1553 1130 1607 et
1149 1543 1242 1606 illius
1254 1543 1372 1625 iugum
1385 1553 1520 1607 tentans
1531 1552 1693 1607 excutere
1705 1541 1847 1625 Cyrillus

525 1658 841 1742 Ierosolymitanus,
865 1678 927 1721 suo
951 1659 1028 1721 loco
1051 1659 1182 1721 excidit
1207 1678 1297 1722 anno
1323 1678 1395 1738 35⁴9,
1420 1660 1465 1722 ab
1487 1658 1846 1725 AcacioCaesarieusit

525 1793 732 1856 quamquam
754 1772 855 1845 falsu,
878 1774 924 1835 ob
947 1770 1093 1836 conficta
1120 1774 1272 1845 crimina,
1304 1774 1501 1846 damnatus;
1524 1774 1592 1836 ⁴sed
1605 1786 1608 1791 '
1615 1792 1678 1855 pro
1704 1773 1846 1834 eiusdem

525 1890 705 1953 cathedrae
728 1890 818 1953 intra
840 1888 1070 1952 Palaestinam
1095 1891 1241 1971 primatu
1265 1891 1300 1951 in
1323 1889 1479 1951 conciliis
1501 1888 1678 1971 Ephesiae
1704 1900 1738 1952 et
1754 1885 1848 1949 Chal·

525 2006 718 2077 cedonensi,
742 2005 915 2068 Iuvenalis
949 2004 1131 2087 episcopus
1165 2005 1344 2076 desudans,
1380 2005 1534 2068 obtinere
1560 2024 1628 2068 non
1659 2003 1780 2086 potuit,
1803 2020 1847 2064 re·

525 2122 694 2184 clamante
710 2122 745 2183 in
761 2121 894 2202 synodo
917 2118 1111 2202 Ephesina,
1127 2120 1208 2183 divo
1225 2119 1364 2202 ‘Cyrillo
1380 2119 1622 2183 Alexandrino
1644 2128 1679 2182 et
1704 2117 1848 2181 Romani

525 2234 700 2300 Pontificis
716 2236 856 2319 legatis;
872 2232 950 2318 post
961 2234 1276 2299 Chalcedoneusem
1295 2237 1377 2298 divo
1389 2234 1518 2307 Leone,
1535 2238 1569 2297 in
1581 2233 1760 2297 Ecclesiae
1781 2232 1849 2295 An-

215 2361 376 2415 turiadleno
403 2364 497 2412 Rom.
525 2352 702 2415 tiochenae
729 2350 976 2424 defensionem,
1001 2353 1187 2414 obnitente.
1212 2350 1332 2414 Donec
1354 2351 1493 2414 tandem
1518 2353 1552 2413 in
1582 2353 1702 2433 quinta
1724 2342 1850 2431 synodo

179 2432 499 2566 ffidffffssffifffi
526 2488 615 2530 anno
650 2486 712 2546 333
744 2465 886 2548 pacifice
919 2466 1078 2530 Ecclesia
1113 2467 1399 2547 ierosolymitana
1436 2467 1686 2548 patriarchatus
1720 2467 1849 2528 nomine

180 2586 272 2628 W·
526 2595 559 2646 et
582 2584 749 2667 dignitate
772 2584 914 2656 donata,
949 2584 1153 2666 conquievit.
1181 2583 1356 2647 Iuvenalis
1386 2593 1501 2646 tamen
1532 2583 1592 2645 ille
1620 2584 1654 2644 iu
1679 2580 1850 2644 latrocinio

526 2698 700 2780 Ephesino
716 2719 737 2761 a
753 2699 919 2762 Dioscoro
943 2708 1133 2780 corruptus,
1153 2701 1187 2761 in
1202 2698 1472 2763 Chalcedonensi
1489 2720 1509 2761 a
1524 2697 1686 2761 Romana
1701 2693 1851 2759 Ecclesia

419 2840 423 2853 =
526 2816 660 2877 veniam
686 2816 882 2896 impetravit
903 2824 937 2877 et
960 2815 1188 2895 postmodum,
1208 2816 1253 2877 ab
1275 2812 1502 2897 Eutychianis
1520 2815 1718 2896 exagitatus
1740 2822 1774 2874 et
1794 2830 1851 2873 sua

526 2927 683 2992 Ecclesia
705 2931 860 3001 nudatus,
874 2930 1029 2992 eamdem
1051 2931 1159 3010 ipsius
1181 2930 1313 2992 auxilio
1336 2931 1560 3011 recuperavit.
1584 2927 1749 2991 Ioannem
1770 2929 1851 2989 eius·

406 3068 413 3081 ·
527 3045 605 3107 dem
627 3046 720 3108 sedis
743 3046 939 3116 antistitem,
963 3040 1124 3127 Origenis
1147 3055 1182 3106 et
1209 3044 1344 3127 Pelagii
1374 3043 1554 3107 fraudibus
1581 3043 1851 3125 applaudentem,

527 3180 617 3222 anno
647 3179 709 3237 402
739 3162 895 3223 censoria
923 3160 1072 3241 epistola
1102 3160 1202 3222 divus
1232 3159 1452 3223 Innocentius
1482 3161 1687 3231 verberavit,
1719 3160 1757 3220 ¹in
1783 3174 1852 3238 =qua

527 3278 576 3338 sic
600 3295 677 3338 eum
700 3294 762 3357 pro
786 3277 964 3338 maiestate
987 3276 1182 3338 contundit:
1205 3275 1371 3361 Am'pere
1394 3268 1627 3339 auctontaten'r
1649 3275 1750 3337 Sede
1767 3273 1851 3357 Apa

527 3391 673 3463 italicae,
686 3389 733 3453 ad
744 3411 839 3455 omne
861 3389 1142 3476 comprimendum
1165 3390 1276 3477 nefus,
1292 3386 1542 3477 festinavimus
1552 3390 1611 3474 (3).
1628 3390 1715 3453 Cum
1731 3390 1853 3452 Ioanne

527 3507 605 3577 alio,
630 3507 674 3568 ab
696 3504 922 3587 Eutichyanis
951 3508 1118 3578 ordinat0,
1150 3516 1184 3570 et
1214 3507 1258 3569 ad
1275 3506 1480 3570 catholicam
1504 3507 1777 3569 communionem
1806 3522 1853 3565 re·

527 3622 663 3693 deuote,
686 3630 722 3683 ut
752 3623 868 3684 sedem
901 3623 1070 3692 retineret,
1100 3621 1370 3685 orthodoxorum
1401 3632 1534 3705 rogatu,
1564 3620 1753 3683 Hormisda
1776 3638 1854 3701 pon·

527 3735 616 3799 tifex
640 3756 729 3800 anno
754 3755 817 3816 519
841 3738 1061 3818 dispensavit.
1078 3734 1292 3819 Sophronius
1314 3738 1549 3801 sanctissimus
1575 3737 1779 3819 patriarcha,
1802 3753 1854 3796 oc·

529 3862 652 3934 cupata
683 3872 704 3914 a
738 3851 918 3915 Saracenis
955 3852 1160 3923 Palaestina,
1192 3852 1403 3935 Stephanum
1434 3852 1626 3916 Dorensem
1660 3854 1855 3934 episcopum

529 3986 604 4029 cum
631 3968 798 4031 mandatis
822 3969 866 4030 ad
888 3989 915 4032 s.
940 3967 1126 4030 Martinum
1153 3970 1301 4048 primum
1326 3969 1461 4031 dimisit
1491 3988 1580 4031 anno
1604 3971 1680 4047 643,
1711 3969 1745 4030 in
1776 3985 1857 4049 quo·

529 4102 602 4145 rum
627 4083 847 4146 instructione
872 4082 958 4146 haec
981 4084 1088 4146 verba
1111 4094 1307 4146 cernuntur:
1332 4084 1388 4147 De
1401 4083 1538 4167 fimilus
1560 4088 1674 4147 terrae
1690 4103 1795 4167 usque
1816 4080 1861 4143 ad

529 4199 688 4261 terminos
709 4198 783 4263 azias
805 4199 939 4261 ambula
962 4199 1063 4262 donec
1085 4196 1131 4261 ud
1146 4198 1373 4283 Apostolicom
1394 4198 1512 4272 sedem,
1530 4196 1858 4263 ubiortlwdoxormn

529 4314 718 4399 dogmtrrm
735 4312 969 4400 sundanaenta
984 4315 1144 4388 existunt,
1162 4314 1409 4398 perveniente).
1425 4314 1514 4378 Suas
1529 4325 1643 4377 autem
1658 4316 1755 4377 vices
1771 4312 1858 4376 Mar·

529 4431 621 4492 tinus
645 4431 755 4492 eidem
775 4428 950 4511 Stephano
966 4432 1000 4492 in
1017 4430 1238 4492 orientalibus
1254 4432 1441 4511 provinciis
1455 4431 1639 4514 delegavit
1664 4429 1780 4492 Annis
1802 4448 1859 4510 po·

529 4557 603 4608 stea
623 4564 705 4623 1104
722 4557 756 4607 et
775 4565 867 4624 1115,
886 4544 1071 4608 Daibertus
1086 4546 1279 4628 patriarcha
1294 4567 1314 4608 a
1331 4546 1501 4610 Balduino
1516 4565 1597 4630 rege
1613 4556 1648 4609 et
1658 4544 1860 4627 Arnulphus

530 4680 551 4722 a
573 4662 720 4723 concilio
743 4661 901 4743 depositi,
926 4660 1077 4724 Romam
1101 4680 1236 4733 venere,
1259 4672 1293 4724 et
1316 4682 1395 4724 suas
1421 4682 1542 4725 causas
1565 4665 1641 4744 ipsa
1666 4661 1861 4742 praesentia

529 4776 872 4839 commendabiliores
896 4778 1083 4839 reddidere.
1112 4776 1168 4839 Ex
1194 4780 1319 4859 quibus
1343 4779 1472 4861 liquido
1496 4797 1683 4861 agnoscere
1704 4779 1860 4860 potestis,

530 4892 848 4975 Ierosolymitanam
873 4892 1069 4955 cathedram
1100 4893 1281 4956 Romanae
1308 4913 1444 4975 semper
1466 4892 1576 4957 ’fuisse
1605 4895 1860 4976 obsequentem.

617 5052 659 5117 (1)
677 5053 742 5108 Art,
757 5052 796 5109 18,
816 5069 841 5104 n.
862 5065 885 5104 a.
900 5081 938 5090 -
958 5056 994 5114 (2)
1013 5054 1097 5118 Epist.
1117 5053 1159 5115 89,
1178 5056 1215 5103 ad
1231 5056 1347 5119 August.
1367 5082 1401 5092 -
1420 5053 1459 5117 (3)
1476 5054 1584 5105 Homil-
1599 5050 1640 5119 87,
1660 5056 1691 5102 in
1709 5054 1815 5105 Hand.
1829 5080 1860 5090 -·

530 5142 570 5201 (4¹
590 5141 680 5190 Canon
700 5138 724 5193 6.
748 5168 772 5179 -
796 5142 836 5203 (5)
855 5142 939 5205 Epist.
960 5145 996 5191 od
1014 5143 1108 5194 Ioann.
1130 5144 1280 5208 lerosolym.
1303 5171 1330 5180 -
1354 5146 1390 5205 ((1)
1409 5144 1492 5193 Divus
1510 5142 1637 5209 Sophron.
