4166 6182
524 561 583 609 XX
1060 561 1323 612 INTRODUCTIO

516 712 603 805 plus
620 709 718 806 fidei
743 711 868 783 datum
897 714 1050 784 erratico
1077 712 1249 808 Aethiopi
1285 737 1395 806 quarn
1435 712 1671 787 Patriarchae
1708 727 1745 785 et
1782 710 1855 807 epi·

521 842 626 938 scopi
656 843 815 917 Nicaeni
845 843 1069 918 testimoniis
1096 860 1133 919 et
1162 844 1320 919 vinculis
1352 861 1390 919 et
1421 845 1499 920 suis
1535 846 1631 920 ultra
1664 843 1856 941 octoginta

521 1000 641 1050 annos
669 978 859 1052 laboribus
893 978 930 1050 in
960 976 1074 1052 sterili
1113 978 1178 1052 illo
1207 1003 1297 1052 arvo
1317 979 1527 1075 insumptis
1549 978 1751 1053 iustissime
1771 992 1856 1051 ante

521 1111 645 1183 Deum
675 1126 712 1185 et
739 1110 912 1185 homines
940 1127 1215 1207 conquerentur
1235 1112 1285 1205 »(
1312 1116 1336 1211 ).

521 1422 826 1480 coll’llrnbasciatore
848 1420 979 1491 Veneto,
1002 1418 1089 1480 accio
1111 1422 1257 1480 scrivesse
1278 1424 1339 1481 alla
1360 1422 1551 1499 Repubblica
1571 1423 1629 1482 che
1650 1424 1769 1481 volesse
1783 1438 1855 1479 con·

520 1521 609 1578 durlo
631 1520 663 1577 in
686 1518 819 1596 Etiopia,
841 1516 954 1596 perche
976 1521 1163 1579 riuscendoli
1184 1522 1216 1578 di
1238 1522 1369 1580 arrivare
1390 1540 1409 1580 a
1429 1521 1662 1598 quell'irnperio,
1684 1521 1855 1579 haverebbe

520 1617 728 1677 riconosciuto
750 1637 838 1676 come
860 1618 1032 1677 convenire
1053 1620 1096 1677 tal
1118 1619 1273 1679 benefitio.
1295 1619 1348 1678 Ma
1369 1620 1481 1679 havuta
1503 1621 1533 1679 la
1547 1619 1689 1695 negativa
1703 1619 1756 1677 dal
1771 1618 1855 1676 detto

521 1716 752 1774 Ambasciatore
773 1734 827 1792 per
847 1717 966 1775 diverse
988 1716 1108 1792 regioni
1129 1727 1159 1775 et
1181 1718 1213 1775 in
1234 1718 1417 1794 particolare
1438 1714 1550 1794 perche
1571 1718 1631 1793 egli
1652 1735 1716 1775 non
1738 1734 1791 1774 era
1805 1715 1854 1790 qui

520 1814 728 1873 riconosciuto
751 1832 803 1889 per
824 1814 885 1872 tale
906 1815 997 1890 quale
1019 1815 1043 1873 si
1066 1815 1182 1886 lacem,
1204 1817 1245 1873 113
1266 1816 1378 1875 rivolto
1400 1817 1526 1875 l'animo
1541 1835 1559 1874 3
1574 1814 1683 1874 valersi
1698 1814 1747 1872 de'
1763 1812 1854 1872 Fran-

522 1911 592 1981 cesi,
615 1911 779 1970 ricusando
800 1913 831 1969 di
855 1914 938 1970 voler
959 1931 1082 1989 passare
1104 1931 1158 1989 per
1180 1914 1208 1971 le
1230 1916 1312 1971 mani
1334 1914 1383 1972 de'
1405 1912 1552 1990 Spagnoli
1573 1932 1628 1989 per
1649 1914 1670 1971 il
1689 1911 1786 1970 dubio
1800 1910 1855 1968 che

521 2010 562 2068 ha
582 2010 614 2066 di
636 2027 700 2068 non
721 2026 802 2068 esser
823 2010 956 2069 ritenuto
978 2030 1033 2088 per
1054 2030 1174 2087 sempre
1195 2012 1227 2069 in
1248 2012 1352 2087 quella
1373 2021 1458 2070 corte
1479 2030 1496 2069 3
1517 2012 1664 2070 temendo
1685 2011 1737 2069 (131
1766 2008 1854 2067 Ρ3(111

520 2106 641 2166 Gesuiti
662 2106 719 2165 che
740 2125 804 2166 non
828 2108 945 2167 lasciuo
967 2110 1122 2185 diligenza
1149 2127 1204 2184 per
1235 2110 1387 2184 impedirli
1411 2110 1429 2167 il
1452 2127 1508 2168 suo
1529 2111 1647 2167 ritorno
1668 2108 1701 2166 in
1723 2106 1854 2182 Etiopia.

520 2223 577 2263 ove
598 2205 658 2262 essi
680 2223 697 2262 e
718 2206 738 2262 il
762 2205 807 2263 Re
828 2204 983 2265 Cattolico
1006 2206 1111 2265 hanno
1134 2207 1212 2265 tanti
1234 2207 1372 2265 interessi
1395 2207 1538 2266 massime
1559 2208 1608 2265 col
1629 2206 1783 2265 moderno
1797 2204 1855 2261 Im·

519 2313 719 2379 peratore...
742 2302 793 2361 Ha
813 2304 846 2361 di
867 2299 919 2379 piri
941 2305 1114 2381 significato
1135 2305 1193 2363 che
1215 2306 1361 2363 vorrebbe
1382 2305 1498 2364 andare
1520 2307 1552 2363 in
1577 2303 1724 2380 Ethiopia
1752 2321 1808 2379 per
1828 2302 1855 2358 ln

520 2403 569 2459 via
590 2403 639 2460 del
663 2401 731 2459 Mar
753 2400 852 2461 Rosso
873 2421 890 2460 e
912 2412 1068 2461 smontare
1089 2403 1122 2460 in
1144 2422 1184 2461 un
1207 2413 1296 2478 porto
1317 2405 1404 2462 detto
1426 2400 1545 2473 Mazult,
1567 2397 1679 2478 perche
1708 2401 1750 2459 ivi
1779 2417 1855 2458 sono

519 2500 634 2576 signori
656 2518 674 2558 e
694 2500 834 2576 prencipi
856 2501 923 2559 suoi
945 2501 1036 2559 amici
1059 2500 1131 2559 colli
1154 2501 1237 2575 quali
1259 2519 1348 2576 spera
1369 2502 1481 2559 arrivar
1501 2500 1684 2576 ‘all'irnperio
1702 2498 1735 2556 di
1751 2497 1855 2556 Ethio·

520 2597 571 2672 pia
592 2617 611 2656 o
634 2599 758 2657 almeno
779 2608 841 2657 star
862 2616 921 2656 con
943 2599 1001 2657 essi
1024 2616 1084 2657 con
1106 2599 1237 2674 qualche
1257 2599 1354 2672 grado
1375 2599 1595 2674 riguardevole.
1617 2597 1666 2655 Da
1685 2599 1856 2672 ’033111033-

519 2697 592 2754 sieri
605 2696 720 2770 grandi
736 2695 773 2754 V.
796 2695 830 2753 E.
853 2694 941 2772 porri
962 2698 1188 2772 congietturare
1209 2696 1256 2753 clu
1275 2706 1368 2771 questo
1378 2695 1493 2770 ἑ(11001113
1505 2716 1559 2754 non
1573 2702 1588 2752 ὲ
1600 2704 1667 2753 nato
1685 2696 1858 2753 bassamentc

520 2810 537 2849 3
559 2792 616 2850 che
637 2789 741 2868 percib
763 2794 914 2852 conviene
935 2794 967 2851 di
989 2794 1035 2852 131
1056 2793 1226 2853 riflessione
1248 2793 1432 2868 particolare
1453 2793 1515 2852 3113
1542 2792 1749 2868 dispositione
1776 2790 1857 2848 della

520 2907 653 2965 persona
673 2908 728 2948 sua
750 2887 872 2966 perche,
894 2910 925 2949 se
947 2891 1029 2950 10333
1050 2892 1112 2949 1313
1133 2892 1204 2967 qual
1227 2893 1252 2949 si
1274 2892 1343 2949 133
1371 2891 1536 2950 1110103333
1564 2892 1596 2948 10
1624 2888 1782 2965 Ethiopia,
1805 2906 1857 2963 po·

520 2987 625 3045 trebbe
647 2987 710 3045 1313
731 3006 807 3063 gran
828 2990 906 3046 bene
927 3007 944 3046 e
965 3007 1040 3065 gran
1062 2990 1150 3047 male.
1164 3032 1171 3047 .
1185 3033 1211 3046 ..
1235 2989 1279 3046 Mi
1300 3006 1373 3064 pare
1394 3006 1458 3046 non
1479 2990 1526 3046 sia
1545 2990 1624 3046 bene
1651 2987 1684 3044 di
1715 2985 1857 3044 lasciarlo

519 3086 682 3143 attaccarsi
703 3088 732 3143 ai
754 3084 907 3157 Francesi,
930 3083 1043 3163 perche
1064 3087 1163 3162 questi
1186 3087 1455 3162 cagionarebbono
1476 3104 1553 3161 gran
1573 3096 1659 3143 moto
1674 3082 1857 3141 nell'Ethio·

520 3184 572 3258 pia
593 3201 610 3240 e
631 3182 809 3242 facilmente
831 3185 850 3241 li
870 3182 1015 3242 Francesi
1037 3202 1091 3260 per
1112 3185 1302 3243 condurvelo
1324 3186 1529 3242 sicuramente
1549 3184 1574 3241 si
1589 3183 1785 3240 varrebbono
1806 3181 1858 3238 de·

520 3279 749 3356 gl'Hollaudesi
771 3281 829 3339 che
851 3282 1004 3355 navigano
1027 3281 1137 3339 l'lndie
1157 3300 1175 3340 e
1195 3282 1268 3340 colli
1281 3281 1422 3340 Francesi
1437 3280 1744 3339 s'introdurrebbono
1759 3278 1857 3336 303113

520 3377 748 3450 gl'Hollandesi
769 3378 895 3438 heretici
918 3381 949 3436 10
975 3380 1046 3454 quel
1078 3379 1161 3438 ricco
1193 3398 1284 3456 paese
1316 3381 1403 3438 d'oro
1424 3397 1442 3437 e
1462 3380 1494 3436 (11
1526 3379 1607 3453 gioie
1627 3396 1645 3435 e
1666 3394 1728 3435 con
1750 3376 1811 3434 essi
1832 3374 1856 3432 si

520 3476 710 3534 metterebbe
732 3476 872 3533 l'lreresia
894 3478 923 3532 in
947 3475 1100 3551 Ethiopia.

602 3571 745 3631 Crederei
767 3573 824 3630 che
846 3572 927 3631 fosse
949 3573 1063 3647 meglio
1084 3575 1263 3632 trattenerlo
1285 3575 1336 3649 qui
1359 3582 1438 3632 tutto
1459 3574 1655 3649 quest'estate
1678 3572 1710 3629 iu
1725 3572 1856 3646 qualche

521 3671 614 3745 luogo
636 3669 714 3728 fuori
737 3671 776 3727 de
798 3670 868 3727 frati
890 3688 950 3727 con
973 3670 1040 3727 13111
1062 3672 1165 3745 quelle
1186 3688 1307 3729 carezze
1335 3671 1392 3729 che
1413 3671 1438 3729 si
1459 3673 1595 3746 poss'ono
1628 3670 1691 3727 1313
1724 3670 1766 3726 ad
1797 3686 1857 3725 una

520 3785 653 3843 persona
673 3767 787 3833 nobile,
810 3785 827 3824 e
849 3775 996 3825 trattanto
1018 3768 1043 3824 si
1065 3769 1212 3842 potrebbe
1233 3770 1363 3826 scrivere
1391 3769 1420 3826 al
1449 3768 1592 3826 collettor
1618 3767 1650 3824 di
1680 3766 1857 3842 Portogallo

520 3865 579 3923 che
599 3863 751 3922 s'inlorrni
771 3865 812 3921 da
834 3864 983 3921 mercanti
1005 3863 1182 3940 d'Ethiopia
1209 3867 1379 3924 solamente
1410 3866 1442 3922 di
1473 3873 1581 3940 questo
1612 3865 1747 3938 giovane
1770 3882 1788 3922 e
1809 3863 1856 3922 del

521 3981 577 4021 suo
598 3971 678 4020 stato
699 3971 730 4019 et
750 3962 780 4018 al
803 3961 932 4019 consolo
954 3962 1003 4018 del
1026 3961 1110 4019 Gran
1131 3961 1223 4020 Cairo
1244 3981 1298 4038 per
1330 3963 1349 4019 il
1383 3963 1552 4020 medesimo
1584 3961 1721 4019 effetto...
1745 3960 1786 4019 Se
1807 3960 1857 4037 poi

521 4058 589 4117 3311
610 4059 651 4116 131
674 4059 745 4133 qual
768 4057 793 4116 si
815 4058 876 4115 13...
898 4059 922 4114 31
946 4054 1008 4133 pub
1029 4060 1153 4116 credere
1174 4059 1231 4117 che
1252 4057 1382 4118 sosterrri
1404 4060 1433 4117 la
1453 4059 1602 4133 religione
1617 4059 1767 4116 cattolica
1780 4075 1858 4115 mas·

521 4156 705 4214 simamente
725 4173 754 4213 se
773 4157 803 4212 si
827 4154 964 4211 monderci
994 4164 1212 4228 accompagnalo
1243 4156 1281 4212 do
1301 4181 1318 4230 4
1340 4156 1427 4213 buoni
1448 4155 1544 4229 padri
1572 4154 1775 4224 Francrintam’,
1807 4153 1857 4211 alli

521 4252 606 4327 quali
627 4251 687 4327 egli
709 4261 798 4327 porta
819 4251 988 4320 3113111003,
1011 4269 1069 4309 300
1092 4252 1200 4309 ordine
1221 4252 1278 4309 che
1299 4253 1329 4310 10
1351 4236 1573 4326 mantenghino
1588 4251 1672 4309 nella
1687 4251 1761 4309 sede
1777 4270 1795 4309 3
1810 4250 1857 4307 031

521 4350 615 4406 111001
635 4348 667 4404 (11
690 4347 750 4406 [)10
772 4366 789 4406 3
811 4348 868 4405 che
901 4348 1072 4406 l’essortino
1103 4349 1143 4406 ad
1175 4349 1297 4424 opporsi
1328 4349 1380 4406 alli
1411 4349 1551 4407 tentativi
1583 4348 1667 4406 della
1688 4349 1807 4424 moglie
1827 4346 1857 4404 di

522 4445 658 4518 Cagued,
681 4446 815 4520 quando,
838 4454 946 4519 questo
968 4454 1077 4514 morto,
1100 4447 1216 4504 volessc
1238 4446 1284 4502 131
1305 4447 1374 4520 quel
1396 4456 1483 4504 tanto
1498 4445 1608 4520 ch’egli
1623 4446 1694 4503 dice
1709 4446 1770 4505 che
1785 4442 1858 4503 1311.

522 4542 670 4617 Equester
700 4543 831 4599 missione
860 4542 894 4598 de
924 4542 1050 4599 suddetti
1068 4542 1167 4599 Padre'
1194 4543 1378 4600 riuscirebbe
1410 4544 1506 4601 molto
1530 4561 1549 4599 a
1570 4543 1733 4618 proposito
1755 4561 1811 4619 per
1832 4542 1860 4598 la

522 4638 602 4696 Sede
623 4637 813 4713 Apostolica,
835 4638 1217 4713 conlorrn'all’esperieuze
1238 4639 1286 4696 sin
1308 4640 1359 4712 qui
1382 4640 1466 4708 13113,
1487 4640 1567 4697 30113
1588 4639 1674 4715 quali
1696 4636 1741 4697 s'e
1763 4656 1859 4698 osser·

521 4744 594 4793 vato
615 4752 696 4793 esser
717 4736 830 4810 meglio
852 4734 908 4791 che
931 4735 979 4791 ne'
1002 4736 1087 4809 regni
1108 4736 1267 4793 d'inledeli
1288 4753 1305 4792 e
1327 4736 1492 4794 scismatici
1513 4737 1542 4793 vi
1565 4735 1654 4794 siano
1673 4737 1813 4812 religiosi
1828 4733 1858 4791 di

522 4829 576 4909 piri
597 4833 738 4907 religioni
760 4834 818 4890 3113
839 4833 934 4889 d'una
955 4832 1021 4889 sola
1036 4856 1049 4883 ι
1084 4830 1183 4909 (APF,
1207 4832 1229 4887 I
1246 4832 1365 4907 Aegypt.
1388 4833 1566 4907 3111311110,
1583 4834 1643 4892 vol.
1660 4849 1729 4904 211,
1746 4835 1766 4893 1.
1782 4830 1858 4908 109).

590 4930 648 5003 .(1)
670 4929 748 4987 Vide
770 4931 919 5004 integram
942 4929 1104 5003 epistolam
1126 4928 1318 4986 Patriarchae
1339 4930 1379 4986 ad
1394 4930 1423 4988 S.
1438 4928 1592 5004 Cong.nem
1606 4931 1646 4988 de
1665 4929 1761 5007 Prop.
1776 4931 1858 4998 Fide,

522 5026 601 5093 Goa,
621 5041 650 5082 11
669 5045 739 5083 nov.
765 5026 840 5098 1638
863 5027 895 5082 in
917 5026 1122 5099 Erpeditronis
1143 5024 1233 5093 netu,
1256 5025 1306 5082 lib.
1328 5025 1380 5095 IV,
1405 5045 1472 5103 cap.
1494 5043 1528 5083 lv
1544 5028 1626 5099 (Rer.
1642 5028 1724 5087 Actu.
1743 5029 1859 5103 Script„

429 5145 433 5154 ·
524 5122 653 5191 101111,
676 5121 896 5198 [1035305111.
