4066 6174
545 602 607 683 396
874 616 1148 669 nxanTrorus
1172 614 1431 670 Ansfflomcan
1455 616 1536 669 nnc.

544 779 642 813 morum
655 765 736 813 vicem
756 765 833 822 subit.
846 779 871 830 p.
885 775 927 830 35.
940 793 973 803 -
987 767 1010 819 8.
1026 767 1165 816 meenta
1184 774 1210 816 et
1227 766 1367 830 legumina.
1385 766 1437 815 Tei
1455 764 1664 816 laudatissimum
1684 766 1794 829 ipsomm
1813 764 1862 813 irn-

543 862 665 905 mentum.
681 854 776 904 Ensete
795 855 869 904 arbor
887 856 994 913 maaria,
1013 871 1037 921 p.
1057 850 1099 917 36.
1136 885 1147 893 -
1172 867 1197 921 9.
1216 857 1348 906 Arborum
1361 855 1466 905 utilium
1479 871 1560 919 parva
1571 863 1611 904 eat
1625 854 1710 919 copia.
1729 869 1755 919 p.
1773 862 1813 915 37.
1831 882 1861 890 —

547 954 585 993 ιο,
604 943 786 993 Animantium
806 944 896 1007 ingens
914 945 1025 995 ubertas.
1045 945 1114 1009 Equi
1133 954 1159 994 et
1177 944 1270 996 mulae.
1290 943 1440 1009 Elephanti.
1458 944 1563 1007 Onager
1580 959 1626 994 seu
1644 959 1727 1001 mara,
1745 958 1769 1008 p.
1787 952 1818 1003 37
1834 970 1861 979 -

547 1042 586 1080 11.
605 1030 796 1091 Giratncaehin‚
814 1033 869 1082 sire
886 1032 998 1083 struthio
1015 1033 1139 1092 camelus,
1158 1050 1183 1099 p.
1203 1032 1244 1095 38.

544 1228 674 1293 CAPUT
697 1225 761 1291 III.
776 1263 820 1278 -
837 1228 940 1313 Origo
954 1235 988 1293 et
1002 1230 1144 1314 antiqua
1157 1229 1270 1315 gantis
1286 1228 1490 1315 aethiopicae
1506 1228 1634 1315 rotagae.
1666 1249 1745 1312 pag.
1772 1248 1861 1309 39·47

632 1388 832 1439 Summarlnm.
861 1402 882 1440 ι.
907 1390 976 1438 Gens
1001 1387 1148 1454 aethiopica
1172 1404 1201 1438 es
1225 1388 1303 1438 India
1327 1405 1379 1439 non
1402 1389 1528 1455 provenit.
1554 1389 1665 1439 Interior
1682 1388 1761 1438 India
1778 1389 1865 1440 dicitur

543 1476 687 1542 Aethiopia
706 1488 822 1543 respectu
840 1478 992 1543 Superioris.
1014 1479 1091 1529 Color
1104 1488 1129 1529 et
1143 1477 1308 1532 lineamenta.
1327 1479 1464 1543 Ingenium
1477 1478 1607 1545 plerisque
1624 1494 1683 1529 aner
1700 1488 1726 1530 et
1745 1480 1864 1536 limatum,

544 1582 569 1630 p.
588 1578 630 1628 40.
649 1596 683 1603 -
703 1579 727 1617 2.
746 1567 865 1630 Reginae
884 1567 952 1616 Saba
969 1566 1074 1630 vulgata
1093 1568 1222 1617 intereos
1240 1565 1358 1626 historia.
1376 1582 1402 1632 p.
1421 1578 1465 1629 4ο.
1483 1594 1518 1605 -
1537 1577 1562 1629 3.
1580 1568 1692 1618 Veritati
1713 1568 1794 1618 multa
1815 1567 1865 1632 ple

543 1669 651 1718 rumque
668 1663 823 1718 nugamenta
842 1656 967 1706 intersita.
986 1655 1092 1720 Regina
1110 1656 1180 1706 Saba
1198 1655 1353 1721 aethiopica,
1372 1672 1424 1706 non
1443 1656 1556 1715 arabica.
1574 1672 1600 1722 p.
1619 1669 1661 1719 40.
1681 1684 1715 1694 -
1729 1671 1753 1718 4.
1767 1657 1865 1711 &cern

543 1758 609 1808 quae
628 1744 726 1793 Pineda
744 1744 876 1809 percurrit,
896 1746 922 1793 in
941 1743 1085 1811 Aethiopia
1103 1745 1271 1810 reperiuntur.
1291 1746 1386 1795 Terrae
1405 1744 1467 1795 fines
1486 1746 1571 1811 aptius
1590 1747 1617 1794 in
1634 1744 1780 1811 Aethiopia
1794 1761 1865 1810 qnam

544 1832 569 1880 ln
588 1834 697 1889 Arabia,
716 1848 741 1899 p.
760 1845 803 1896 42.
832 1861 852 1869 -
876 1845 900 1898 5.
919 1833 1038 1898 Reginae
1057 1834 1125 1884 Saba
1145 1850 1204 1885 curn
1223 1834 1363 1885 Salomone
1375 1831 1529 1886 affinitatem
1549 1846 1574 1885 et
1593 1835 1699 1885 traditio
1717 1843 1744 1885 et
1759 1835 1810 1887 alia
1824 1835 1866 1884 ad-

544 1921 668 1971 minicula
686 1922 875 1975 commendant.
894 1922 997 1972 Iudices
1016 1922 1135 1972 dicuntur
1146 1924 1282 1982 Umbares,
1298 1923 1365 1973 idest
1384 1923 1467 1982 aedes,
1486 1940 1512 1988 p.
1532 1936 1575 1986 42.
1588 1953 1623 1962 -
1635 1922 1659 1976 6.
1678 1923 1743 1974 Alia
1756 1924 1867 1973 iudaicae

543 2011 651 2073 originis
670 2022 827 2074 argumenta.
842 2006 947 2060 'Militia
964 2011 1112 2076 aethiopica
1130 2011 1256 2061 hebraeae
1274 2021 1313 2062 est
1336 2013 1536 2072 inritamentum,
1554 2029 1579 2078 p.
1598 2024 1641 2077 43.
1666 2042 1700 2051 -
1726 2025 1751 2078 7.
1771 2013 1866 2063 Iudices

543 2100 577 2149 nb
594 2100 752 2165 Imperatore
770 2110 916 2166 poscuntur.
935 2100 1032 2149 Nullus
1050 2110 1089 2150 eat
1104 2117 1197 2159 carcer.
1217 2100 1262 2150 sed
1282 2117 1333 2151 una
1353 2102 1393 2151 vel
1413 2101 1480 2152 duae
1497 2111 1612 2159 catenae.
1631 2117 1655 2168 p.
1675 2113 1718 2165 44.
1735 2130 1765 2140 —
1781 2101 1804 2152 8.
1816 2101 1865 2152 Soli

544 2190 623 2237 actori
635 2198 712 2238 testes
724 2189 863 2254 producere
875 2189 944 2239 licet.
959 2190 1124 2249 Homicidae,
1136 2192 1204 2240 caesi
1219 2191 1419 2254 consanguineis
1430 2190 1626 2240 exeamificandi
1640 2191 1783 2249 traduntur,
1792 2206 1817 2257 p.
1829 2206 1865 2253 44.

544 2308 574 2316 -
591 2290 616 2339 9.
635 2279 666 2327 In
686 2280 858 2328 matrimoniis
877 2278 1047 2328 dissolvendis
1060 2295 1161 2329 summa
1175 2264 1324 2345 impunitas,
1343 2296 1368 2345 p.
1389 2291 1432 2345 45.
1445 2308 1479 2319 -
1495 2293 1534 2332 ιο.
1548 2280 1628 2330 Ritus
1641 2281 1779 2337 inneralea,
1792 2297 1817 2346 p.
1829 2292 1866 2345 45.

544 2396 577 2406 —
594 2380 633 2420 11.
647 2370 734 2418 Mores
747 2369 903 2433 coniugales.
917 2368 1005 2418 Crttda
1017 2369 1113 2419 bubula
1125 2378 1151 2419 et
1169 2370 1231 2420 felle
1243 2370 1349 2420 condita
1362 2370 1531 2428 delectantur,
1549 2386 1575 2436 p.
1594 2369 1636 2434 46.
1656 2399 1677 2410 -
1706 2383 1746 2423 12.
1759 2371 1866 2436 Simplex

544 2460 566 2506 is
585 2458 657 2505 cibus
676 2457 759 2507 multo
776 2465 878 2507 constat
897 2457 1037 2521 impendio.
1056 2474 1081 2523 p.
1101 2467 1143 2520 47·
1168 2486 1201 2496 —
1230 2469 1269 2520 13.
1289 2459 1352 2508 Vini
1371 2459 1523 2509 conficiendi
1550 2459 1650 2510 modus.
1673 2460 1740 2510 Eius
1766 2461 1866 2525 inpetu

544 2546 659 2608 largitas.
677 2563 702 2612 p.
722 2556 764 2608 47.

543 2740 673 2804 CAPUT
696 2741 757 2804 IV.
782 2777 825 2791 -
853 2743 903 2806 Da
926 2743 1061 2806 nomiae
1083 2744 1274 2828 presbyteri
1293 2744 1449 2820 [manas.
1471 2749 1506 2808 et
1526 2743 1565 2807 de
1594 2744 1691 2808 caha'li
1715 2749 1752 2808 et
1784 2743 1891 2807 nuli·

632 2857 706 2921 tari
725 2858 1021 2921 administratione
1023 2905 1620 2924 ,,,,,,,,,,,,
1667 2878 1747 2944 pag,
1772 2878 1865 2939 49.53

632 3018 831 3068 Summarluan.
854 3031 875 3071 1.
889 3019 1033 3084 Imperator
1050 3022 1156 3082 Aaegue
1174 3019 1213 3091 vel
1227 3021 1284 3069 Ant
1296 3019 1399 3072 dicitur.
1417 3000 1556 3085 Presbyter
1566 3020 1678 3071 Ioannes
1697 3036 1712 3069 a
1730 3020 1807 3070 nobis
1821 3034 1866 3068 non

545 3107 577 3155 ab
596 3106 726 3169 indigenis
743 3116 856 3165 vocatur,
875 3123 900 3172 Ρ·
920 3120 963 3169 49·
993 3137 1025 3144 -
1056 3119 1079 3159 2.
1099 3109 1204 3158 Praeter
1223 3108 1407 3173 Imperatorem
1432 3108 1519 3159 nullus
1537 3119 1576 3159 eat
1593 3109 1652 3159 Rex
1676 3110 1703 3158 in
1722 3107 1866 3173 Aethiopia.

544 3194 670 3244 Praefecti
690 3197 774 3259 magis
792 3197 928 3261 piraticam
941 3212 1019 3261 quam
1032 3198 1219 3262 praefecturam
1232 3207 1357 3256 exercent.
1376 3212 1401 3263 p.
1423 3209 1463 3262 50.
1481 3228 1506 3236 -
1524 3208 1549 3259 3.
1569 3198 1694 3248 Beteudet
1712 3199 1867 3263 principatus

545 3284 570 3331 in
592 3284 647 3332 Rns
667 3284 826 3337 immutatus.
851 3285 912 3334 Duo
937 3284 1115 3335 Bellatinoche
1137 3285 1239 3345 Goltae,
1258 3301 1283 3350 p.
1304 3298 1345 3350 50.
1371 3313 1404 3323 -
1430 3299 1455 3349 4.
1475 3287 1586 3337 Militari
1610 3296 1636 3336 et
1658 3287 1771 3351 equestri
1790 3287 1867 3350 gloria

544 3372 712 3436 praefulgent.
732 3374 893 3423 Munimenta
912 3380 938 3422 et
955 3373 1015 3431 mla.
1035 3388 1060 3439 p.
1080 3386 1122 3439 51.
1138 3402 1167 3412 -
1183 3384 1207 3437 5.
1222 3375 1402 3425 Ministroram
1421 3376 1505 3425 maior
1519 3377 1547 3425 in
1564 3377 1656 3425 carnis
1668 3391 1747 3440 quam
1761 3375 1866 3425 militnm

545 3461 691 3514 multitudo.
711 3461 870 3511 Procedendi
888 3474 913 3512 et
931 3463 1130 3513 castrametandi
1156 3463 1256 3522 modus,
1275 3479 1300 3529 p.
1320 3476 1363 3529 51.
1389 3491 1421 3502 -
1446 3459 1472 3516 6.
1491 3464 1591 3514 Castris
1615 3464 1771 3529 aethiopicis
1792 3464 1867 3513 fames

464 3612 466 3616 .
544 3550 690 3602 familiaria.
710 3552 798 3600 Famis
811 3550 887 3602 huius
899 3568 999 3609 causae,
1012 3569 1037 3618 p.
1052 3562 1092 3615 52.
1109 3580 1139 3590 -
1155 3560 1178 3611 7.
1192 3554 1287 3617 Erigui
1305 3553 1472 3618 Imperatoria
1484 3553 1642 3619 Aethiopiae
1655 3552 1779 3613 thesauri,
1791 3568 1817 3618 p.
1829 3562 1867 3616 52.

544 3746 673 3811 CAPUT
696 3746 739 3809 V.
764 3785 805 3794 -
831 3745 1050 3811 Christianae
1073 3748 1249 3835 religionis
1269 3748 1307 3812 in
1322 3747 1503 3833 Aethiopta
1518 3749 1620 3836 origo.
1667 3768 1747 3833 pag.
1773 3766 1865 3830 5559

630 3909 829 3958 Summarlum.
852 3921 873 3960 ι,
893 3909 975 3957 Divus
995 3907 1143 3958 Matthaeus
1162 3910 1189 3958 in
1202 3909 1343 3975 Aethiopia
1355 3925 1407 3959 non
1419 3910 1586 3974 praedicavit.
1604 3909 1652 3959 sed
1666 3910 1692 3958 in
1705 3909 1803 3962 Nabia.
1820 3908 1865 3959 Sed

544 3995 676 4045 eunuchus
694 3998 797 4059 reginae
816 3997 952 4060 Condatis,
971 4012 996 4062 p.
1017 4008 1059 4060 55.
1074 4024 1104 4034 -
1120 4009 1144 4049 2.
1162 3997 1304 4047 Eunuchus
1330 3998 1374 4048 ille
1393 3998 1539 4064 proselytus
1557 4006 1621 4055 erat,
1634 4014 1659 4063 p.
1673 4010 1716 4063 55.
1731 4027 1756 4035 -
1779 4009 1802 4060 3.
1815 3999 1867 4047 Me-

545 4086 632 4150 ropius
651 4087 732 4149 tyrius
749 4083 936 4150 phylosophus.
955 4086 1067 4150 Meropii
1087 4101 1166 4151 nepos
1186 4086 1355 4136 Frcmonatoa
1374 4103 1419 4137 seu
1437 4105 1457 4139 s.
1477 4088 1652 4140 Frumentins.
1677 4088 1822 4153 Meropium
1840 4102 1865 4135 ex

475 4241 477 4245 ‚
544 4174 621 4222 India
639 4174 785 4223 redeuntem
806 4173 907 4222 barbari
926 4173 1063 4231 trucidant,
1082 4190 1106 4239 p.
1128 4171 1169 4237 56.
1183 4202 1215 4211 —
1227 4189 1250 4236 4.
1262 4176 1426 4225 Frumentius
1439 4177 1557 4243 captivus
1570 4175 1711 4242 aethiopici
1731 4176 1813 4240 Regia
1830 4192 1866 4224 ra-

544 4264 657 4311 tionibus
676 4262 830 4327 praeticitur.
850 4263 923 4326 Rege
942 4273 1050 4320 mortuo,
1070 4278 1175 4326 regnum
1188 4263 1359 4316 administrat.
1378 4264 1447 4313 Rem
1460 4264 1628 4315 christianam
1641 4272 1722 4324 curat,
1740 4281 1766 4331 p.
1782 4262 1820 4329 5⁶.
1835 4290 1865 4300 -

544 4364 568 4415 5.
587 4352 751 4400 Frumentius
770 4351 953 4401 Alexandriam
966 4353 1075 4416 perrexit
1087 4352 1121 4401 ad
1133 4367 1153 4400 a.
1167 4352 1352 4404 Athanasium.
1365 4354 1531 4403 Frumentins
1544 4370 1558 4403 a
1571 4369 1592 4406 a.
1610 4353 1761 4405 Athanasio
1775 4355 1866 4420 primus

545 4440 703 4504 Aethiopiae
721 4442 857 4505 episcopus
875 4449 1046 4499 consecratur,
1065 4457 1090 4506 p.
1110 4449 1152 4505 57.
1176 4468 1188 4476 -
1213 4438 1237 4492 6.
1257 4442 1386 4491 Fremona
1405 4459 1421 4491 a
1439 4443 1648 4492 Fremonatovel
1662 4444 1865 4493 Frumentiono-

545 4545 603 4578 men
622 4530 716 4593 coepit,
735 4545 759 4594 p.
780 4528 823 4593 58.
840 4557 874 4567 -
895 4542 919 4595 7.
939 4530 1103 4579 Frumentius
1127 4546 1148 4580 s.
1166 4528 1308 4581 Athanasii
1334 4532 1513 4594 integerrimus
1531 4532 1687 4585 observator.
1706 4536 1826 4582 Auxuma
1842 4532 1866 4579 in

544 4617 687 4682 Aethiopia
697 4634 748 4667 non
759 4619 783 4666 in
793 4621 924 4683 Aegypto.
936 4619 1100 4668 Frumentina
1109 4626 1135 4668 et
1147 4618 1279 4669 Eleabaan
1288 4635 1340 4678 rex,
1353 4628 1500 4670 sanctorum
1512 4620 1634 4685 catalogo
1647 4621 1782 4687 adscripti.
1793 4637 1818 4686 p.
1828 4618 1865 4685 58.

544 4808 675 4872 CAPUT
699 4809 758 4873 VI.
784 4846 826 4859 —
850 4812 1092 4877 Abasst'aorum
1115 4819 1231 4877 cantra
1253 4815 1449 4899 relagabnem
1472 4814 1668 4880 catholicam
1688 4835 1825 4880 errores.

1667 4949 1747 5015 pag.
1772 4933 1865 4993 broii

634 5087 832 5137 Summarium.
855 5100 877 5139 1.
896 5087 1065 5152 Aethiopiam
1081 5088 1142 5155 [stc]
1157 5090 1253 5139 errores
1271 5091 1304 5139 ab
1316 5092 1456 5156 Aegyptiis
1468 5091 1641 5145 dimanarunt.
1661 5093 1769 5142 Errores
1785 5101 1866 5142 contra

545 5174 702 5224 dominicam
723 5176 933 5226 incarnationem.
949 5177 1045 5226 Contra
1058 5194 1078 5229 s.
1092 5180 1204 5228 Leonem
1218 5190 1244 5228 et
1255 5181 1394 5229 concilium
1408 5178 1628 5240 Chalcedonense.
1643 5197 1669 5245 p.
1682 5179 1725 5232 bt.
1745 5210 1760 5219 ·
1788 5194 1811 5233 2.
1823 5181 1866 5230 Er-
