4066 6174
554 602 617 679 364
885 610 1158 663 EXPEDITIONIS
1181 609 1443 661 AETHIOPICAE
1467 610 1547 660 ETC.

552 761 664 824 Deum
689 780 790 824 nosse
813 759 848 822 in
871 779 973 841 quam
998 759 1129 823 lancem
1162 760 1306 822 victoria
1329 761 1566 841 propenderet,
1591 771 1625 822 et
1648 759 1678 822 si
1706 778 1825 822 omnes
1846 761 1878 820 in

552 876 713 940 Romana
728 875 959 948 convenirent,
975 877 1107 939 cunctis
1122 875 1277 938 hostibus
1293 873 1424 938 futuros
1439 876 1648 956 superiores:
1673 876 1767 938 bella
1782 885 1816 937 et
1833 895 1880 938 se·

551 994 699 1056 ditiones
723 991 846 1055 iustum
870 1011 946 1055 esse
960 992 1166 1074 supplicium
1182 991 1366 1053 multorum
1383 987 1602 1072 flagitiorum,
1618 1010 1707 1072 quae
1732 990 1767 1052 in
1783 990 1880 1073 regiis

551 1110 672 1172 castris
695 1108 832 1190 publice
855 1118 890 1171 et
906 1109 1043 1190 impune
1059 1108 1312 1189 grassabantur,
1336 1126 1425 1188 quae
1448 1106 1646 1189 singulatim
1662 1107 1878 1169 enumeravit

549 1223 645 1287 Tunc
669 1223 887 1287 Zamarianus
909 1223 1025 1305 regiae
1048 1223 1169 1286 domus
1193 1242 1408 1295 aeconomus,
1442 1222 1553 1305 prima
1582 1222 1683 1286 huius
1706 1223 1792 1286 belli
1814 1221 1879 1295 fax,

550 1338 611 1413 Tu,
636 1338 755 1421 inquit,
778 1338 876 1421 regni
907 1338 1176 1401 incolumitatem
1201 1358 1267 1401 non
1296 1339 1461 1411 attendis:
1493 1349 1527 1402 et
1556 1338 1616 1401 alii
1643 1339 1811 1402 submisse
1842 1358 1881 1400 ne

550 1454 610 1518 ille
633 1454 774 1528 audiret,
798 1455 1032 1518 mussitantes:
1048 1452 1102 1517 En
1119 1463 1192 1517 ater
1207 1453 1389 1519 Lusitanus
1405 1474 1468 1517 nos
1490 1463 1525 1517 et
1539 1464 1691 1517 nostrum
1708 1454 1880 1536 imperium

549 1570 720 1653 perditum
743 1570 878 1633 emittit.
1379 1566 1381 1570 '

239 1694 320 1745 videi
332 1695 411 1760 optio
423 1709 523 1758 greg·-
641 1705 669 1766 7.
695 1686 779 1749 Post
802 1686 985 1750 concilium
1002 1686 1098 1757 illud,
1111 1687 1145 1749 in
1162 1686 1283 1767 palatii
1299 1704 1413 1748 aream
1431 1685 1642 1748 descendens
1658 1684 1880 1756 Zamariauus,

202 1765 458 1887 {mmmm
477 1767 523 1817 οἷ’
551 1802 697 1865 militum
721 1802 956 1886 gregariorum
979 1802 1100 1865 turmis
1123 1802 1251 1865 ibidem
1275 1802 1445 1865 stantibus
1468 1801 1576 1863 dixit:
1600 1799 1783 1864 Attendite
1805 1803 1881 1883 quid

552 1918 684 1982 velitis:
709 1938 789 1981 num
813 1915 915 1981 fidem
940 1918 1133 1982 Romanam
1150 1937 1227 1980 curn
1253 1916 1377 1980 ritibus
1402 1915 1670 1990 Alexandrinis;
1695 1937 1777 1980 num
1802 1917 1881 1980 Ale·

550 2034 753 2098 xandrinam
777 2033 864 2097 adeo
887 2044 1012 2097 sartam
1029 2042 1064 2096 et
1086 2042 1212 2097 tectam
1229 2042 1267 2096 ut
1290 2033 1387 2095 illam
1412 2030 1550 2095 maioris
1567 2032 1672 2095 vestri
1688 2033 1880 2096 coluerunt?

549 2148 704 2231 Prompti
716 2168 832 2211 sumus
844 2158 880 2211 ut
893 2148 999 2216 illam,
1011 2167 1099 2230 quae
1110 2148 1210 2211 vobis
1223 2148 1334 2230 magis
1346 2147 1508 2220 arriserit,
1520 2149 1758 2212 concedamus.
1767 2147 1880 2231 Usque

549 2265 583 2328 in
614 2264 704 2328 diem
736 2265 835 2326 lunae
863 2264 1040 2337 consulite,
1071 2273 1152 2327 tunc
1186 2283 1249 2326 vos
1279 2262 1376 2326 omni
1401 2281 1482 2326 cura
1513 2262 1641 2327 liberos
1663 2264 1879 2328 dimittemus.

548 2379 635 2444 Cum
658 2381 786 2464 gaudio
809 2379 985 2462 optionem
1008 2381 1222 2461 excipientes
1249 2381 1513 2460 responderunt:
1545 2378 1620 2442 Nec
1643 2381 1801 2443 consulto
1824 2400 1880 2443 nec

549 2497 799 2580 procrastinato
823 2517 911 2579 opus
932 2516 1025 2570 esse:
1048 2505 1227 2578 parentum
1243 2514 1380 2558 suorum
1397 2493 1499 2559 fidem
1523 2494 1588 2558 sibi
1604 2515 1680 2558 esse
1696 2495 1732 2559 in
1748 2497 1879 2578 optatis,

548 2612 759 2694 praecordiis
781 2622 815 2675 et
838 2612 1010 2675 medullis.
1026 2610 1123 2693 Quae
1139 2612 1280 2674 audiens
1301 2610 1538 2675 Habitachum
1554 2610 1670 2674 Yanes
1686 2611 1879 2676 Zamariano

547 2728 654 2792 dixit:
675 2728 811 2792 Intuere
826 2729 910 2809 quid
926 2729 1131 2810 aggrediare
1143 2747 1185 2791 ne
1197 2738 1232 2791 te
1247 2729 1282 2790 in
1298 2738 1490 2791 extremam
1507 2728 1695 2809 perniciem
1708 2730 1878 2793 devolvas

548 2842 613 2907 Cui
636 2845 713 2908 ille:
737 2844 827 2907 Num
851 2854 886 2907 te
902 2845 973 2907 ulla
996 2843 1040 2907 de
1055 2863 1109 2906 me
1125 2844 1294 2907 dubitatio
1310 2843 1471 2907 incessit?
1495 2842 1613 2907 Meum
1639 2855 1674 2907 te
1701 2863 1761 2907 cor
1781 2845 1879 2908 latet?

549 2959 647 3023 Haec
670 2962 785 3023 omnia
808 2961 932 3025 simulo
962 2969 1102 3042 propter
1132 2960 1336 3022 ineruditam
1365 2958 1455 3022 hanc
1485 2959 1738 3023 multitudinem
1770 2981 1812 3022 ne
1840 2962 1878 3022 ad

547 3085 728 3157 tyrannum
759 3085 793 3139 et
824 3074 1007 3139 Lastenses
1041 3076 1269 3159 degrediatur.
1305 3075 1463 3138 Aderant
1497 3075 1604 3156 aliqui
1639 3074 1878 3145 Mahometani,

546 3193 605 3274 qui
630 3192 777 3255 militum
800 3193 957 3274 plausum
981 3192 1261 3273 contemplantes,
1286 3192 1352 3273 ipsi
1376 3210 1511 3273 quoque
1539 3192 1691 3255 laetitiae
1715 3190 1877 3275 significa·

546 3306 676 3370 tionem
699 3307 848 3371 edidere.
873 3306 984 3389 Quam
1008 3307 1151 3370 audiens
1165 3308 1304 3390 quidam
1320 3306 1512 3370 haereticae
1529 3306 1794 3388 conspirationis
1809 3327 1877 3388 par·

546 3423 668 3505 ticeps,
685 3425 728 3486 ad
744 3425 857 3487 socios
872 3424 1001 3506 gaudio
1016 3421 1176 3504 perfusus
1191 3424 1256 3486 ait:
1284 3421 1339 3485 En
1355 3424 1421 3505 ipsi
1438 3422 1671 3486 Mahometani
1687 3425 1733 3485 ad
1750 3433 1878 3486 nostrae

547 3537 627 3601 fidei
643 3538 802 3620 antiquae
819 3541 1071 3602 revocationem
1087 3539 1299 3602 exultatione
1316 3538 1553 3601 intumescunt.
1569 3535 1633 3599 Cui
1650 3537 1878 3601 Habitachum

548 3652 681 3717 Yanes:
697 3652 849 3727 Summ0,
863 3654 985 3735 inquit,
1002 3656 1123 3717 merito
1139 3656 1317 3717 nobiscum
1334 3654 1497 3736 plaudent
1513 3653 1758 3727 Mahometani,
1771 3664 1878 3717 vestra

548 3770 638 3832 enim
663 3779 697 3833 et
720 3769 857 3832 illorum
881 3768 967 3833 fides
989 3770 1055 3833 sibi
1079 3780 1157 3833 sunt
1182 3769 1328 3833 invicem
1352 3768 1511 3832 confines.

235 3897 410 3946 Venantum
429 3894 518 3945 ridel
636 3891 666 3948 8.
685 3886 762 3948 Hoc
775 3887 1013 3955 simulationis,
1025 3905 1161 3967 semper
1171 3896 1287 3949 tantae
1303 3885 1476 3967 iniquitati
1487 3886 1646 3948 velamen
1659 3894 1877 3967 praetentum,

200 3976 518 4029 iempenmflnillm
773 4001 779 4014 ι
1033 4004 1038 4015 .
1359 4003 1366 4014 .
1476 4003 1482 4015 .
1773 4003 1779 4015 .

199 4037 340 4088 ,dudm
547 4021 608 4064 nec
632 4011 747 4064 tamen
771 4003 806 4064 1d
829 4003 942 4083 palam
968 4022 1041 4064 ausr
1065 4011 1143 4064 sunt
1165 4000 1368 4082 Imperatorr
1392 3999 1630 4075 manrfestare3
1661 4003 1724 4063 sed
1748 4002 1877 4063 arebant

546 4118 589 4179 de
612 4118 686 4179 sola
711 4136 853 4189 morum,
878 4136 945 4179 non
969 4119 1011 4180 de
1035 4117 1141 4199 ipsius
1163 4115 1243 4180 fidei
1260 4117 1447 4180 mutatione
1470 4116 1654 4181 dissertari.
1678 4115 1768 4179 Mox
1792 4117 1877 4180 locu·

546 4234 675 4296 tionem
699 4234 881 4313 quamdam
906 4235 939 4295 in
964 4244 1092 4296 tartaro
1107 4252 1270 4296 excusam
1290 4235 1454 4316 evulgare
1470 4243 1666 4314 coeperunt,
1689 4230 1793 4295 fidem
1809 4232 1877 4294 Ro·

547 4368 681 4412 manain
705 4358 739 4412 et
774 4348 1063 4412 Alexan*drinam
1091 4369 1162 4412 rem
1185 4369 1260 4413 esse
1283 4350 1423 4411 omnino
1448 4350 1676 4420 indiscretam,
1705 4358 1877 4430 utramque
1899 4361 1962 4413 tm.

545 4462 717 4527 Christum
745 4483 859 4527 verum
878 4465 991 4527 Deum
1015 4476 1049 4527 et
1080 4484 1193 4527 verum
1218 4465 1391 4529 hominem
1408 4464 1572 4546 profiteri,
1596 4485 1698 4527 unam
1722 4464 1780 4527 vel
1799 4465 1877 4527 duas

546 4591 684 4643 naturas
707 4579 785 4651 dici,
810 4579 1029 4660 quaestiones
1051 4600 1127 4643 esse
1151 4582 1193 4642 de
1217 4581 1403 4643 vocabulo:
1427 4600 1547 4662 parum
1564 4579 1730 4644 interesse
1744 4581 1810 4643 hoc
1825 4579 1876 4641 vel

545 4696 607 4759 illo
643 4696 746 4758 modo
778 4695 1013 4758 sermocinari:
1046 4698 1224 4777 imperium
1256 4698 1302 4758 ob
1333 4715 1404 4759 rern
1433 4697 1519 4759 adeo
1546 4698 1674 4759 exilem
1707 4715 1775 4758 non
1806 4713 1876 4758 esse

545 4821 701 4875 extremo
725 4813 877 4893 periculo
908 4813 1170 4883 obiectandum;
1201 4813 1299 4894 quasi
1331 4813 1449 4875 divina
1480 4813 1675 4884 auctoritas,
1706 4811 1875 4877 revelatio.

545 4928 669 5008 quibus
692 4926 778 4990 fides
802 4927 928 4998 nititur,
960 4947 1026 4989 non
1052 4929 1120 4990 sint
1151 4929 1365 5000 individuae3
1401 4937 1436 4990 et
1469 4947 1535 4990 non
1557 4928 1644 4990 tanti
1675 4929 1721 4989 sit
1755 4924 1875 5008 piaculi

546 5044 681 5106 illarum
702 5046 882 5106 veritatum
899 5045 934 5105 in
949 5044 1074 5126 parvis,
1091 5063 1193 5125 quam
1209 5046 1244 5106 in
1261 5045 1395 5127 magnis
1412 5043 1579 5126 abrogari,
1597 5052 1656 5105 aut
1670 5043 1748 5124 quis
1764 5041 1874 5124 possit,

548 5162 692 5222 caeteris
717 5161 898 5242 mysteriis,
923 5181 990 5221 uno
1006 5161 1184 5243 denegato
1202 5161 1369 5223 assentiri.
1387 5159 1589 5241 Imperatori
1606 5170 1639 5222 et
1656 5160 1710 5229 iis,
1725 5179 1811 5240 quos
1826 5177 1874 5219 ca·
