4066 6184
601 609 716 658 LIBER
739 609 778 667 11,
802 608 926 658 CAPUT
956 609 1038 657 XIII.
1421 614 1481 674 247

143 777 163 819 a
184 763 293 837 puteo
317 758 485 829 extraxit,
508 765 649 819 cunctos
670 755 817 838 hospitis
840 755 991 821 camelos
1015 757 1209 839 adaquavit.
1232 755 1278 820 Et
1309 777 1347 820 se
1369 757 1426 821 vel
1449 759 1484 820 in

144 869 357 936 faenisecam
381 873 426 936 ad
455 891 516 936 eos
545 873 673 955 pabulo
702 872 907 935 recreandos
936 869 1112 935 offerebat.
1145 867 1215 936 Sed
1247 873 1332 936 illud
1363 873 1486 947 adhuc,

147 987 252 1051 velim
289 989 463 1071 explices:
487 988 545 1052 An
570 998 650 1052 tunc
673 988 838 1052 Rebecca
860 990 908 1051 ita
935 986 1038 1052 fuerit
1067 987 1192 1053 Barzala
1223 998 1260 1052 ut
1283 988 1388 1053 Alma
1419 1010 1486 1053 non

146 1104 257 1168 esset?
279 1102 367 1166 Drxi
389 1105 509 1179 semel,
532 1106 642 1188 inquit
665 1101 842 1178 Salomon,
864 1105 947 1187 quid
970 1107 1092 1167 iterum
1113 1105 1311 1168 Patriarcha
1332 1105 1407 1169 vult
1429 1126 1487 1169 au-

147 1219 239 1282 dire?
265 1219 344 1283 Non
367 1222 478 1285 minus
500 1221 585 1285 haec
609 1230 763 1305 pugnant
785 1221 875 1283 inter
897 1240 944 1293 se,
968 1240 1071 1303 quam
1094 1219 1250 1293 infantia,
1276 1222 1434 1284 iuventus
1452 1231 1488 1285 et

146 1345 307 1400 senectus
330 1346 366 1400 ut
389 1339 476 1401 sicut
499 1334 622 1409 infans,
645 1337 747 1400 simul
778 1337 921 1399 iuvenis.
953 1345 987 1399 et
1017 1355 1125 1399 senex
1155 1356 1232 1401 esse
1264 1357 1331 1400 non
1362 1346 1486 1419 potest,

148 1470 211 1515 nec
236 1452 369 1515 iuvenis
393 1451 507 1516 infans
530 1463 564 1516 et
587 1472 704 1525 senex,
728 1472 792 1516 nec
814 1472 922 1516 senex
944 1453 1078 1515 iuvenis
1102 1460 1136 1515 et
1160 1450 1274 1515 infans
1296 1452 1347 1516 sic
1377 1472 1487 1535 neque

147 1567 264 1643 Alma,
286 1567 423 1645 Betula,
446 1588 510 1633 nec
532 1568 667 1645 Bataua,
682 1568 796 1633 Alma.
813 1568 964 1632 Pedibus
978 1576 1013 1631 et
1029 1569 1197 1640 manibus,
1213 1570 1261 1632 ait
1277 1568 1488 1641 Patriarcha,

148 1696 182 1747 te
207 1685 243 1746 in
267 1704 382 1748 casses
404 1684 563 1748 Iniecisti.
588 1681 625 1747 Si
650 1683 815 1747 Rebecca
838 1692 918 1748 tunc
933 1686 1098 1767 temporis
1113 1686 1182 1748 iam
1197 1683 1303 1749 Alma
1319 1704 1387 1747 non
1404 1693 1487 1756 erat,

147 1801 210 1863 sed
232 1808 365 1864 tantum
388 1800 524 1875 Beturri,
548 1802 698 1865 mendax
720 1809 773 1864 est
795 1798 983 1882 Scriptura,
1006 1821 1092 1883 quae
1121 1801 1242 1864 eodem
1266 1798 1410 1864 Genesis
1433 1820 1488 1863 ca·

148 1915 220 1997 pite
244 1916 345 1979 dicit:
369 1916 452 1980 Ecce
474 1935 533 2003 ego
555 1920 607 1979 sto
624 1915 725 1980 iuxta
732 1914 872 2003 sontem
888 1937 996 2001 aquae
1011 1924 1043 1980 e!
1064 1916 1160 2003 virgo
1178 1916 1349 1999 (hebraice
1371 1914 1488 2000 Alma)

149 2052 235 2116 quae
264 2030 456 2119 egredietur
485 2032 534 2096 ad
560 2030 785 2097 haurz‘erzdam
816 2052 937 2117 aquam
964 2030 1017 2115 (ι).
1049 2030 1103 2095 Εη
1135 2032 1332 2095 Rebeccam
1362 2031 1488 2095 Betula

147 2158 291 2231 propter
312 2158 469 2222 aetatem,
494 2159 527 2213 et
551 2150 651 2212 simul
675 2148 783 2213 Alma
798 2158 938 2231 propter
957 2149 1191 2212 absconditam
1214 2158 1249 2210 et
1272 2149 1489 2231 obsignatam

149 2264 396 2346 virginitatem.
421 2262 506 2327 Cum
530 2266 621 2329 enim
646 2266 682 2327 in
712 2266 834 2328 itinere
865 2284 911 2327 ex
942 2264 1131 2346 improviso
1162 2265 1197 2326 in
1227 2262 1338 2327 Isaaci
1369 2264 1489 2328 oculos

149 2379 331 2443 incidisset
345 2376 485 2443 *camelo
499 2379 682 2456 exscendit,
703 2385 739 2444 el
761 2379 882 2444 tollens
903 2379 968 2442 cito
986 2378 1147 2463 palliam,
1166 2399 1202 2443 se
1216 2378 1358 2464 operari,
1375 2378 1490 2443 mrbus

147 2492 275 2559 decom
297 2494 431 2559 solerte
453 2516 554 2581 quam
572 2495 716 2582 pedoni
729 2495 783 2581 (2).
809 2494 911 2558 Unde
934 2493 1087 2568 infertur,
1111 2494 1237 2558 Isaiam
1261 2516 1303 2559 eo
1322 2496 1400 2558 loco
1427 2497 1489 2559 mi·

147 2613 240 2674 nime
264 2612 308 2675 de
333 2614 512 2676 immatura
528 2613 644 2693 aliqua
661 2613 785 2695 puella,
802 2614 863 2676 sed
879 2611 922 2674 de
938 2612 1119 2676 iuvencula
1135 2612 1379 2694 despondendo
1395 2622 1487 2693 apta,

146 2729 204 2790 vel
221 2729 438 2811 desponsata,
462 2731 524 2792 sed
547 2731 636 2792 intra
659 2730 851 2811 penetrales
877 2728 976 2794 focos
995 2730 1123 2800 abdita,
1139 2738 1174 2792 et
1189 2728 1262 2791 voti
1279 2729 1489 2791 munimento

146 2854 256 2927 septa,
280 2845 442 2908 locutum.

241 2982 270 3040 7.
296 2960 374 3023 Non
398 2963 456 3035 ita,
481 2962 620 3026 domine
643 2962 853 3036 Patriarcba,
877 2965 926 3027 ait
953 2960 1131 3034 Salomon,
1154 2962 1217 3025 scd
1238 2963 1281 3023 de
1305 2960 1422 3043 puella
1437 2978 1489 3023 se·
1551 2968 1641 3030 Virgo
1659 2981 1730 3031 quae
1754 2968 1788 3016 ab
1810 2968 1837 3016 1-

147 3078 268 3159 ptenni
294 3078 430 3141 locutus
453 3086 516 3150 est,
536 3097 582 3140 cx
598 3097 666 3161 qua
681 3077 812 3151 Achaz‚
832 3088 910 3159 post
926 3079 1016 3141 istud
1029 3076 1141 3141 Isaiae
1156 3075 1364 3147 vaticinium,
1381 3073 1489 3139 filium
1516 3040 1576 3169 3¹:
1601 3037 1838 3172 ‘naemssssoeffi

147 3193 271 3266 edidit,
295 3194 350 3257 cui
374 3213 498 3257 nomen
523 3193 687 3275 imposuit
714 3193 960 3258 Emmanuelis.
987 3192 1144 3257 Miraculi
1177 3211 1259 3255 vero
1289 3190 1490 3276 magnitudo
1517 3192 1665 3303 &¹2³⁰
1682 3183 1722 3231 ⁸¹³
1744 3181 1836 3231 ΜΝ

147 3311 182 3371 in
207 3329 251 3373 eo
276 3309 398 3381 eluxit,
421 3310 514 3392 quod
544 3311 699 3373 tantulae
723 3309 846 3374 aetatis
869 3310 985 3392 puella
1008 3307 1116 3371 filium
1140 3310 1185 3371 sit
1208 3309 1321 3371 enixa.
1343 3306 1490 3370 Miracu·
1516 3269 1590 3317 ⁰⁰⁸⁰
1631 3286 1639 3302 ⁸

148 3428 232 3498 lum,
256 3445 279 3488 o
303 3422 482 3498 Salomon,
505 3427 598 3508 quod
621 3434 720 3489 vates
743 3444 785 3487 eo
816 3426 894 3487 loeo
917 3425 1100 3506 pollicetur
1116 3423 1170 3508 (3),
1193 3422 1315 3506 (inquit
1341 3422 1491 3486 Patriar·

148 3540 228 3623 cha)
251 3550 385 3605 tantum
409 3551 462 3605 est
485 3551 521 3605 ut
544 3542 659 3605 Deum
685 3542 859 3624 praedicet
889 3542 983 3605 illius
1012 3551 1230 3623 patratorem.
1257 3540 1406 3623 Propter
1434 3539 1492 3603 hoc

148 3655 245 3721 dabit
267 3656 440 3720 Dominus
465 3657 535 3742 ipse
557 3656 652 3720 nobis
674 3656 821 3743 ragnum.
847 3656 997 3743 Signum
1020 3654 1177 3720 autema
1200 3656 1284 3731 Dee,
1307 3654 1380 3719 nisi
1398 3676 1491 3719 mon-

149 3777 265 3836 strosa
288 3770 408 3856 aliqua
431 3772 565 3835 novitas
587 3776 679 3844 assat,
702 3773 839 3859 signum
862 3793 930 3837 non
959 3773 1132 3837 videretur
1146 3771 1200 3855 (4),
1231 3772 1322 3835 dixit
1351 3771 1491 3852 quidam

149 3909 194 3951 ex
221 3886 360 3952 nostris.
384 3885 482 3968 Quae
504 3898 618 3952 autem
642 3898 836 3953 monstrosa
859 3890 993 3952 novitas
1017 3897 1116 3961 esset,
1141 3889 1170 3952 si
1186 3888 1301 3970 puella
1315 3888 1492 3969 septennis

149 4001 392 4087 gravidaretur
422 4012 458 4065 et
489 4012 587 4085 partu
614 4004 803 4067 ditaretur?
834 4003 1004 4067 Miraculo
1033 4005 1066 4066 id
1091 4011 1221 4066 tantum
1249 4003 1491 4084 deputandum,

148 4119 245 4201 quod
261 4126 404 4181 naturae
428 4119 618 4199 potentiam
641 4129 837 4199 exsuperat,
860 4128 895 4183 et
910 4119 986 4182 sola
1001 4118 1119 4181 divina
1134 4120 1206 4200 geri
1222 4127 1344 4200 potest.
1361 4117 1493 4182 Natura

150 4254 236 4298 vero
253 4235 359 4297 etiam
382 4235 417 4296 in
441 4235 564 4297 minori
588 4244 699 4297 aetate
726 4243 862 4317 partum
886 4255 953 4297 non
977 4235 1106 4297 abnuit.
1131 4232 1256 4297 Narrat
1279 4235 1371 4297 enim
1391 4233 1493 4296 divus

149 4349 343 4435 Gregorius
366 4348 524 4432 Magnus,
558 4351 709 4431 puellam
743 4351 879 4414 trimam
910 4352 966 4413 vel
994 4351 1217 4431 quadrimam,
1244 4350 1299 4411 cui
1325 4359 1423 4430 pater
1449 4352 1493 4413 ad

150 4485 266 4551 genua
289 4466 544 4538 blandiebatur,
569 4485 637 4529 non
665 4465 835 4530 infantilis
865 4467 1005 4530 claustri
1035 4466 1232 4537 violatione,
1262 4466 1323 4527 sed
1352 4465 1494 4529 seminis

150 4581 366 4652 attractione,
391 4583 590 4664 concepisse
615 4592 649 4644 et
664 4584 838 4664 peperisse
854 4582 908 4664 (5).
924 4581 1015 4663 Quid
1031 4599 1116 4663 ergo
1132 4583 1265 4653 mirum,
1281 4582 1311 4643 si
1327 4581 1418 4662 quod
1435 4601 1493 4646 na·

151 4709 228 4762 tura
252 4698 377 4760 minori
400 4717 487 4760 aevo
503 4698 635 4770 tribuit,
652 4697 747 4761 Deus
764 4700 883 4761 maiori
900 4697 1124 4761 concederet?
1140 4695 1214 4759 Nec
1229 4698 1377 4759 nominis
1390 4695 1495 4760 Alma

149 4811 367 4897 significatus
390 4813 434 4877 ad
458 4813 675 4895 septennium
698 4814 755 4876 vel
778 4823 923 4877 aetatem
947 4814 1051 4877 aliam
1074 4813 1140 4893 ipsi
1160 4810 1340 4875 finitimam
1355 4814 1494 4876 restrin-

151 4929 257 5012 gitur,
283 4929 345 4992 sed
369 4929 413 4991 ad
436 4929 610 5000 maiorem,
635 4930 737 4992 modo
754 4929 843 4992 adsit
860 4928 1050 5012 virginitas,
1067 4928 1273 4990 extenditur.
1291 4926 1381 4990 Nam
1397 4947 1494 5009 prae·

244 5089 287 5155 (1)
301 5090 402 5146 Gener„
418 5101 459 5151 24,
473 5104 498 5140 η.
517 5099 555 5149 13,
572 5117 593 5124 -
610 5088 653 5155 (a)
664 5091 764 5145 Gener„
777 5102 818 5152 24,
829 5104 853 5140 n.
865 5087 911 5150 65;
932 5089 1038 5137 Divus
1056 5087 1205 5137 Ambros.
1225 5115 1258 5125 -
1272 5086 1312 5153 (3)
1325 5090 1398 5145 lsai„
1415 5097 1437 5146 7,
1454 5100 1494 5149 14.

37 5202 42 5209 ·
152 5207 184 5218 -
199 5178 241 5245 (4)
254 5176 408 5235 Tertull„
429 5178 486 5230 Lr'b.
506 5184 590 5231 contr,
612 5177 731 5237 Iudaeos,
751 5194 808 5245 cap.
828 5189 853 5240 9.
872 5206 906 5214 —
926 5178 964 5243 (5)
983 5177 1016 5227 D.
1038 5176 1187 5241 Gregor.
1207 5177 1325 5239 Magn.
1346 5178 1371 5226 in
1385 5178 1494 5244 Diblog.
