4124 6182
673 525 790 575 maan
813 525 836 586 1,
860 524 986 575 carun
1010 525 1049 575 x.
1481 529 1521 590 93

187 680 324 735 servata
339 674 479 736 interim
501 672 721 737 Athanataeo
744 684 778 737 et
801 671 987 747 Cafiuadio,
1011 672 1125 736 Malae
1142 670 1294 754 Seguedi
1309 673 1454 755 generis,
1471 672 1523 734 illi

188 785 263 849 Ras
279 787 462 870 dignitate,
485 790 564 851 huic
587 789 755 873 Tigraeae
778 791 919 853 ditionis
942 789 1191 872 praerogativa.

275 924 308 983 4.
333 904 461 969 Primis
482 905 616 969 duobus
638 904 758 970 Seltan
788 902 938 989 Saguedi
969 906 1068 969 annis
1098 905 1285 978 sexdecim,
1309 905 1366 968 vel
1389 903 1524 966 octode-

187 1019 254 1080 cim
278 1017 330 1102 (ut
354 1017 454 1084 ferax
477 1030 529 1084 est
551 1023 671 1084 talium
695 1031 922 1105 proventuum
946 1021 1147 1104 Aethiopia)
1172 1022 1335 1084 adversus
1366 1021 1523 1083 eumdem

187 1136 324 1214 tyranni
348 1137 596 1219 conspirarunt,
621 1139 682 1201 sed
705 1138 857 1201 omnium
880 1138 1126 1201 vincendorum
1149 1145 1320 1219 sumptum
1344 1146 1396 1199 est
1411 1136 1524 1218 auspi·

185 1250 276 1312 cium
301 1253 337 1313 in
360 1251 603 1336 Bagamediro,
626 1254 685 1316 ubi
708 1255 847 1335 quidam
871 1251 982 1317 Gallis
1005 1254 1171 1316 admistus
1193 1272 1319 1315 novum
1343 1269 1523 1334 proregem

188 1362 268 1428 Sela
291 1364 450 1431 Christds
473 1370 535 1431 vix
558 1370 639 1432 dum
663 1371 842 1432 advectum
868 1378 970 1432 noctu
997 1378 1140 1432 conatus
1170 1378 1222 1431 est
1253 1368 1388 1431 adoriri.
1420 1363 1525 1429 Cuius

186 1481 325 1543 consilii
350 1484 424 1564 ipse
446 1486 604 1547 conscius
627 1496 661 1549 et
677 1487 812 1548 timoris
827 1505 896 1567 quo
912 1485 956 1548 ad
972 1482 1149 1548 Gallarum
1166 1503 1343 1548 occursum
1358 1482 1524 1546 Abassini

186 1600 479 1682 constringuntur,
503 1621 608 1664 unum
632 1621 678 1664 ex
701 1604 772 1665 suis
795 1603 1005 1673 subornavit,
1024 1610 1061 1664 ut
1077 1601 1316 1664 excubitorum
1332 1595 1525 1682 praefectos

187 1712 278 1776 clam
303 1725 468 1788 moneret,
492 1717 585 1780 velle
607 1736 787 1800 prorogem
815 1718 970 1800 sequenti
997 1728 1097 1780 nocte
1128 1718 1278 1799 ipsorum
1307 1715 1523 1798 vigilantiam

187 1840 220 1892 et
244 1832 474 1895 constantiam
498 1832 660 1914 experiri,
685 1842 718 1895 et
741 1833 868 1895 multos
892 1852 937 1895 ex
961 1832 1032 1895 suis
1047 1831 1303 1903 submissurum,
1319 1830 1379 1912 qui
1394 1850 1432 1893 se
1447 1827 1525 1893 Gal·

188 1945 238 2006 las
262 1955 297 2009 et
329 1945 638 2010 vociferationibus
668 1955 702 2010 et
732 1947 917 2011 inconditis
947 1948 1093 2027 saltibus
1122 1946 1335 2018 simularent;
1367 1955 1524 2027 oportere

186 2060 282 2142 ipsos
304 2062 477 2127 similibus
500 2065 709 2127 clamoribus
732 2065 939 2147 obstrepere,
963 2076 997 2128 et
1020 2066 1175 2148 gestibus
1200 2063 1391 2127 subsultare
1421 2070 1524 2142 atque

186 2177 374 2252 obsistere;
399 2199 477 2242 nam
502 2199 683 2262 proregem
706 2200 789 2243 mox
813 2178 1018 2244 adfuturum.
1043 2179 1100 2243 Illi
1131 2199 1215 2264 ergo
1247 2179 1435 2242 insomniae
1466 2177 1526 2238 de-

186 2292 249 2355 diti
272 2292 392 2357 fictum
415 2315 554 2359 suorum
569 2297 753 2360 adventum
774 2299 1034 2378 praestolantur,
1050 2316 1129 2359 cum
1144 2307 1244 2359 nocte
1260 2293 1427 2359 concubia
1443 2290 1524 2356 Gal·

186 2408 240 2470 lae
256 2410 400 2483 irruunt,
417 2412 529 2475 solitis
552 2412 739 2475 ululatibus
763 2422 797 2475 et
820 2414 1141 2496 gesticulationibus
1161 2410 1377 2483 ferocientes,
1400 2410 1524 2492 quibus

185 2527 393 2606 praemoniti
417 2548 457 2590 ac
479 2530 683 2610 praemuniti
707 2529 834 2591 milites
857 2530 980 2591 martio
995 2548 1033 2591 se
1049 2529 1171 2591 robore
1194 2537 1380 2610 opponunt,
1397 2536 1432 2589 et
1446 2545 1525 2609 pro·

185 2661 269 2723 rege
292 2645 328 2706 in
352 2653 506 2725 tempore
529 2655 736 2718 accurrente,
753 2647 787 2708 in
805 2643 947 2708 effusam
964 2644 1082 2729 fugam
1099 2645 1321 2727 compellunt,
1341 2654 1375 2708 et
1395 2644 1525 2727 ingenti

185 2768 303 2842 strage
324 2769 556 2841 prosternunt.
580 2758 813 2824 Castrensium
837 2763 970 2825 animos
992 2781 1033 2824 ea
1049 2760 1204 2834 victoria,
1221 2770 1255 2824 et
1270 2761 1350 2843 quia
1365 2761 1477 2842 prima
1491 2770 1525 2822 et

185 2876 267 2956 quia
290 2894 338 2938 ex
361 2876 460 2938 ducis
482 2886 559 2939 astu
581 2878 720 2961 gratior,
753 2877 894 2941 mirifice
925 2878 1143 2950 exhilaravit,
1168 2889 1202 2941 et
1232 2878 1340 2940 multo
1366 2876 1524 2959 amplius,

186 3010 263 3052 cum
288 2992 319 3054 is
335 2991 489 3054 oblatum
506 2992 572 3055 sibi
588 3014 608 3055 a
624 2991 735 3056 Gallis
750 2994 888 3075 tyranni
904 3004 1018 3075 caput,
1033 3003 1150 3058 tantae
1165 2993 1232 3056 sibi
1248 2993 1357 3057 cladis
1376 3013 1524 3066 causam,

185 3106 229 3168 ad
253 3126 315 3170 eos
338 3109 537 3170 transmisit.
561 3107 655 3171 inter
677 3108 842 3192 Tigraeos
865 3106 1042 3172 Cafluadio
1068 3111 1112 3172 ad
1142 3111 1272 3173 curiam
1303 3109 1467 3193 digresso,
1492 3120 1525 3171 et

85 3265 90 3279 .
144 3268 150 3281 .
185 3242 240 3284 res
264 3231 408 3285 curante
430 3219 556 3304 *ipsius
572 3222 687 3296 fratre,
704 3224 891 3287 monachus
912 3225 1051 3307 quidam
1076 3225 1249 3289 cucullum
1272 3243 1398 3287 corona
1417 3224 1526 3288 voluit

186 3346 458 3401 commutarent
481 3358 559 3401 cum
582 3340 756 3422 ingentem
781 3341 975 3404 inconditae
999 3340 1227 3404 multitudinis
1253 3343 1430 3403 numerum
1446 3360 1526 3401 con·

185 3451 315 3524 flasset,
339 3473 486 3536 eumque
501 3454 690 3519 Fremonae
705 3457 832 3537 praeda
846 3457 976 3519 lactare
995 3457 1110 3530 vellet,
1126 3456 1236 3539 pridie
1252 3475 1354 3538 quam
1370 3456 1413 3518 ad
1431 3455 1525 3518 illam

186 3570 380 3641 accederet,
404 3568 651 3633 Tembenensis
672 3568 864 3653 praefectus
887 3572 1002 3655 regiae
1025 3572 1151 3655 stirpis,
1168 3572 1265 3654 quasi
1281 3572 1388 3654 ipsius
1410 3582 1526 3654 partes

186 3695 368 3749 secuturus
391 3704 429 3748 se
460 3686 565 3748 iidem
600 3687 759 3750 adiunxit
793 3696 828 3750 et
857 3707 934 3751 cum
958 3688 1011 3750 sui
1035 3688 1242 3751 incuriosum
1267 3688 1429 3770 dispexit,
1456 3688 1527 3750 suis

186 3804 318 3875 annuit,
341 3811 380 3864 ut
403 3801 542 3865 vincula
564 3804 787 3875 innecterent,
812 3804 855 3866 ad
879 3822 1023 3886 quorum
1046 3813 1266 3884 conspectum
1288 3803 1396 3884 ipsius
1420 3801 1526 3865 mani·

187 3919 336 4001 pulares,
362 3919 662 4001 utpote'gregarii
686 3919 833 3982 salutem
853 3919 920 3981 sibi
943 3917 1025 4003 fuga
1049 3918 1277 4001 quaesierunt,
1312 3919 1455 4001 ipseque
1482 3919 1525 3980 ad

187 4037 318 4097 curiam
343 4034 488 4106 delatus,
512 4036 679 4097 truncatis
703 4035 751 4097 ibi
775 4035 914 4097 naribus
936 4045 987 4098 est
1010 4034 1265 4097 dehonestatus.

278 4170 310 4231 5.
334 4148 421 4213 Cum
444 4149 583 4233 Tigraei
606 4161 728 4214 natura
751 4152 820 4214 sint
843 4149 978 4214 factiosi
1002 4161 1035 4213 et
1058 4152 1212 4214 saltuosa
1241 4152 1337 4234 regio
1368 4147 1527 4214 fovendis

186 4268 343 4348 ipsorum
367 4265 559 4329 latrociniis
582 4277 616 4330 et
639 4267 865 4329 seditionibus
888 4276 1089 4348 opportuna,
1113 4267 1224 4329 visum
1245 4276 1297 4329 est
1311 4265 1526 4347 Imperatori,

187 4381 423 4466 Bagamediro
443 4380 542 4445 fratri
557 4380 630 4445 Afa
645 4380 801 4446 Christus
816 4383 1031 4455 demandam,
1048 4380 1129 4445 Seli
1151 4381 1307 4445 Christos
1326 4382 1526 4444 industriam

188 4508 223 4562 et
246 4497 419 4562 fortunam
444 4499 478 4560 in
502 4518 572 4571 eos,
596 4508 777 4580 appetente
808 4499 888 4561 anni
925 4501 1005 4561 1608
1037 4499 1161 4579 hyeme
1191 4508 1434 4579 transportare,
1468 4497 1525 4559 ubi

190 4616 307 4678 audax
331 4624 366 4677 et
388 4624 520 4678 astutus
543 4615 744 4677 adolescens
767 4613 929 4677 Iacobum
960 4612 1180 4696 praecedenti
1210 4633 1299 4676 anno
1330 4614 1365 4675 in
1395 4613 1527 4694 proelio

189 4750 326 4794 caesum
352 4750 389 4793 se
413 4728 625 4814 confingens,
648 4731 718 4793 oris
740 4740 838 4812 parte
861 4729 985 4801 velata,
1009 4729 1101 4811 quod
1119 4729 1242 4791 dentes
1257 4730 1291 4790 in
1309 4747 1350 4790 eo
1365 4727 1432 4790 sibi
1448 4747 1527 4789 con-

188 4856 284 4910 tusos
315 4846 457 4916 diceret,
488 4863 570 4908 vere
600 4854 716 4907 tamen
747 4864 790 4906 ne
821 4864 842 4906 a
871 4844 1090 4907 noscentibus
1123 4843 1285 4907 Iacobum
1321 4852 1527 4916 nosceretur,

190 4971 325 5025 montes
348 4960 479 5043 Byzan,
504 4960 593 5023 inter
614 4959 810 5023 Debaroam
827 4969 860 5022 et
881 4978 973 5022 mare
989 4958 1161 5032 Rubrum,
1176 4959 1244 5021 sibi
1259 4956 1454 5042 perfugium
1470 4960 1527 5021 de-

187 5079 292 5163 legit;
317 5077 420 5148 unde,
444 5095 522 5139 cum
546 5076 686 5147 libebat,
703 5078 747 5139 ad
763 5073 926 5138 inferiora
945 5076 1164 5148 descendens,
1181 5072 1361 5138 confestim
1378 5076 1413 5137 in
1429 5094 1527 5138 suum

1586 910 1652 961 Seu
1680 910 1808 962 curtato·
1839 908 1871 960 in

1550 981 1738 1044 Bagamediro
1774 982 1871 1032 Gallae

1550 1063 1611 1104 artu
1630 1062 1752 1117 superat.

1588 3120 1726 3169 Monacua
1735 3116 1815 3180 regni
1828 3118 1872 3167 el·

1552 3190 1629 3240 iectu
1645 3190 1763 3252 capitur.

1589 4158 1668 4209 sels
1691 4157 1818 4208 christos
1838 4158 1874 4206 ed

1553 4231 1731 4292 Tigraeos
1754 4227 1875 4279 mittitur

1553 4316 1618 4352 cum
1628 4302 1692 4350 ficto
1701 4301 1802 4351 Iacobo
1814 4314 1875 4350 cer·

1554 4384 1671 4431 taturus,
1694 4376 1771 4423 1⁶08.
