4066 6184
600 593 718 642 mrsu
740 593 780 653 11,
812 592 939 643 curua
963 592 1030 643 xv.
1414 585 1477 659 265

20 752 35 805 t.
48 759 100 815 125.
138 741 228 805 alios
250 737 531 805 cunctatbundos
553 742 731 805 excitaret.
763 738 857 823 Quos
881 759 957 804 cum
980 739 1112 804 vicenis
1135 743 1247 824 quinis
1268 741 1421 824 peditum
1445 752 1480 806 et

139 857 277 923 duobus
299 857 452 942 equitum
475 858 628 923 millibus
643 857 688 922 ad
710 853 818 921 Nefas
832 855 1233 941 Manchacongregatos,
1257 858 1320 920 sub
1341 859 1479 921 maioris

139 974 266 1038 domus
288 994 371 1039 suae
393 976 570 1039 aeconomi
594 974 696 1037 ductu
719 975 753 1037 in
777 972 938 1038 interiora
960 974 1147 1057 praemisit,
1171 981 1208 1037 ut
1231 982 1411 1037 montanos
1430 974 1479 1036 la-

139 1099 328 1165 cesserent,
352 1101 387 1155 et
409 1092 454 1156 ab
476 1091 530 1166 iis,
560 1100 743 1171 antequam
769 1090 813 1153 ad
843 1090 1029 1155 accliviora
1058 1100 1199 1153 ventum
1222 1098 1320 1163 esset,
1345 1091 1389 1153 ad
1412 1099 1479 1154 tre·

140 1215 261 1272 centos
284 1208 399 1271 occisi.
431 1204 507 1289 Quo
531 1206 639 1270 illicio
667 1207 863 1290 imperiales
878 1207 1020 1270 inescati
1043 1206 1194 1269 vicinam
1210 1205 1332 1268 Lastae
1348 1224 1478 1288 rupem,
1542 1215 1663 1268 stanter
1695 1215 1827 1280 imperta-

140 1323 176 1386 in
207 1342 314 1405 quam
344 1324 495 1389 montani
525 1320 758 1407 perfugerant,
791 1322 825 1386 in
857 1322 1012 1386 ordinem
1043 1322 1219 1404 dispositis
1253 1323 1480 1406 quadraginta
1506 1286 1577 1338 num
1595 1296 1722 1339 eventui.

140 1438 292 1503 militurn
314 1438 500 1521 manipulis
523 1437 650 1503 adoriri
680 1438 939 1502 constituemnt.
966 1437 1121 1503 Montani
1144 1447 1259 1502 tamen
1290 1440 1479 1502 insomniae

139 1554 252 1619 dediti
274 1564 310 1619 et
332 1555 486 1619 locorum
516 1555 617 1638 periti
647 1555 793 1639 grandia
818 1574 905 1618 saxa
928 1553 1112 1618 devolvere
1135 1564 1332 1637 coeperunt,
1356 1555 1479 1637 quibus

141 1672 265 1755 ingens
276 1670 488 1753 perturbatio
500 1680 535 1735 et
550 1668 707 1734 confusio
723 1671 956 1755 conglobatim
973 1679 1181 1754 perangusto
1197 1669 1332 1734 tramite
1343 1680 1479 1752 reptan-

140 1788 233 1852 tibus
257 1788 401 1872 ingesta
425 1787 619 1851 Primorum
643 1787 750 1869 aliqui
773 1787 944 1861 labuntur,
968 1788 1081 1851 cuncti
1105 1789 1299 1861 miscentur,
1322 1796 1358 1850 et
1372 1785 1479 1867 aliqui

139 1913 178 1967 ut
201 1911 347 1968 mortem
370 1901 529 1988 fugerent
552 1902 648 1966 illam
679 1902 769 1966 ultro
800 1904 1018 1986 quaerebant,
1046 1923 1084 1967 se
1116 1905 1151 1967 in
1182 1904 1328 1984 abrupta
1359 1902 1480 1983 impel-

141 2020 263 2085 lentes.
298 2019 378 2083 Non
411 2021 513 2103 pauci
541 2038 656 2083 secum
681 2038 788 2100 equos
807 2020 967 2103 agebant,
990 2027 1027 2083 ut
1052 2018 1217 2083 montium
1241 2017 1353 2101 planis
1377 2017 1480 2081 insul·

139 2144 264 2209 tarent,
287 2137 346 2219 qui
370 2156 439 2198 non
462 2137 604 2199 minimo
636 2137 721 2218 ipsis
746 2133 839 2199 fuere
862 2135 1117 2218 impedimenta
1149 2135 1239 2199 sicut
1265 2145 1299 2199 et
1324 2134 1481 2199 hostibus

141 2250 302 2335 praedae,
328 2270 349 2313 a
376 2252 502 2335 quibus
537 2253 629 2335 capti
659 2252 826 2315 victoriae
856 2252 1023 2315 honorem
1047 2259 1082 2315 et
1103 2252 1316 2333 voluptatem
1340 2271 1477 2314 auxere.

141 2366 281 2432 Guebra
310 2365 475 2442 Christts,
504 2366 728 2450 Imperatoris
751 2388 857 2452 gener
887 2379 922 2433 et
945 2378 1090 2452 quatuor
1113 2370 1169 2433 vel
1193 2370 1342 2451 quinque
1363 2368 1479 2452 magni

141 2482 294 2547 nominis
324 2484 429 2548 duces
459 2493 494 2548 et
524 2504 570 2548 ex
602 2484 772 2549 militibus
801 2485 891 2549 ultra
922 2495 1106 2549 sexcentos
1140 2487 1175 2549 in
1204 2486 1283 2549 viae
1312 2486 1481 2568 angustiis

140 2600 273 2664 obtriti.
848 2658 850 2661 ,

233 2732 264 2794 5.
289 2715 435 2779 Dexteri
459 2735 565 2780 cornu
588 2715 667 2781 duci
690 2718 797 2781 totius
823 2718 907 2781 belli
937 2715 1134 2801 praefectus
1160 2718 1302 2781 dederat
1324 2716 1360 2779 in
1385 2736 1479 2779 man·
1542 2726 1689 2790 Aliquos
1714 2724 1829 2789 pericli·

140 2830 243 2905 datis,
260 2840 298 2894 ut
309 2851 386 2894 cum
401 2832 480 2895 aliis
496 2832 688 2915 manipulis,
706 2834 740 2895 in
756 2833 880 2916 quibus
895 2853 982 2897 unus
997 2834 1224 2917 quadraginta
1239 2834 1478 2897 Lusitanorum
1507 2797 1689 2920 mmm
1701 2794 1828 2848 cmm

139 2946 368 3030 hybridamm
383 2948 599 3022 consebatur,
616 2950 771 3012 eamdem
787 2969 906 3032 rupem
921 2971 942 3013 a
958 2960 1056 3034 tergo
1075 2951 1330 3034 aggrederetur,
1355 2948 1480 3033 quibus

141 3065 268 3147 longus
280 3064 369 3126 inter
380 3062 604 3147 confragosos
619 3066 726 3129 colles
738 3076 773 3129 et
784 3066 965 3148 depressas
978 3066 1086 3129 valles
1098 3084 1205 3150 gyrus
1218 3064 1281 3129 fuit
1292 3066 1479 3129 obeundus.

141 3181 191 3244 Hi
215 3180 321 3244 etiam
344 3200 412 3244 non
436 3182 470 3243 in
494 3182 673 3244 minimum
703 3182 886 3246 discrimen
909 3193 987 3247 sunt
1017 3183 1180 3266 perducti,
1204 3183 1297 3265 quod
1327 3183 1479 3244 montani

141 3297 288 3360 victoria
310 3297 403 3369 elati,
427 3317 446 3360 e
469 3315 553 3380 rupe
576 3296 832 3369 descendentes,
852 3298 1003 3360 omnium
1020 3299 1170 3371 collium,
1187 3317 1248 3380 per
1262 3318 1404 3380 quorum
1421 3318 1480 3361 an-

139 3412 277 3495 gustias
299 3411 370 3475 illis
385 3414 628 3477 transeundum
651 3422 734 3486 erat,
750 3410 890 3497 fastigia
913 3424 1147 3496 occupassent,
1171 3423 1205 3477 et
1228 3416 1313 3478 citra
1340 3415 1480 3478 dubium

139 3527 304 3610 perirent,
328 3529 395 3592 nisi
418 3548 546 3611 prorex
570 3526 663 3592 eaba
686 3528 851 3603 Christds,
876 3550 921 3592 ex
944 3531 1088 3593 adversa
1104 3529 1241 3613 Tigraei
1264 3534 1360 3616 regni
1385 3541 1481 3614 parte

140 3663 334 3718 occurrens,
358 3655 435 3728 post
458 3647 543 3709 duas
566 3665 663 3710 arces
685 3666 845 3730 scrupeas
868 3657 1093 3732 expugnatas,
1117 3666 1177 3711 eos
1200 3667 1262 3711 suo
1285 3649 1433 3711 adventu
1460 3669 1481 3712 a

139 3760 297 3843 periculo
319 3760 515 3825 exemisset.

232 3880 263 3939 6.
288 3875 427 3959 Ubique
450 3876 559 3942 tristis
581 3878 706 3961 aliquis
733 3888 876 3941 eventus
899 3878 1047 3942 militum
1070 3880 1175 3942 corda
1197 3880 1363 3961 percellit,
1388 3890 1423 3943 at
1446 3882 1480 3943 in
1544 3887 1686 3950 Quanmm
1704 3884 1829 3936 nicam·

141 3991 335 4075 Aethiopia
357 3994 496 4075 penitus
520 3990 714 4067 labefactat,
738 4003 771 4057 et
794 3994 860 4057 hoc
877 3997 1027 4058 maxime
1043 4005 1207 4078 tempore,
1224 4015 1312 4069 cum,
1330 3995 1420 4058 ultra
1431 3997 1482 4058 in·
1508 3957 1828 4081 zgfflffiffim

141 4110 244 4172 sitam
268 4107 348 4172 huic
371 4110 467 4191 genti
490 4111 678 4173 animorum
702 4108 957 4173 fluctuationem
980 4120 1015 4174 et
1046 4111 1203 4175 dominos
1227 4112 1379 4176 mutandi
1403 4132 1481 4194 pru·

141 4225 303 4307 riginem,
326 4234 378 4289 tot
400 4225 666 4307 reperiebantur,
691 4228 750 4308 qui
780 4225 931 4289 debitam
954 4225 1031 4290 Deo
1061 4226 1165 4291 fidem
1188 4228 1288 4291 nihili
1317 4225 1481 4301 facerent,

142 4341 240 4404 cuius
263 4342 475 4405 consectaria
497 4350 550 4405 est
572 4340 658 4406 fides
680 4362 763 4426 erga
784 4341 906 4424 Reges
928 4352 962 4406 et
985 4344 1020 4406 in
1040 4363 1100 4408 eos
1122 4342 1355 4407 defendendos
1377 4342 1481 4407 firmi·

142 4457 237 4521 tudo,
257 4456 419 4540 Dispexit
441 4458 531 4522 hanc
554 4459 589 4521 iu
612 4460 683 4522 suis
706 4460 898 4522 socordiam
922 4469 956 4523 et
979 4460 1032 4522 sui
1056 4460 1212 4541 obsequii
1228 4461 1480 4541 despectionem

142 4572 335 4657 Imperator
357 4583 391 4637 et
415 4575 525 4638 accito
548 4594 595 4637 ex
618 4573 730 4658 Agais
753 4572 1015 4638 Goiamensibus
1042 4575 1118 4639 Ras
1141 4573 1223 4639 Sela
1246 4572 1399 4639 Christds
1422 4572 1482 4639 *ac
1545 4588 1602 4637 Res
1619 4581 1685 4636 Selt
1702 4584 1830 4635 christos

143 4688 371 4753 summatibus
401 4690 660 4754 excubitoribus
690 4692 724 4752 in
748 4690 902 4773 angustis
924 4690 1057 4753 viarum
1088 4690 1246 4754 faucibus
1276 4691 1414 4763 relictis,
1440 4712 1482 4755 ne
1509 4654 1756 4780 {tiffiffhm
1785 4670 1830 4706 η’

143 4804 264 4868 hostes
287 4805 322 4868 in
346 4805 559 4869 Dambaeam
581 4808 834 4879 transultareut,
869 4805 1080 4869 Dancazium
1111 4827 1149 4869 se
1180 4808 1271 4871 lente
1301 4809 1479 4871 convertit.

144 4920 277 4987 Omnes
288 4929 404 4986 tamen
420 4922 465 4985 ad
480 4941 595 4996 unum,
611 4921 668 4985 vel
685 4923 850 4994 morbum,
862 4923 918 4985 vel
931 4923 1146 4985 causationes
1159 4922 1245 4985 alias
1257 4924 1482 4987 obtendentes

142 5038 234 5102 intra
256 5038 482 5120 paucissimos
505 5038 579 5101 dies
600 5046 680 5101 sunt
702 5037 837 5120 dilapsi,
862 5042 895 5101 el
916 5037 1035 5101 hostes
1057 5057 1118 5120 per
1140 5040 1345 5120 campestria
1368 5037 1479 5102 effusi.

142 5153 384 5237 Impudentem
408 5173 545 5216 suorum
564 5154 739 5237 ignaviam
755 5153 1054 5217 vehementissime
1069 5154 1189 5217 dolens
1212 5154 1412 5237 Imperator,
1429 5175 1482 5228 eo,

226 5291 254 5335 C.
268 5291 379 5335 Brocm.
393 5292 452 5336 Rer.
465 5292 783 5346 Aetk.scr1·pt.occ.tued.
799 5315 822 5323 -
841 5292 906 5334 v111.
1377 5307 1403 5347 34
