4058 6178
627 525 1032 586 LIBER11,CA1²U1111.
1108 498 1178 537 '⁸
1264 490 1267 495 ⁴
1440 532 1498 592 175

169 675 359 747 dc'ssectus,·.
372 679 406 740 et
426 675 559 760 quedem
583 673 691 759 ipsius
713 673 850 737 auditor
863 673 1004 736 Iacobus
1030 672 1216 736 Zancallus
1230 693 1340 758 syrus,
1354 671 1500 737 eamdem

171 789 403 855 Alexandreae
425 789 662 855 disseminavit
681 793 716 852 et
736 788 774 852 c'n
797 796 859 852 nos
887 788 1037 852 mnium
1068 788 1243 853 haeremm
1273 789 1378 854 tabem
1396 790 1501 874 pesti·

164 906 246 992 fera
268 907 466 993 contagione
486 906 639 994 affair.
1450 915 1453 921 '

257 1040 286 1100 5.
311 1022 386 1086 His
407 1022 559 1086 omnibus
581 1026 714 1086 mature
731 1021 913 1107 perm'tatcs
935 1026 970 1084 et
984 1024 1160 1106 perspecta
1174 1026 1290 1085 rerum
1304 1026 1500 1085 nostrarum
1565 1031 1721 1078 Romanam
1748 1029 1849 1078 fidem

170 1137 353 1202 mobilitate
367 1144 403 1202 et
417 1138 646 1203 inconstantia
668 1142 702 1202 et
721 1137 834 1202 dolosa
852 1138 1093 1224 magistrorum
1108 1137 1263 1201 doctrina
1277 1137 1342 1209 cui,
1358 1144 1432 1201 eum
1447 1139 1500 1202 de·
1528 1101 1851 1234 {ffissffgffim‘

171 1257 252 1315 esset
272 1252 422 1317 solidum
439 1258 569 1339 petrae,
594 1260 665 1318 tam
689 1252 831 1329 Christi,
854 1274 954 1338 quam
977 1253 1082 1319 Petri
1096 1251 1378 1341 fundamentum,
1401 1254 1501 1317 nulla

165 1373 300 1452 poterat
320 1369 430 1432 inesse
443 1370 641 1454 firmitudo.
667 1367 854 1433 Catholicis
869 1367 1032 1456 fovendis
1054 1368 1208 1432 aurinum
1230 1369 1372 1443 adverti,
1387 1374 1421 1433 et
1434 1368 1502 1432 Ro·

172 1505 304 1548 manam
320 1483 430 1568 fidem
452 1506 527 1549 sccm
550 1486 774 1571 amplexatus,
797 1491 898 1570 atque
921 1485 957 1548 ob
979 1484 1078 1549 c'llcics
1101 1485 1277 1549 tuitionem
1303 1485 1409 1550 vitam
1432 1506 1503 1550 sae·

166 1600 246 1684 pins
269 1600 308 1663 in
331 1605 489 1686 apertum
503 1599 684 1665 discrimen
699 1601 830 1676 conc'eci,
847 1601 967 1664 multis
982 1600 1191 1666 exoticorum
1206 1606 1240 1665 et
1252 1599 1502 1665 domesticorum

167 1716 453 1800 perunctionibus
470 1717 609 1801 petina.
636 1717 726 1799 Quos
748 1717 842 1781 inter
863 1714 944 1803 suit
965 1717 1097 1787 lonael,
1128 1735 1224 1800 quem
1254 1716 1293 1779 in
1317 1717 1417 1803 regni
1435 1717 1503 1779 Ba·

168 1832 366 1915 gomedrini
381 1839 558 1918 proregem
581 1853 765 1908 evexeram,
773 1853 942 1919 generque
964 1813 1058 1896 meus
1080 1832 1204 1907 lulius,
1227 1833 1289 1896 cui
1295 1832 1417 1916 filiam
1440 1853 1504 1895 nu-

166 1947 248 2032 ptui
267 1954 303 2012 et
324 1948 363 2011 in
387 1949 498 2033 ipsum
523 1948 677 2034 ingentia
702 1922 863 2033 beneficia
886 1948 1130 2013 collocaveram.
1153 1947 1276 2012 Omnes
1290 1954 1403 2012 tamen
1418 1948 1508 2012 mihi

171 2060 386 2127 adversantes
422 2063 578 2128 divinum
607 2063 780 2127 brachium
805 2062 995 2147 prostravit
1023 2067 1057 2125 et
1084 2063 1166 2127 mers
1190 2061 1330 2149 pedihus
1358 2063 1502 2126 subiecit.

171 2178 393 2259 Quavcolrem
415 2180 514 2244 velim
538 2179 752 2265 intellegatis,
788 2179 876 2243 hanc
897 2199 1005 2242 meam
1034 2198 1104 2242 esse
1133 2185 1274 2243 mentem
1298 2184 1339 2249 et,
1363 2179 1431 2243 sive
1454 2199 1504 2242 re·

167 2314 267 2380 gnem
290 2295 360 2359 sicu
382 2295 485 2381 regni
503 2295 570 2359 sim
604 2315 702 2358 exors
730 2314 906 2358 romanam
929 2293 1040 2377 fidem
1070 2291 1201 2358 credere
1231 2299 1265 2358 et
1281 2295 1446 2380 profiteri
1472 2300 1507 2360 et

171 2410 208 2472 in
232 2410 332 2474 illius
354 2410 586 2498 defensionem
604 2416 769 2496 paratum
792 2430 870 2481 esse,
894 2410 929 2473 si
947 2416 1031 2495 opus
1044 2405 1172 2495 suerit,
1189 2415 1328 2474 mortem
1342 2416 1505 2496 oppetere,'

170 2546 228 2591 uec
250 2526 437 2611 qucdmcam
452 2523 544 2613 fore,
567 2524 656 2611 qnod
674 2547 736 2602 me,
758 2525 831 2590 Dei
851 2526 970 2611 gratc'a
992 2525 1189 2611 apc'tsdante,
1207 2525 1318 2611 possit
1339 2525 1378 2588 ab
1405 2525 1507 2589 illius

165 2642 400 2726 prosecutione
421 2639 594 2717 dimocvre,
617 2646 652 2707 et
672 2642 745 2706 ideo
759 2643 915 2726 fidenter
937 2663 1048 2706 assero
1070 2662 1144 2705 cum
1159 2640 1420 2726 dcvoPaulo(1)
1449 2663 1508 2706 nce

162 2755 312 2843 famem,
328 2774 387 2822 nec
408 2757 584 2833 sitimncc
602 2758 857 2843 persecutiones,
887 2777 946 2822 nec
972 2757 1108 2829 labores,
1140 2778 1200 2821 nec
1229 2758 1418 2845 angustias,
1449 2779 1508 2821 nec

165 2874 375 2958 praesentia,
390 2894 449 2938 nec
464 2871 599 2961 futura
622 2894 673 2937 me
690 2850 832 2959 possea
854 2894 934 2936 vera
948 2874 1027 2958 fide
1042 2882 1184 2937 romana
1198 2879 1233 2937 et
1247 2873 1383 2939 Christi
1394 2894 1507 2938 amare

168 2997 342 3076 separare.
366 2988 542 3053 Hactenus
564 3000 679 3052 orator
701 2990 933 3052 auricularius.

260 3110 293 3169 ὁ.
318 3106 402 3168 Post
436 3107 642 3168 mediocrem
673 3124 814 3177 moram,
846 3104 1067 3167 Patriarehae
1090 3105 1181 3168 dixit
1208 3105 1416 3188 Imperator:
1448 3107 1507 3170 Ne
1569 3114 1692 3164 Fidem
1711 3127 1776 3195 ¹snm
1800 3111 1858 3175 pri·

168 3222 313 3286 credant
335 3222 430 3303 (haec
452 3221 616 3284 solemnis
639 3231 691 3284 est
715 3219 863 3283 formula
893 3221 1112 3285 allocutionis
1134 3242 1194 3303 per
1223 3224 1362 3285 tertiam
1392 3241 1506 3303 perso·
1535 3200 1616 3307 m
1634 3184 1791 3319 mg&
1807 3183 1857 3302 ’,ἶ

169 3357 249 3400 nam
278 3338 409 3399 numeri
432 3338 585 3418 pluralis,
609 3337 760 3399 omnium
784 3337 828 3399 ad
851 3335 1116 3418 Imperatorem:
1140 3337 1240 3401 huius
1255 3348 1305 3400 ,εἴ
1332 3340 1508 3401 universo-
1535 3337 1630 3378 mm

170 3473 245 3516 rum
281 3454 325 3515 ad
356 3453 589 3515 Patriareham
621 3462 656 3513 et
686 3450 886 3515 inferiorum
916 3454 960 3515 ad
991 3454 1189 3533 nobiliores)
1225 3473 1346 3516 novum
1376 3474 1445 3516 esse
1475 3458 1510 3517 ct

169 3568 324 3632 insolens
347 3568 477 3652 quoda
500 3588 551 3630 me
573 3571 751 3652 reposcunt
770 3572 806 3630 et
827 3567 918 3630 illico
937 3588 1012 3629 sum
1022 3573 1273 3652 praestaturus.
1292 3569 1445 3633 Multum
1461 3574 1512 3632 est

170 3704 213 3747 ex
237 3704 308 3768 quo
326 3682 365 3746 S.
388 3682 580 3746 Sanctitati
595 3682 816 3746 obedientiam
831 3683 996 3768 spopondi
1007 3683 1045 3746 in
1069 3684 1223 3747 manchus
1233 3684 1349 3768 patris
1364 3684 1515 3748 Antonii

169 3798 371 3884 supernans,
394 3798 458 3882 qui
475 3797 528 3861 hic
550 3799 674 3862 adstat.
698 3798 744 3861 Et
768 3818 845 3862 cum
865 3800 1028 3882 surgendi
1044 3801 1207 3863 indicium
1224 3799 1372 3873 fecisset,
1389 3802 1512 3865 sedens

171 3934 235 3996 pro
264 3915 444 3978 maiestate
468 3913 668 3977 Patriarcha
691 3925 845 3997 apertum
869 3915 1126 3998 evangeliorum
1157 3916 1283 3978 librum
1303 3935 1384 3997 prae
1405 3918 1512 3979 mani-

47 4042 63 4092 t.
81 4042 144 4105 85³.
171 4035 237 4096 bus
263 4031 419 4112 sumpsit,
444 4039 478 4093 et
500 4026 708 4111 Impe*rator
731 4031 948 4093 obedientiae
975 4042 1010 4092 et
1033 4028 1210 4094 fidelitatis
1229 4032 1460 4094 iusiurandum
1478 4034 1512 4094 in

171 4149 262 4211 haec
285 4146 393 4209 verba
415 4145 585 4227 concepit.

269 4280 298 4340 7.
322 4262 401 4325 Nos
421 4260 543 4324 Seltan
566 4260 750 4346 Seguedus,
761 4259 962 4344 Aethiopiae
983 4262 1177 4346 imperator,
1200 4261 1367 4325 credimus
1389 4266 1422 4325 et
1439 4281 1512 4324 con-
1576 4270 1747 4321 Formula
1786 4268 1863 4318 iura-

164 4381 368 4464 fitemurs.
393 4376 536 4441 Petrum
559 4377 744 4462 apostolum
766 4375 956 4462 principem
979 4377 1085 4440 totius
1111 4376 1278 4441 Ecclesiae
1306 4377 1514 4441 christianae
1540 4342 1638 4393 ¹³⁸⁰sp

172 4499 281 4580 caput
302 4514 324 4556 a
347 4491 483 4557 Christo
496 4491 655 4555 ,Domino
677 4498 791 4556 nostro
805 4492 1027 4555 coustitutum
1044 4493 1136 4576 eiam
1151 4492 1387 4577 principatum
1413 4499 1514 4576 super

174 4615 288 4674 totum
318 4608 427 4672 orbem
457 4624 653 4683 eoncessum,
683 4630 757 4672 cum
788 4609 893 4672 cidem
923 4609 1037 4672 deicit:
1073 4609 1125 4671 Tu
1155 4629 1191 4671 es
1213 4608 1338 4672 Petrus
1360 4612 1394 4671 et
1413 4616 1515 4693 super

173 4725 265 4790 hanc
282 4729 420 4810 petram
444 4723 628 4809 aedificabo
651 4724 833 4789 Ecclesiam
857 4745 964 4788 meam
987 4730 1021 4788 et
1042 4722 1197 4788 tilidaho
1211 4724 1319 4788 claves
1334 4725 1515 4811 regnicaess

174 4841 300 4914 lorum
313 4844 349 4904 e't
372 4840 517 4905 clerum:
540 4841 646 4905 Pasce
668 4862 741 4905 oves
764 4861 865 4904 nceas.
894 4840 1046 4904 Ulterius
1067 4837 1239 4924 scredimus
1261 4846 1295 4904 et
1318 4842 1519 4924 confitemur

268 5091 295 5157 (1
302 5100 310 5155 j
329 5089 417 5146 Ram„
437 5088 462 5148 8,
481 5105 505 5141 n.
525 5100 566 5152 39.
