4058 6178
522 570 580 629 162
852 578 1127 629 EXPEDITIONIS
1152 578 1411 629 AETHIOPICAE
1435 578 1515 629 ETC.

517 738 660 813 agentes
681 728 864 811 percipite:
888 727 971 802 Mei,
995 727 1114 810 inquit,
1137 731 1343 791 accusatores
1365 746 1387 790 o
1409 726 1505 790 Iulio
1526 727 1644 800 uocati,
1667 726 1730 790 ubi
1752 726 1852 789 semel

517 841 717 917 audiissent,
740 842 868 907 Romae
890 841 1161 906 Eulesrastccum
1183 862 1369 905 comessum
1384 839 1477 929 sore,
1508 842 1570 905 ubi
1589 862 1648 905 uec
1668 861 1773 904 comes
1795 841 1849 928 os·

511 958 668 1046 futurus
682 964 775 1031 esset,
791 980 896 1044 mque
914 956 1098 1023 *satellites
1107 965 1174 1043 pro
1181 957 1323 1045 fortius
1337 958 1551 1033 excubarent,
1566 977 1626 1021 nec
1640 978 1684 1021 cx
1697 956 1850 1020 Caesaris
1882 967 1901 1018 t.
1921 974 1952 1025 79.

512 1074 722 1159 praescripto
744 1072 859 1138 omnia
873 1075 1007 1158 sterent
1037 1074 1172 1159 (quibus
1202 1074 1390 1140 rationibus
1418 1079 1454 1138 et
1479 1094 1549 1136 non
1578 1072 1661 1137 olcis
1689 1072 1850 1157 cpr'scopos

516 1190 684 1274 uicerant)
708 1190 759 1256 ita
782 1191 1030 1279 cohorruerunt
1051 1196 1085 1255 et
1105 1196 1195 1255 nutu
1217 1192 1386 1256 contracti
1405 1196 1489 1254 suut
1511 1196 1553 1254 ut
1569 1190 1777 1276 presbyteros
1797 1190 1848 1252 dc·

520 1307 670 1371 tiucrcnt
694 1307 792 1370 ultra
822 1307 1007 1370 condictam
1030 1304 1117 1370 diem
1135 1306 1367 1392 priuatimque
1388 1306 1556 1371 dicerent:
1587 1304 1848 1391 quaeroquaero

518 1422 734 1487 ecclesiastico
756 1422 881 1486 iudicio
902 1422 1033 1487 oriccorc
1055 1442 1123 1486 nou
1146 1428 1332 1507 possumus,
1358 1422 1459 1486 solito
1489 1426 1607 1486 nostra
1636 1421 1675 1485 oi
1701 1441 1848 1507 agamus.

519 1536 589 1601 Sed
612 1557 689 1600 cum
713 1537 816 1601 iidem
844 1539 915 1601 suis
937 1540 1083 1622 grassati
1105 1536 1295 1609 fraudibus,
1321 1539 1398 1603 sola
1421 1539 1637 1620 imperatoris
1660 1535 1847 1600 Constantii

518 1655 626 1717 ariani
650 1656 851 1718 auctoritate
874 1654 1056 1718 concilium
1079 1654 1336 1718 Antiochenum
1360 1656 1563 1738 coegissent,
1584 1664 1618 1717 et
1633 1655 1668 1716 in
1684 1674 1725 1717 eo
1742 1652 1848 1716 Atha·

520 1771 651 1833 nasium
674 1769 901 1840 Alexandria,
925 1772 1065 1833 obtruso
1096 1772 1131 1832 in
1161 1790 1237 1834 eam
1269 1766 1437 1853 Gregorio
1467 1768 1683 1852 Cappadoce,
1714 1769 1847 1832 homine

519 1894 663 1948 externo
686 1905 726 1948 ac
749 1888 982 1969 semipagano,
1006 1887 1296 1968 prescripsissent,
1313 1888 1469 1949 eumdem
1485 1887 1578 1949 omni
1594 1904 1688 1948 noxa
1706 1886 1848 1947 liberum

519 2001 627 2065 Iulius
649 2003 838 2065 declaravit
857 2013 891 2065 et
916 2004 961 2066 ad
986 2003 1148 2084 exempla
1174 2005 1356 2085 potestatis
1382 2002 1620 2065 Romanorum
1648 1998 1847 2063 Pontificum

520 2119 555 2180 in
577 2117 839 2181 Alexandrinos
865 2119 1006 2182 eosdem
1037 2117 1187 2182 furorem
1219 2119 1419 2182 anhelantes
1448 2118 1638 2182 censoriam
1669 2117 1848 2198 epistolam

519 2234 666 2316 scripsit,
689 2253 792 2314 quam
826 2232 932 2297 refert
966 2235 1055 2298 idem
1091 2233 1315 2305 Athanasius,
1347 2254 1473 2316 eosque
1503 2234 1575 2297 illis
1604 2233 1731 2303 verbis,
1765 2241 1848 2294 tam·

519 2368 621 2431 quam
645 2367 804 2411 mucrone
828 2348 1056 2420 adamantino,
1081 2348 1232 2432 configit.
1257 2348 1329 2414 Cur
1351 2348 1462 2436 egum
1491 2349 1586 2412 etde
1607 2346 1848 2411 Alexandrino

518 2464 654 2528 ciuitate
676 2463 771 2527 ur‘ltil
790 2463 884 2526 uobis
905 2463 1045 2528 sortiere
1066 2464 1248 2531 uoluistis?
1270 2465 1330 2529 Au
1353 2464 1574 2551 ignori'estr's,
1590 2462 1677 2527 hanc
1695 2484 1764 2527 esse
1778 2482 1848 2526 con·

519 2579 729 2643 suetudinem
752 2584 794 2642 ut
812 2580 964 2663 primum
988 2579 1084 2643 nobis
1105 2581 1283 2656 sortiatur,
1306 2586 1347 2644 ut
1359 2580 1440 2643 hinc
1455 2580 1545 2664 qrcod
1560 2580 1691 2643 i'ustum
1706 2576 1848 2662 estdcfi·

519 2695 599 2759 uiri
613 2694 750 2779 possit?
765 2696 774 2774 l
781 2695 809 2776 1)
834 2694 929 2777 Quae
952 2697 1058 2759 verba
1081 2699 1116 2759 in
1139 2716 1237 2761 suum
1265 2695 1420 2759 favorem
1436 2697 1652 2759 Athanasius
1675 2714 1744 2757 non
1773 2713 1848 2776 pro·

519 2812 668 2884 duceret,
684 2811 750 2873 nisi
766 2811 911 2874 solemni
927 2831 1020 2874 more
1037 2822 1210 2895 receptum
1226 2822 1327 2885 esset,
1344 2822 1380 2874 ut
1395 2812 1539 2875 aliarum
1555 2810 1802 2881 Ecclesiarum,
1816 2818 1847 2871 et

520 2929 702 3009 praecipue
734 2927 980 2999 Alexandriae,
1012 2929 1226 3010 provisiones
1259 2929 1304 2991 ad
1337 2924 1464 2991 Sedem
1492 2927 1718 3008 apostolicam
1749 2923 1847 2988 refer·

520 3053 645 3106 rentur.

207 3166 298 3217 Divus
326 3166 417 3217 tultus
449 3180 494 3215 ro-
611 3179 659 3221 22.
686 3158 734 3222 Ut
757 3170 871 3222 autem
894 3159 994 3221 nobis
1017 3167 1229 3240 compertum
1252 3159 1297 3221 sit
1320 3177 1422 3240 quam
1446 3159 1640 3222 mercedem
1665 3157 1773 3221 Iulius
1798 3176 1847 3219 ro·

172 3237 494 3360 omfflfessfffflff
521 3293 640 3337 manus
662 3295 708 3337 ex
731 3275 917 3338 Athanasii
927 3273 1126 3338 defensione
1149 3275 1336 3356 collegerit,
1360 3278 1395 3336 ct
1415 3272 1503 3337 moli
1521 3274 1616 3338 corui
1634 3274 1764 3336 molum
1785 3292 1849 3336 csse

171 3382 284 3432 mlum
302 3378 494 3431 excommuni-
520 3409 616 3453 ouum
629 3390 681 3473 (2),
694 3401 729 3454 et
741 3391 780 3453 de
792 3390 903 3454 radice
913 3389 1047 3461 colubri,
1060 3401 1097 3454 ut
1112 3392 1161 3453 ait
1176 3389 1294 3462 Isaiae,
1311 3390 1466 3474 regulum
1481 3390 1584 3469 oriri(
1589 3392 1630 3470 3),
1642 3391 1785 3472 pessimi
1800 3387 1847 3450 illi

171 3462 259 3502 “m
521 3506 673 3587 episcopi
685 3527 752 3569 ova
763 3507 920 3588 aspidum
933 3515 1138 3587 rumpentes,
1146 3525 1182 3568 os
1191 3525 1290 3567 suum
1302 3505 1340 3568 in
1351 3506 1477 3569 coelum
1484 3510 1678 3591 posuerunt
1686 3509 1721 3570 et
1731 3505 1847 3589 irriguo

521 3633 644 3684 terram
667 3631 862 3685 everrentes
876 3620 931 3703 (4),
955 3621 1037 3684 divo
1052 3620 1141 3684 Iulio
1156 3620 1489 3702 impudentissimum
1505 3623 1686 3685 anathema
1701 3621 1847 3701 impege-

520 3749 611 3810 runt3
635 3747 672 3799 ut
695 3737 867 3809 noveritis,
891 3756 979 3818 quos
1001 3739 1184 3819 magistros
1198 3747 1233 3799 et
1249 3738 1490 3820 antesignanos
1506 3738 1550 3799 ad
1565 3738 1682 3799 divum
1702 3736 1845 3799 Leonem
1878 3818 1883 3829 ι

520 3872 696 3915 romanum
734 3855 837 3916 etiam
871 3850 1068 3934 pontificem
1098 3854 1452 3916 excommunicatione
1483 3852 1750 3935 percellendum,
1779 3861 1845 3914 tam

520 3971 638 4051 dispar
667 3969 862 4032 Athanasio
893 3970 928 4030 in
960 3967 1201 4031 Alexandrina
1230 3970 1392 4031 cathedra
1422 3978 1560 4032 secutus
1586 3970 1631 4031 sit
1653 3966 1844 4031 Dioscorus.

519 4085 685 4149 Extincto
708 4095 823 4148 tamen
847 4085 891 4147 ab
914 4084 1165 4147 Alexandrinis
1187 4086 1233 4147 ob
1255 4105 1317 4148 sua
1338 4082 1472 4166 flagitia
1494 4081 1673 4167 Gregorio
1685 4082 1845 4146 Constans

520 4200 719 4264 Occidentis
736 4203 919 4283 imperator
933 4200 978 4263 ad
993 4197 1132 4264 fratrem
1149 4209 1229 4263 natu
1246 4202 1409 4263 maiorem
1426 4198 1662 4263 Constantium
1679 4201 1714 4262 in
1731 4197 1844 4264 Orien·

521 4328 589 4379 tem
606 4316 680 4379 iura
703 4318 839 4379 dantem
864 4315 1009 4397 scripsit,
1033 4326 1071 4379 ut
1087 4317 1216 4379 iuberet
1231 4315 1462 4379 Athanasium
1477 4335 1594 4378 secum
1610 4317 1645 4378 in
1660 4315 1762 4379 Italia
1775 4331 1844 4397 per·

521 4442 715 4496 manentem
739 4434 783 4495 ad
806 4452 903 4495 suam
926 4431 1119 4495 Ecclesiam
1142 4432 1263 4497 redire.
1288 4431 1393 4496 Cuius
1416 4432 1576 4515 precibus
1603 4451 1680 4495 cum
1712 4432 1771 4494 ille
1791 4449 1844 4492 an·

521 4558 638 4611 nueret
662 4549 838 4611 discedere
860 4549 969 4611 noluit
992 4547 1212 4622 Athanasius
1237 4548 1303 4611 nisi
1325 4548 1429 4630 prius,
1453 4558 1490 4611 ut
1512 4547 1587 4629 ipse
1610 4557 1763 4620 testatur,
1778 4545 1844 4607 Ro·

521 4683 612 4726 mam
636 4666 833 4726 ascenderet
846 4663 898 4746 (5),
915 4663 1099 4728 Ecclesiam
1114 4670 1148 4728 et
1161 4666 1347 4749 episcopum
1363 4664 1521 4728 aditurus
1535 4661 1580 4748 (ὁ)
1604 4672 1638 4726 et
1653 4660 1844 4727 Constantio

521 4779 772 4862 quaerimonias
794 4789 913 4861 postea
936 4781 971 4841 in
1002 4781 1160 4843 eumdem
1191 4779 1342 4852 iactanti,
1371 4781 1464 4860 quod
1486 4799 1509 4842 a
1532 4798 1569 4841 se
1592 4780 1627 4841 in
1650 4777 1783 4842 Italiam
1805 4774 1845 4836 ad

521 4894 742 4959 Constantem
765 4895 985 4978 profugisset,
1010 4897 1058 4959 ita
1087 4897 1277 4978 respondit:
1309 4894 1489 4958 Profectus
1520 4914 1597 4958 sum
1626 4892 1844 4959 Alexandria.

609 5056 650 5125 (1)
669 5058 788 5122 apolog,
809 5069 832 5109 2.
853 5085 887 5093 -
905 5055 944 5125 (κ)
964 5058 1037 5113 lsai„
1059 5067 1099 5118 14,
1119 5073 1144 5109 n,
1166 5068 1207 5121 ²9·
1227 5083 1261 5091 —
1280 5053 1319 5122 (3)
1339 5056 1412 5113 Isaae',
1433 5064 1474 5118 59,
1494 5072 1519 5107 n.
1541 5065 1564 5117 5.
1586 5082 1619 5093 -
1638 5054 1680 5121 (4)
1699 5055 1792 5104 Psalm.
1806 5060 1846 5111 72.

521 5163 546 5199 n.
566 5159 590 5209 9.
614 5175 643 5185 -
664 5145 705 5212 (5)
724 5146 842 5211 Apolog„
863 5159 886 5197 2.
910 5175 940 5184 -
959 5144 1000 5207 (et
1019 5147 1168 5206 Socrat,
1187 5145 1233 5196 lib.
1254 5157 1277 5204 2,
1296 5160 1353 5221 cap.
1377 5144 1416 5195 18.
