4066 6174
562 735 677 785 LIBER
700 735 740 795 11,
772 734 897 784 CAPUT
920 736 1050 787 XXVII.
1404 746 1465 806 343

126 898 191 961 que
219 885 426 944 castrensem
457 881 588 944 turbam
618 902 692 944 eum
715 881 887 967 tripudiis,
913 903 1007 947 ieros
1035 883 1214 948 catholicos
1242 905 1316 948 cum
1346 886 1467 950 intimo

6 997 96 1057 ’.ιδυ-
123 990 238 1058 dolore
260 994 317 1058 *et
338 996 455 1060 multis
476 996 635 1081 lacrymis
656 998 832 1081 excepisse.
857 997 909 1060 lis
931 1019 1007 1062 iero
1022 1019 1155 1063 causam
1171 998 1263 1063 dedit
1279 1000 1466 1066 inobserua-

125 1113 183 1172 tae
199 1111 372 1194 pactionis
393 1118 428 1176 et
449 1111 788 1177 circumstantiarum
810 1116 1050 1200 transgressio·
1068 1116 1164 1179 cuius
1184 1116 1353 1203 neglectim
1370 1118 1467 1182 Deus

124 1245 147 1288 a
178 1226 216 1289 V.
243 1227 431 1291 Maiestate
451 1229 604 1293 strictam
628 1230 794 1293 rationem
816 1236 868 1294 est
888 1235 1081 1295 exacturus.

218 1364 247 1423 5.
272 1344 330 1408 Ne
352 1351 466 1410 autem
488 1366 545 1433 ego
567 1351 601 1410 ct
622 1345 799 1410 coadiutor
826 1367 919 1410 meus
942 1346 1159 1434 futurusque
1187 1370 1360 1422 successor,
1386 1371 1466 1435 quos

121 1458 286 1544 Spiritus
311 1460 461 1524 Sanctus
478 1462 596 1545 posuit
616 1461 782 1546 episcopos
803 1482 918 1547 regere
939 1462 1122 1527 Ecclesiam
1145 1463 1218 1527 Dei
1229 1485 1330 1548 quam
1353 1466 1465 1550 acqui·

121 1574 209 1638 sinit
222 1575 391 1661 sanguine
404 1596 474 1651 suo,
489 1580 531 1639 nt
544 1576 674 1639 dicitur
696 1576 734 1639 in
750 1575 845 1640 Actis
859 1575 1097 1661 Apostolorum
1113 1578 1169 1663 (1),
1185 1599 1257 1643 eom
1272 1580 1379 1643 simul
1393 1579 1465 1644 red·

123 1689 257 1765 damus,
280 1695 314 1755 et
334 1691 441 1754 simus
462 1690 501 1754 in
523 1689 636 1754 eadem
659 1689 886 1767 damnatione,
917 1694 953 1757 V.
979 1693 1167 1759 Maiestati
1180 1696 1300 1779 palam
1308 1695 1466 1783 facimus

125 1806 165 1869 in
189 1805 251 1869 hoc
271 1806 450 1891 praeconio
480 1806 626 1871 Mbitum
656 1807 807 1870 ordinem
838 1807 981 1871 minime
1009 1809 1222 1874 obseruatum.
1257 1810 1342 1874 Cum
1373 1811 1464 1876 enim

124 1921 227 1985 i‘lli'us
249 1922 396 1986 materi'a
418 1922 467 1985 sit
482 1928 572 2007 pure
597 1921 826 1999 ecclesiastica,
849 1929 963 1988 nostro
990 1930 1073 1998 erat,
1096 1947 1164 1990 non
1195 1927 1233 1991 V.
1259 1926 1464 2003 Maiestatis,

124 2038 235 2109 i'nssu,
259 2038 298 2101 in
321 2038 456 2122 templis
478 2058 546 2101 non
570 2036 608 2102 in
623 2038 745 2103 castris
755 2039 1032 2124 praedicandum,
1055 2047 1089 2106 et
1102 2042 1293 2106 meminisse
1307 2042 1466 2107 debuerat

132 2154 173 2217 V.
201 2153 368 2217 Maiestas
385 2154 546 2239 graiium
568 2154 709 2217 illorum
732 2175 771 2218 ac
792 2176 947 2220 verorum
969 2156 1115 2222 Aiariae
1136 2157 1263 2221 summi
1281 2159 1465 2223 sacerdotis

125 2267 175 2333 ad
195 2289 308 2355 regem
332 2268 447 2332 Oziam
469 2269 652 2345 verborum,
676 2270 731 2334 lib.
756 2291 785 2343 a,
809 2272 1105 2356 Paralipomenon,
1130 2279 1198 2357 cap.
1223 2277 1285 2337 26:
1308 2273 1385 2337 Non
1412 2284 1464 2338 est

124 2388 178 2449 tui
203 2384 318 2458 officii,
342 2404 364 2447 o
387 2383 481 2457 Ozia,
503 2396 540 2448 ut
556 2387 697 2449 adoleas
712 2386 886 2450 incensum
903 2387 1063 2460 Domino,
1080 2391 1141 2452 sed
1157 2391 1381 2463 sacerdotum,
1397 2389 1464 2454 hoc

125 2512 180 2565 est
204 2498 353 2563 filiorum
376 2500 505 2572 Aaron,
521 2503 581 2584 qui
597 2502 786 2565 consecrati
802 2514 880 2567 sunt
896 2505 938 2566 ad
956 2503 1022 2566 hoc
1038 2504 1273 2569 ministerium.
1289 2505 1463 2588 Egredere

124 2618 170 2681 de
195 2619 400 2689 sanctuario,
425 2637 467 2680 ne
491 2619 747 2700 contempseris,
770 2620 850 2700 quia
866 2639 934 2682 non
949 2623 1161 2701 reputabitur
1175 2621 1239 2684 tibi
1255 2620 1320 2684 hoc
1337 2623 1372 2684 in
1387 2622 1462 2704 glo·

125 2734 215 2795 riam
239 2753 260 2795 a
284 2732 371 2795 Deo,
395 2732 585 2797 Recordari
604 2753 730 2818 quoqne
746 2739 861 2819 posset
882 2736 920 2800 V.
945 2735 1111 2799 Maiestas
1124 2736 1287 2821 supplicii
1298 2735 1465 2820 externplo

124 2848 190 2912 illi
208 2848 287 2935 regi
306 2868 328 2911 a
352 2848 425 2912 Deo
448 2848 587 2931 inflicti.

217 2967 247 3027 ό.
273 2963 321 3027 Si
339 2968 453 3027 autem
475 2963 563 3027 satis
584 2985 652 3027 non
675 2969 760 3029 esset
782 2965 875 3029 illud
894 2966 931 3029 iri
963 2966 1084 3050 templo
1110 2968 1341 3053 praeconium,
1364 2969 1467 3032 etad

118 3079 310 3165 plem'orem
333 3079 489 3143 noti'ti'am
512 3081 687 3164 expediret
718 3081 756 3144 in
785 3081 909 3145 castris
932 3069 1152 3167 proclamari,
1184 3088 1298 3146 nostro
1328 3083 1464 3146 nomine

122 3196 254 3280 ali'qnis
276 3216 322 3260 ex
340 3195 498 3280 patribus
520 3196 574 3260 iel
593 3218 636 3260 ex
659 3197 786 3260 nostris
800 3197 992 3282 capellanis,
1008 3204 1072 3262 aut
1080 3206 1226 3283 persona
1240 3199 1312 3262 alia
1334 3219 1356 3261 a
1371 3198 1463 3262 nobis

121 3311 320 3386 constituta,
343 3311 499 3376 assistere
521 3311 686 3383 debuerat,
711 3312 836 3376 utillo
859 3319 1065 3388 arcerentur,
1082 3334 1253 3397 quaecum
1279 3318 1378 3379 tanta
1393 3314 1466 3377 Dei

122 3433 159 3491 et
175 3427 316 3512 pi'orum
339 3427 523 3512 offensione
544 3434 737 3492 evenerunt.
767 3428 951 3492 Testantur
971 3428 1061 3491 enim
1084 3429 1197 3504 multi,
1221 3430 1463 3515 quipraedicto

116 3544 302 3629 praeconio
325 3543 465 3628 affuere,
488 3543 526 3607 in
549 3564 584 3608 eo
607 3544 810 3628 imperatum
837 3545 994 3619 absolute,
1018 3549 1059 3607 ut
1080 3545 1214 3629 priores
1244 3545 1365 3609 missae
1389 3545 1464 3610 ane

124 3659 296 3722 mentione
325 3658 426 3722 i‘llius
448 3659 605 3734 auctarii,
627 3665 670 3723 ut
690 3665 854 3725 correctae
876 3665 909 3724 et
930 3682 951 3723 a
972 3661 1199 3726 sacerdotibus
1221 3682 1243 3724 a
1266 3682 1325 3737 me,
1348 3660 1403 3725 ael
1422 3661 1464 3724 ab

121 3775 275 3859 episcopo
311 3773 463 3838 i'rn'tiatis
484 3775 690 3838 dicerentur.
721 3776 771 3839 Et
792 3774 830 3839 de
848 3775 1101 3863 festivitatibus
1118 3776 1310 3862 generatim
1340 3781 1460 3848 actiim

123 3889 245 3974 absque
267 3890 460 3974 exceptione
481 3890 660 3954 Pascbatis
674 3891 874 3954 italiorum
890 3892 931 3954 ab
948 3892 1019 3976 ipso
1030 3893 1262 3976 pendentium,
1278 3913 1337 3958 nec
1343 3890 1463 3980 feriae

123 4010 269 4090 quartae
291 4005 530 4068 abstinentiam
553 4007 783 4070 caelimontium
806 4008 978 4070 voluntati
998 4008 1159 4083 relictam,
1182 4006 1242 4071 sed
1263 4009 1461 4094 praefinito,

13 4160 19 4172 ·
86 4166 93 4181 .
123 4120 229 4205 quasi
248 4120 306 4183 *in
325 4120 456 4184 sabbati
467 4120 771 4186 condemnationem
788 4123 959 4187 indictam.
977 4124 1083 4185 Nunc
1101 4143 1189 4209 ergo,
1205 4144 1247 4187 ne
1261 4125 1464 4190 nouissimus

122 4257 223 4300 error
244 4237 292 4300 si't
308 4236 407 4320 peior
427 4237 551 4321 priore,
575 4238 615 4300 id
625 4239 716 4321 fieri
735 4243 864 4322 oportet
884 4238 973 4323 quod
986 4238 1090 4323 prius
1112 4239 1294 4312 amessiam·
1320 4240 1460 4305 iterum·

124 4373 188 4437 que
211 4353 300 4417 idem
318 4354 537 4438 praeconium
556 4360 592 4438 p.
617 4354 748 4417 Didaco
765 4359 944 4439 praesente
965 4353 1170 4418 ructandum.

216 4490 244 4548 7.
272 4469 364 4551 Quia
386 4489 462 4533 vero
484 4469 563 4533 haec
597 4470 716 4554 absque
741 4470 911 4554 principis
941 4469 1125 4534 Faciladas
1154 4471 1295 4566 consilio
1324 4477 1359 4535 et
1386 4492 1460 4536 con-

123 4584 268 4648 scientia
291 4585 418 4669 perfici
444 4606 512 4649 non
543 4585 736 4657 debuerunt,
760 4607 781 4649 a
812 4588 849 4651 V.
881 4586 1064 4650 Maiestate
1090 4588 1151 4650 sub
1173 4588 1287 4651 dcciiii
1312 4589 1462 4652 nominis

124 4700 343 4765 obtestatione
357 4702 496 4787 flagita,
520 4708 560 4766 ut
582 4723 688 4764 meam
712 4703 799 4764 lianc
821 4702 995 4787 epistolam
1018 4703 1079 4765 illi
1105 4703 1216 4766 i'nbeat
1244 4702 1380 4766 ostendi.
1413 4704 1463 4767 Et

130 4816 168 4878 V.
194 4815 424 4889 Maiestatem,
448 4822 547 4903 atque
568 4818 670 4882 illum
693 4819 894 4881 coniunctim
918 4817 1084 4893 adnoomo,
1115 4824 1156 4881 ut
1181 4840 1202 4880 a
1228 4824 1328 4903 patre
1359 4820 1460 4882 lumi-

124 4952 208 4996 num
233 4931 350 4995 lumen
372 4932 533 4998 nitantur
563 4955 715 5008 exorare,
746 4955 788 4996 ne
817 4934 867 4997 ita
897 4934 1007 4996 oculos
1038 4936 1075 4997 in
1106 4939 1278 4999 terrenum
1309 4954 1460 5020 regnum,

122 5047 215 5134 qnod
233 5047 474 5111 transitorium
497 5055 555 5124 est,
578 5047 738 5135 defigant,
763 5054 803 5112 ut
824 5049 979 5121 coelestis,
1003 5050 1093 5134 quod
1112 5054 1286 5114 aeternum
1303 5054 1360 5126 est,
1380 5050 1460 5114 obli-

214 5295 340 5359 (1)Act.,
360 5306 402 5353 ao,
421 5311 447 5347 n.
467 5294 508 5348 28.
