4166 6182
813 587 1019 639 DEDICATIO
1567 592 1583 654 7

253 736 584 822 Pieolominaeum‚
615 750 796 809 tentatum
825 752 863 810 et
883 740 1081 832 probatum
1102 763 1169 833 per
1189 738 1326 823 omnia,
1349 753 1389 811 ut
1412 738 1587 813 omnibus

252 869 369 966 possit
398 870 600 943 condolere
628 885 665 942 et
698 870 893 965 opitulari;
929 872 1031 965 quod
1065 870 1224 945 subditis
1257 873 1353 945 inter
1381 872 1502 968 prima
1530 889 1587 945 est

251 1003 509 1088 conducibile;
534 1004 571 1076 in
588 1029 699 1099 quem
728 1029 775 1076 ex
789 1005 903 1100 pleno
931 1005 1033 1079 cadit
1048 1004 1139 1078 illud
1156 1006 1329 1103 martyris
1344 1006 1523 1103 Cypriani
1539 1007 1586 1078 de

253 1162 319 1210 suo
347 1162 525 1233 compare
553 1137 730 1212 Cornelio
758 1163 915 1211 romano
945 1138 1110 1235 elogium
1139 1138 1212 1233 (1):
1242 1141 1329 1212 Non
1358 1144 1422 1212 iste
1440 1141 1491 1212 ad
1515 1145 1585 1237 epi·

252 1282 431 1367 scopatam
450 1275 564 1344 snbito
585 1275 765 1368 peruenit,
785 1272 847 1344 sra'
866 1282 937 1367 per
954 1277 1077 1344 omnia
1105 1276 1335 1345 ecclesiastica
1360 1276 1479 1367 officia
1501 1286 1586 1370 pro·

253 1415 366 1477 moins
393 1415 426 1477 et
454 1407 494 1477 in
521 1405 660 1478 diuinis
687 1405 1065 1478 administrationibus
1088 1406 1294 1478 Dominum
1322 1418 1423 1503 saepe
1445 1417 1586 1502 promr-

253 1541 357 1621 ritns,
387 1537 439 1610 aa'
462 1538 654 1611 sacordotii
679 1541 830 1611 sublime
854 1540 1061 1634 fastigium
1090 1541 1251 1611 omnibns
1286 1542 1475 1633 religionis
1497 1568 1585 1635 gra·

251 1670 352 1745 dibns
379 1670 548 1745 ascendit.
584 1673 621 1744 T
616 1699 678 1745 nm
707 1672 834 1745 deindo
861 1677 1099 1769 episcopatum
1128 1677 1247 1768 ipsam
1275 1699 1347 1745 non
1370 1676 1582 1769 postulauit,

251 1833 310 1876 ner
338 1809 465 1893 oolnit,
496 1833 557 1878 nec
583 1817 625 1879 nt
661 1810 802 1890 caetori,
831 1834 916 1903 qnos
943 1811 1128 1903 superbiae
1163 1834 1247 1879 snae
1278 1817 1403 1879 tumor
1437 1810 1583 1890 invasit,

249 1939 310 2011 sea'
329 1939 501 2036 placidus
528 1951 560 2012 et
585 1943 738 2036 qnietnS,
767 1968 839 2013 non
868 1950 908 2012 nt
934 1941 1094 2036 an'rlam,
1121 1943 1196 2014 vim
1214 1942 1312 2034 feczt
1339 1951 1380 2013 nt
1407 1943 1587 2037 episcopas

156 2126 163 2139 .
192 2124 222 2146 ‚.
250 2067 374 2171 *fieret
390 2074 452 2146 sea'
469 2078 586 2170 magis
606 2077 681 2173 nim
696 2085 826 2169 passus
844 2085 903 2159 est,
924 2085 967 2146 nt
984 2078 1221 2170 episcopatum
1242 2084 1379 2146 coactns
1402 2079 1584 2170 acciperet.

250 2207 382 2279 Factus
410 2218 459 2279 est
486 2218 605 2280 antem
643 2210 821 2304 episcopas
853 2206 896 2279 a’e
923 2207 1000 2280 Dei
1026 2217 1058 2279 et
1089 2208 1229 2280 Christi
1255 2209 1331 2279 eius
1369 2207 1513 2290 indicia,
1544 2206 1586 2279 do

250 2344 462 2414 clericorum
485 2353 577 2437 pene
604 2345 766 2414 omnium
785 2345 996 2427 testimonio,
1017 2342 1059 2413 do
1081 2345 1206 2438 plebis,
1231 2368 1320 2436 qnae
1338 2351 1423 2413 tnnc
1446 2341 1584 2426 aderat,

249 2477 440 2571 suffragio,
470 2486 503 2547 et
538 2476 579 2548 de
615 2476 836 2549 sacerdotnm
875 2479 1108 2572 antiquorum
1142 2485 1174 2547 et
1210 2478 1381 2548 bonorum
1419 2478 1584 2547 uirorum

250 2611 407 2705 collegio.

337 2741 432 2832 Quis
464 2766 540 2815 non
574 2742 710 2827 videat,
747 2743 989 2840 Cyprianum,
1025 2757 1167 2817 mutato
1195 2743 1365 2839 episcopi
1402 2757 1440 2815 et
1467 2767 1585 2816 sacer-

250 2875 343 2948 dotii
372 2876 525 2949 nomine
553 2876 589 2949 in
621 2876 844 2951 Generalem
874 2893 911 2951 et
938 2879 1207 2974 generalatum.
1233 2878 1280 2951 de
1304 2876 1585 2950 Picolominaeo

249 3008 425 3092 locutum,
465 3008 528 3104 qui
562 3010 610 3081 ad
652 3009 813 3083 sublime
854 3010 1055 3083 Societatis
1087 3010 1278 3106 fastigium
1319 3010 1494 3082 omnibus
1532 3035 1585 3083 re-

249 3140 407 3235 ligiosae
444 3142 668 3238 disciplinae
710 3143 841 3217 officiis
878 3160 915 3217 et
956 3144 1137 3240 gradibus
1178 3143 1367 3217 ascendit:
1408 3145 1455 3215 ab
1493 3143 1585 3216 anti-

249 3299 407 3369 quorum
437 3277 686 3362 sacerdotum,
721 3291 758 3350 et
790 3277 1016 3373 optimorum
1051 3276 1251 3350 Societatis
1280 3302 1377 3372 pene
1416 3276 1583 3349 omnium

249 3409 413 3482 virorum
438 3408 601 3506 collegio
620 3411 857 3483 centuriatim
882 3412 1033 3496 electus,
1055 3426 1092 3482 et
1120 3411 1293 3482 eumdem
1315 3411 1477 3483 futurum
1508 3435 1585 3498 om·

249 3542 350 3614 nium
380 3541 591 3616 absentium
620 3569 782 3629 sensum,
814 3569 880 3617 seu
908 3544 1110 3628 turmatim,
1141 3568 1206 3616 seu
1235 3544 1413 3627 tributim,
1444 3569 1509 3617 seu
1533 3542 1584 3615 vi-

247 3676 347 3748 ritim
377 3678 682 3750 consulerentur?
710 3678 870 3752 Etcum
906 3679 1048 3750 nullum
1081 3678 1229 3762 fretum,
1265 3678 1388 3750 nullus
1421 3675 1584 3771 Euripus

247 3824 303 3883 tot
332 3810 470 3882 habeat
496 3810 723 3906 agitationes
752 3814 940 3895 fluctuum,
977 3827 1068 3905 quot
1099 3812 1214 3883 habet
1246 3827 1370 3883 aestus
1402 3810 1497 3882 ratio
1525 3834 1585 3882 co-

250 3942 451 4027 mitiorum,
481 3958 545 4016 tua
576 3942 631 4017 sic
669 3961 804 4040 pacata
821 3945 948 4029 fuisse,
978 3958 1029 4030 ut,
1060 3969 1106 4016 ex
1135 3944 1331 4039 octogenis
1363 3942 1584 4038 suffragato·

247 4075 362 4161 ribus,
392 4101 468 4149 uno
488 4078 651 4172 amplius
670 4077 707 4150 in
728 4077 850 4173 prima
869 4077 1087 4151 recensione
1116 4077 1415 4174 undesexaginta
1442 4077 1581 4161 tuleris

249 4233 323 4280 non
353 4224 503 4304 puncta,
534 4212 601 4284 sed
629 4236 801 4307 gemmas
828 4226 865 4284 et
891 4210 1074 4285 uniones?
1102 4210 1305 4284 Certabant
1332 4209 1585 4283 enimomnes

248 4342 350 4416 orbis
378 4343 551 4418 nationes
583 4360 623 4417 ut
651 4359 688 4418 te
717 4346 898 4419 haberent
934 4370 1173 4418 communem
1208 4346 1322 4440 (quod
1356 4345 1477 4417 solum
1510 4343 1584 4417 tuis

250 4474 366 4549 titulis
393 4477 535 4575 deerat)
564 4479 822 4552 defensorem:
861 4492 899 4552 et
917 4478 1006 4574 quia
1025 4479 1223 4551 defensore
1243 4478 1335 4550 nihil
1357 4478 1479 4574 magis
1498 4492 1585 4573 eget

248 4634 360 4704 quam
396 4611 497 4705 quod
535 4612 755 4684 convulsum
785 4626 906 4685 estet
934 4612 1190 4695 dilaceratum,
1225 4611 1439 4707 Aethiopia,
1471 4635 1582 4704 quam

249 4742 362 4816 Vates
391 4743 483 4816 dicit
509 4753 645 4816 terram
674 4748 881 4818 conuulsam
900 4756 932 4817 et
948 4746 1185 4817 dilaceratam
1205 4756 1237 4817 et
1263 4745 1531 4840 expectantem(
1558 4746 1582 4839 )‚

246 4890 285 4948 te
326 4875 491 4971 respicit,
534 4891 708 4972 expectat
733 4891 773 4950 et
799 4893 918 4951 totum
956 4878 1027 4952 sibi
1064 4876 1241 4950 vendicat
1267 4878 1517 4960 defensorem,
1547 4893 1584 4950 et

338 5140 383 5218 (1)
407 5140 515 5215 Epist,
539 5153 586 5214 52.
609 5175 646 5183 —
667 5141 713 5219 (2)
735 5141 820 5211 lsai,
846 5142 890 5211 18,
913 5160 943 5201 n.
966 5156 992 5211 2,
1015 5153 1042 5214 7.
