4124 6182
280 941 393 988 Praeter
411 941 565 1000 Imperato-

244 1024 303 1059 rem
322 1011 422 1060 nullua
439 1022 482 1059 est
507 1014 565 1061 Rex

244 1080 274 1129 in
292 1081 450 1144 Aethiopia.

280 2326 418 2375 Praefecti
450 2328 564 2387 magis

240 2396 387 2459 piraticam
397 2412 479 2462 quam
487 2400 565 2462 prite-

241 2468 378 2517 fecturam
393 2481 529 2520 exercent.

278 3715 413 3766 Beteudet
422 3714 562 3778 principa-

240 3793 289 3833 tus
307 3785 338 3833 in
357 3790 413 3837 Rae
431 3786 563 3836 immuta-

241 3864 297 3904 tus.

278 4638 341 4688 Duo
370 4641 563 4691 Bellatinoche

237 4709 350 4759 Goitae.

593 556 635 613 50
928 549 1201 598 EXPEDITIONIS
1224 549 1487 598 AETHIOPICAE
1512 550 1591 598 ETC.

592 699 751 761 eumdem
776 696 947 760 festinare.
973 696 1058 758 lude
1082 716 1205 758 nomen
1230 697 1315 758 illud
1340 698 1427 758 inter
1449 695 1646 777 Europaeos
1670 697 1780 758 haesit
1797 696 1928 759 aethio·

593 815 671 895 pico
694 814 906 895 Imperatori.

685 951 714 992 2.
738 930 878 992 Praeter
901 930 997 992 illum
1022 931 1135 992 nullus
1159 940 1210 991 est
1237 931 1272 992 in
1303 938 1377 993 tota
1408 930 1517 1010 ipsius
1540 928 1670 992 ditione
1692 927 1806 1010 Regis
1829 928 1928 989 titulo

594 1046 783 1115 decoratus,
800 1055 838 1107 ut
854 1048 944 1107 enim
961 1045 1175 1107 Dancalinus
1190 1055 1224 1107 et
1240 1043 1479 1127 Gingiraensis
1495 1045 1561 1125 ipsi
1577 1045 1623 1106 ob
1639 1042 1801 1105 viciniam
1818 1052 1854 1105 et
1869 1063 1929 1124 po·

595 1162 737 1223 tentiam
762 1179 891 1221 morem
915 1170 1045 1242 gerant,
1069 1161 1201 1223 nullum
1225 1161 1375 1242 vectigal
1399 1161 1546 1222 solvunt.
1575 1158 1783 1242 Aliquarum
1814 1168 1929 1221 tamen

592 1278 847 1357 provinciarum
871 1274 1034 1356 praelecti
1059 1296 1105 1338 ex
1129 1277 1225 1339 nullo
1249 1278 1328 1348 alio,
1359 1295 1463 1356 quam
1494 1296 1541 1338 ex
1572 1278 1788 1356 antiquorum
1820 1274 1929 1336 domi·

592 1411 714 1455 norum
745 1391 911 1474 sanguine
937 1392 1106 1475 leguntur,
1129 1402 1166 1455 ut
1190 1391 1406 1463 Naraeensis,
1431 1388 1587 1463 Cautiba,
1612 1390 1872 1458 Dambaeensis,
1895 1390 1929 1449 in

592 1527 702 1591 regno
732 1506 880 1590 Tigraeo
911 1507 1153 1589 Baruagazius,
1185 1504 1396 1578 Saraoensis,
1431 1503 1592 1589 Syrensis
1615 1516 1649 1568 et
1672 1505 1930 1568 Tembeuensis

594 1622 725 1687 Omnes
747 1632 862 1685 tamen
886 1623 1075 1705 Imperator
1098 1632 1136 1685 ut
1158 1633 1316 1695 tesseras,
1340 1624 1398 1685 vel
1423 1623 1529 1704 *pilas
1556 1623 1670 1694 habet,
1695 1631 1741 1691 ut,
1764 1628 1866 1701 prout
1889 1621 1927 1681 li·
1970 1635 1989 1687 ε.
2008 1648 2043 1695 29.

593 1740 682 1810 beat,
706 1739 772 1801 huc
796 1749 830 1802 et
853 1740 934 1801 illuc
959 1741 1063 1802 etiam
1087 1748 1166 1802 ante
1189 1749 1389 1803 semestrem
1409 1736 1661 1821 praefecturam
1678 1739 1845 1800 immutet.
1862 1735 1932 1798 Ea-

592 1857 669 1917 dem
694 1864 746 1917 est
770 1856 805 1916 in
829 1856 1072 1917 trasmovendo
1095 1855 1286 1917 sublimiori
1315 1853 1498 1917 fundorum
1528 1853 1681 1916 dominio
1707 1853 1930 1924 vicissitudo;

594 1991 672 2033 nam
696 1969 781 2032 utile
797 1972 1025 2049 agricolarum
1043 1971 1144 2053 (quod
1161 1970 1271 2034 Reste
1290 1972 1364 2034 sive
1380 1971 1630 2034 haereditatem
1647 1968 1783 2049 vocant)
1800 1967 1932 2031 firmius

592 2096 652 2157 est,
678 2105 740 2148 nec
764 2088 799 2148 in
822 2106 934 2158 unam,
960 2087 1016 2147 vel
1039 2087 1209 2167 triplicem
1233 2086 1351 2158 vitam,
1368 2085 1429 2149 sed
1444 2086 1478 2147 in
1495 2094 1697 2166 perpetuum
1714 2093 1932 2166 prorogatum

593 2221 655 2262 nec
679 2202 722 2263 ab
746 2200 957 2282 Imperatore
981 2220 1176 2281 numquam,
1201 2200 1265 2262 nisi
1290 2200 1335 2261 ob
1358 2198 1505 2280 capitale
1520 2197 1700 2280 flagitium,
1724 2200 1931 2261 dimovetur.

593 2314 834 2379 Praefecturae
857 2336 925 2378 non
948 2319 1059 2378 solum
1083 2316 1267 2378 mutabiles
1290 2323 1379 2381 sunt,
1411 2315 1472 2377 sed
1502 2314 1697 2385 venalitiae,
1722 2323 1756 2376 et
1781 2316 1933 2396 amplius

592 2433 802 2495 licitantibus
818 2433 1063 2495 adiudicantur.
1077 2432 1225 2495 Tantum
1241 2451 1322 2493 vero
1338 2432 1481 2513 quisque
1497 2430 1618 2492 licetur
1634 2440 1797 2511 quantum
1814 2450 1933 2492 emun-

592 2550 657 2611 ctis
680 2557 715 2610 et
738 2549 948 2610 exenteratis
971 2548 1122 2610 omnium
1149 2548 1410 2629 provincialium
1436 2547 1628 2627 marsupiis,
1652 2565 1689 2607 se
1713 2565 1932 2608 corrasurum

592 2674 716 2746 sperat.
740 2663 841 2745 Quod
864 2684 931 2725 non
955 2675 1006 2726 est
1023 2663 1171 2734 difficile,
1191 2682 1267 2725 eum
1284 2663 1400 2724 omnia
1415 2664 1482 2725 sint
1506 2663 1540 2724 in
1564 2661 1813 2724 dominantium
1834 2673 1933 2743 pote-

592 2791 691 2852 state,
714 2783 771 2862 qui
796 2782 909 2843 verius
932 2781 1110 2860 piraticam
1135 2799 1237 2861 quam
1254 2776 1504 2859 praefecturam
1520 2788 1700 2851 exercent;
1725 2797 1789 2840 nec
1804 2778 1840 2839 id
1857 2787 1933 2840 tan-

592 2908 663 2958 tum
688 2898 874 2968 demetunt,
896 2897 988 2977 quod
1012 2896 1095 2957 satis
1118 2897 1163 2957 sit
1186 2896 1230 2956 ad
1253 2896 1442 2976 praesentis
1458 2895 1622 2974 temporis
1641 2894 1852 2965 demensum,
1870 2895 1934 2955 sed

593 3013 626 3073 in
644 3009 792 3074 futurum
809 3021 1024 3093 praecavent,
1041 3030 1118 3073 cum
1135 3012 1179 3072 ad
1195 3020 1386 3073 castrenses
1403 3010 1533 3072 iudices
1549 3019 1625 3072 sunt
1645 3011 1726 3071 ituri
1741 3020 1776 3071 et
1791 3010 1932 3071 veniam

591 3129 635 3189 ab
658 3128 734 3209 ipso
757 3125 969 3208 Imperatore
993 3127 1143 3188 omnium
1171 3128 1366 3207 rapinarum
1393 3127 1511 3187 oblato
1542 3127 1653 3206 pretio
1683 3126 1886 3206 quaesituri,
1912 3146 1934 3186 a

590 3263 658 3324 quo
681 3264 748 3306 non
771 3264 848 3306 raro
875 3245 1068 3323 impetrant,
1093 3245 1339 3324 nequisquam
1363 3262 1399 3304 se
1423 3243 1685 3323 repetundarum
1709 3242 1767 3303 vel
1790 3242 1935 3303 alterius

591 3361 707 3422 damni
730 3360 818 3422 illati
842 3360 956 3422 valeat
979 3359 1162 3440 postulare.
1187 3357 1298 3439 Quem
1325 3377 1455 3421 morem
1482 3359 1718 3421 incusantibus
1745 3357 1934 3438 respondet

591 3494 667 3538 eum
692 3494 827 3556 semper
849 3477 884 3537 in
907 3494 968 3537 suo
992 3476 1136 3555 imperio
1163 3475 1322 3535 usitatum
1350 3483 1393 3543 et,
1419 3475 1448 3535 si
1480 3493 1568 3535 nunc
1599 3475 1807 3541 immutetur,
1837 3470 1934 3533 fene·

591 3600 697 3653 stram
727 3592 860 3672 magnis
883 3592 1107 3653 seditionibus
1130 3590 1356 3671 pandendam.

681 3728 710 3785 3.
735 3704 807 3770 Sub
831 3705 1041 3787 Imperatore
1064 3707 1132 3768 duo
1155 3708 1327 3787 quondam
1345 3704 1440 3768 fuere
1456 3708 1686 3787 magistratus,
1704 3706 1883 3767 dexterior
1898 3716 1935 3767 et

592 3822 782 3885 sinisterior
806 3824 887 3883 dicti
912 3822 1089 3893 Beteudet,
1116 3824 1204 3884 idest
1224 3823 1352 3893 dilecti,
1368 3840 1473 3902 penes
1488 3841 1584 3902 quos,
1602 3822 1682 3882 dum
1699 3820 1936 3902 Imperatores

592 3957 655 4000 ceu
671 3938 801 3999 blattae
817 3938 1017 3999 intenebris
1040 3938 1250 4007 desidebant,
1274 3938 1425 3999 omnium
1450 3938 1666 4018 negotiorum
1686 3955 1823 3998 summa
1838 3950 1934 4007 erat;

591 4054 651 4115 sed
675 4054 731 4116 ubi
755 4073 792 4115 se
816 4054 848 4113 in
874 4054 1050 4134 publicum
1074 4053 1208 4123 dedere,
1233 4052 1406 4133 expilatos
1429 4073 1465 4112 se
1488 4053 1533 4114 ab
1564 4053 1606 4114 iis
1637 4052 1807 4134 dignitate
1835 4054 1935 4134 regia

592 4168 825 4249 contemplati,
850 4169 944 4249 ipsos
966 4169 1100 4248 penitus
1124 4178 1302 4238 exuerunt,
1327 4177 1360 4229 et
1384 4169 1501 4239 alium,
1525 4169 1579 4228 cui
1606 4165 1692 4237 Ras,
1724 4187 1785 4229 seu
1818 4178 1934 4249 caput,

591 4294 641 4345 est
666 4304 802 4355 nomen,
827 4293 1045 4355 creaverunt;
1069 4284 1159 4364 quod
1185 4284 1257 4363 ipse
1281 4283 1467 4345 secundum
1492 4282 1738 4363 Imperatorem
1763 4296 1868 4365 caput
1887 4286 1936 4346 sit

591 4402 743 4461 omnium
767 4401 958 4480 principum
983 4410 1017 4460 et
1041 4400 1324 4470 conciliariorum,
1348 4411 1381 4461 et
1404 4400 1609 4480 praecipuus
1630 4417 1742 4460 rerum
1775 4400 1937 4462 civilium

591 4524 625 4577 et
648 4517 852 4578 bellicarum
876 4516 1090 4589 administer3
1114 4534 1321 4596 quamquam
1345 4515 1438 4576 bella
1457 4516 1673 4594 potissimum
1691 4515 1756 4596 ipsi
1772 4517 1843 4576 sint
1860 4535 1937 4578 cre·

591 4633 663 4693 dita
686 4639 722 4692 et
745 4631 779 4693 in
803 4630 844 4691 iis
869 4632 941 4692 iure
964 4650 1026 4691 suo
1049 4630 1219 4712 generalis
1242 4648 1381 4691 munere
1405 4626 1576 4711 fungatur.
1600 4627 1695 4691 Infra
1718 4631 1835 4711 ipsum
1862 4633 1937 4693 duo

592 4756 672 4809 sunt
695 4748 820 4817 munia,
844 4747 937 4808 aliud
961 4748 1196 4817 excellentius
1221 4747 1314 4808 aliud
1338 4743 1488 4817 inferius,
1516 4766 1604 4827 quae
1631 4747 1793 4809 dicuntur
1816 4747 1938 4810 Bella·

592 4862 729 4924 tinoche.
752 4860 864 4933 Goita,
899 4863 987 4923 idest
1014 4865 1184 4943 regiorum
1220 4881 1402 4943 puerorum
1427 4862 1567 4925 domini.
1591 4860 1621 4922 E
1645 4863 1770 4941 quibus
1801 4864 1939 4944 primus

591 4981 749 5041 omnibus
779 4979 990 5060 proregibus,
1023 4979 1177 5048 ducibus,
1208 4988 1375 5040 terrarum
1406 4974 1599 5058 praefectis
1630 4976 1821 5060 Azagibus‚
1846 4977 1939 5041 Urn-

594 5095 733 5157 batibus
756 5094 901 5175 aliisque
926 5095 1094 5155 iudicibus
1118 5094 1306 5173 praesidem
1337 5093 1507 5155 secundus
1538 5094 1749 5155 domesticae
1780 5094 1940 5177 Impera·
