4058 6178
647 583 765 632 arsen
788 583 827 641 11,
851 582 977 632 cneus
1000 583 1040 634 11.
1105 563 1107 571 ’

356 858 528 953 Proltatul·¹
545 855 712 947 exemplis
735 857 902 920 ecclesiae
924 855 1331 934 Constantinopolitanae.
1408 835 1415 843 ’

126 1068 130 1073 ’
173 1106 176 1109 *
262 1094 311 1156 1'4.
337 1076 420 1141 Fuit
442 1079 562 1141 eodem
585 1088 687 1161 pacto
703 1079 873 1160 morigera
889 1072 1266 1160 Constantinopolitana
1288 1078 1353 1140 sub
1368 1078 1506 1140 nomine
1568 1084 1697 1134 Subiecta
1720 1084 1776 1134 tuit
1797 1099 1855 1135 me·

56 1206 72 1258 s.
89 1206 146 1265 76,v.
172 1191 336 1258 *Bizantii
346 1197 399 1257 ab
413 1192 531 1258 Stachi
544 1184 617 1278 [sia]
633 1195 803 1277 discipulo
827 1196 899 1258 divi
922 1194 1015 1258 Petri
1031 1196 1074 1258 ad
1090 1214 1166 1258 eam
1182 1194 1297 1266 miss0‚
1314 1192 1455 1256 fundata
1471 1202 1506 1255 et
1533 1154 1718 1291 {31¹³ssng
1719 1155 1856 1278 :2¹⁸ng

171 1306 439 1373 vHaeraclaeensi
474 1310 658 1393 metropoli
691 1312 845 1374 subiecta
875 1328 937 1393 per
966 1308 1090 1391 viginti
1110 1311 1252 1372 duorum
1268 1311 1505 1391 episcoporum
1532 1299 1697 1348 uenenum.

172 1434 301 1487 aetates
324 1444 432 1507 usque
455 1426 499 1488 ad
522 1424 783 1508 Metrophanem
807 1435 842 1488 et
865 1444 990 1488 annum
1006 1426 1210 1508 vigesimum
1226 1426 1373 1506 primum
1389 1425 1506 1507 magni

172 1537 398 1613 Constantini,
421 1543 480 1623 qui
504 1560 601 1605 suum
626 1560 750 1604 nomen
780 1543 855 1604 urbi
881 1538 1075 1623 ‘impertivit
1098 1551 1132 1603 et
1158 1560 1267 1603 novae
1291 1538 1427 1603 Romae
1447 1561 1506 1622 ap·

171 1657 361 1738 pellatione
384 1656 590 1721 nobilitavit.
608 1652 878 1738 'Metrophanem
901 1656 1086 1738 tranquille
1116 1658 1290 1720 consecuti
1320 1667 1397 1719 sunt
1420 1656 1506 1718 Ale-

171 1773 304 1835 xander
328 1782 364 1835 et
387 1772 524 1845 Paulus,
549 1773 613 1836 hos
635 1772 860 1837 Macedonius
883 1774 1074 1836 divinitatis
1093 1768 1241 1856 Spiritus
1264 1771 1374 1835 sancti
1396 1774 1506 1854 impu·

170 1896 304 1969 gnator,
328 1907 411 1951 mox
430 1886 614 1951 Eudoxius
636 1898 673 1952 et
695 1888 922 1971 Demophilus
952 1890 1089 1952 arianae
1118 1886 1280 1970 perfidiae
1310 1897 1507 1959 sectatores,

170 2000 213 2065 ad
235 2020 342 2085 quam
367 2005 658 2085 comprimendam
681 2005 726 2067 ad
741 2014 884 2086 ‘tempus
908 2007 1032 2067 missus
1062 2015 1114 2067 est
1144 2003 1227 2067 illuc
1263 2013 1400 2067 sanctus
1423 2001 1506 2067 Gre-

169 2120 289 2201 gorius
313 2118 548 2182 Nazianzenus
571 2129 605 2182 et
632 2119 667 2182 in
699 2138 825 2182 annum
858 2124 916 2198 381
953 2120 1119 2182 indictum
1150 2120 1296 2202 primum
1324 2119 1505 2182 concilium

168 2231 575 2316 Costantinopolitanum,
599 2236 634 2297 in
657 2254 724 2317 quo
747 2237 792 2297 ab
809 2234 878 2308 his,
901 2236 961 2316 qui
984 2237 1143 2298 ardenter
1158 2234 1252 2297 illius
1278 2234 1370 2297 sedis
1384 2235 1506 2325 honori

170 2350 361 2421 inhiabant,
386 2360 419 2413 et
442 2350 721 2434 Imperatoribus‚
745 2353 875 2435 regiam
905 2353 1001 2415 illam
1032 2330 1151 2414 urbem
1182 2370 1222 2413 ac
1252 2370 1350 2413 suum
1382 2352 1506 2413 solium

168 2464 330 2528 attollere
353 2467 578 2548 cupientibus,
601 2467 741 2549 palpum
756 2468 937 2531 obtrudere
959 2469 1170 2550 satagebant,
1195 2467 1416 2539 clandestine,
1427 2475 1506 2547 post

168 2579 411 2644 Romanorum
434 2582 626 2665 legatorum
661 2592 694 2646 et
728 2583 876 2665 plurium
904 2585 1142 2665 episcoporum
1174 2584 1372 2654 discessum,
1396 2601 1504 2644 canon

167 2696 227 2758 ille
259 2694 328 2760 fuit
359 2706 532 2770 exaratus,
559 2699 618 2781 qui
645 2701 749 2761 etiam
780 2720 825 2762 ex
856 2700 1080 2782 ignoratione,
1111 2700 1146 2762 in
1177 2699 1362 2762 Decretum
1386 2697 1505 2761 distin·

167 2814 283 2875 ctione
313 2832 350 2875 21
386 2808 545 2895 irrepsit:
574 2812 968 2899 Constantinopolitanae
996 2813 1145 2878 orbitatis
1172 2815 1359 2899 episcopum
1388 2812 1506 2878 habore
1568 2825 1728 2877 munuum
1760 2825 1854 2875 locum

166 2930 302 3012 oportet
311 2926 486 3012 pronatus
501 2927 658 2994 honoram
668 2934 747 3015 post
761 2928 954 2992 Romanum
969 2929 1173 3012 Pontificem
1183 2934 1326 3014 propter
1348 2930 1438 3014 quod
1456 2935 1507 2993 ast
1531 2897 1854 3018 ffiffeffgffiffngssss

166 3063 254 3107 nova
277 3043 401 3108 Romo.
424 3041 533 3124 Quem
556 3055 677 3127 postea
699 3044 836 3128 legibus
859 3045 1019 3108 civilibus
1049 3046 1191 3109 inseruit
1220 3046 1373 3109 eiusdem
1397 3047 1504 3108 ambi·
1531 3037 1854 3160 pollunusiegeivmhus

166 3160 272 3222 tionis
296 3170 331 3223 et
354 3160 485 3242 gloriae
496 3177 635 3224 'veneno
644 3162 778 3224 'tinctus
792 3161 1000 3225 Iustinianus
1016 3160 1200 3243 imperator
1212 3161 1265 3243 (1).
1282 3160 1353 3225 Sed
1368 3181 1446 3224 cum
1469 3164 1505 3224 in
1532 3123 1643 3174 sempe
1661 3125 1707 3160 am
1726 3125 1806 3161 rerun

167 3276 319 3339 concilio
351 3273 623 3339 chalcedonensi
659 3279 800 3339 canonis
835 3278 928 3341 illius
962 3274 1247 3351 imbecillitatem,
1280 3280 1314 3340 in
1345 3277 1505 3341 Dioscori

165 3390 405 3454 Alexandrini
427 3393 602 3463 invidiam,
626 3390 780 3455 eittincto
804 3390 1041 3474 antiquissimo
1068 3395 1159 3457 sedis
1190 3394 1282 3456 illius
1311 3395 1504 3479 privilegio,
1568 3408 1624 3458 aed
1636 3419 1854 3472 semperconun

165 3515 216 3569 tot
244 3526 287 3569 ac
311 3515 482 3569 tantorum
508 3509 748 3588 episcoporum
771 3506 937 3591 suffragio
968 3509 1129 3572 roborare
1158 3512 1378 3573 contenderet
1409 3509 1506 3573 Ana·
1533 3479 1601 3529 ”¹⁰⁸
1620 3479 1810 3530 reclamatum.

160 3622 274 3685 'tolius
309 3617 717 3705 Constantinopolitanae,
745 3622 856 3687 eidem
887 3626 1052 3687 obstitere
1083 3624 1156 3687 divi
1186 3625 1311 3688 Leonis
1341 3627 1447 3709 legati
1471 3638 1505 3690 et

164 3738 240 3819 ipse
263 3747 388 3820 postea
410 3737 582 3801 illatarum
606 3738 641 3800 in
664 3758 702 3801 se
730 3738 928 3803 iniuriarum
958 3760 980 3802 a
1002 3741 1171 3804 Dioscoro
1194 3743 1332 3813 oblitus,
1358 3752 1391 3805 et
1416 3742 1504 3805 indi-

164 3872 274 3935 gnum
307 3872 451 3917 censens
480 3855 573 3917 beati
600 3850 712 3917 'Marci
740 3865 781 3919 et
815 3854 993 3919 Ecclesiae
1030 3856 1291 3920 Alexandrinae
1321 3859 1504 3941 privilegia

163 3971 269 4032 unius
292 3966 425 4051 flagitio
448 3969 603 4033 hebetari
626 3970 811 4052 dicensque
833 3968 1021 4035 aliudesse
1043 3970 1226 4044 catedras,
1250 3971 1351 4036 alticd
1371 3974 1504 4057 praesi-

164 4084 295 4154 dentes,
312 4103 372 4147 nac
385 4081 443 4161 fas
456 4104 525 4149 esso
541 4084 684 4149 illarum
699 4084 902 4172 dtgnz'totem
920 4087 1061 4151 ntorum
1079 4087 1253 4153 demeritas
1267 4089 1504 4172 obscumrziz).

164 4197 280 4280 Quem
305 4209 458 4263 tenorem
481 4203 608 4264 coeteri
628 4204 791 4285 deinceps
806 4203 959 4267 Romani
976 4204 1161 4269 Pontifices
1176 4208 1296 4270 eadem
1313 4209 1505 4270 constantia

163 4324 360 4387 servarunt,
385 4334 451 4378 nou
475 4317 613 4399 quidem
637 4337 718 4381 suae
746 4320 838 4382 sedis
868 4322 989 4403 gratia,
1021 4324 1117 4383 cuius
1147 4324 1313 4403 primatus
1344 4323 1428 4385 nihil
1463 4343 1504 4386 ea

163 4431 393 4493 concessione
416 4430 643 4503 deterebatur,
666 4434 727 4496 sed
751 4435 793 4497 ad
819 4438 1053 4499 conservanda
1077 4438 1149 4500 iura
1172 4436 1350 4501 Ecclesiae
1380 4439 1503 4502 Antio·

164 4546 300 4609 chenae
324 4555 359 4608 et
381 4543 654 4622 Alexandrinae,
676 4551 718 4612 ad
743 4569 840 4631 quae,
867 4554 1017 4614 muneris
1041 4555 1106 4616 sibi
1128 4552 1273 4617 'iniuncti
1295 4556 1437 4627 ratione,
1455 4566 1504 4618 te·

163 4663 348 4725 nebantur.

262 4794 312 4852 15.
334 4774 460 4840 Annus
482 4788 583 4851 esset,
607 4780 637 4841 si
654 4780 778 4843 vellem
795 4783 909 4845 omnia
924 4784 1086 4865 exempla
1099 4787 1285 4865 potestatis,
1306 4806 1327 4848 a
1343 4785 1503 4849 Romana
1566 4793 1732 4878 ιιιειὴᾰίοιίοΙ
1755 4796 1850 4846 Rom.

131 4952 137 4959 .
161 4890 327 4954 Ecclesia
351 4893 385 4954 in
408 4890 821 4976 Constantinopolitanam
844 4900 1029 4965 exercitae.
1052 4918 1268 4981 percensere3
1296 4902 1503 4965 breviarium
1531 4866 1854 5000 fffiflffliffmif'n'

255 5138 298 5207 (ι)
318 5139 399 5193 Autb.
418 5143 459 5192 De
476 5143 577 5194 Eccles.
598 5144 680 5200 nant..
699 5159 755 5208 cap.
777 5157 799 5196 a.
821 5172 853 5184 -
873 5146 913 5212 (2)
931 5147 1016 5211 Epist.
1037 5157 1078 5210 53,
1098 5150 1134 5199 ad
1154 5150 1261 5201 Anatol.
