4124 6182
657 588 774 638 LIBER
797 589 822 647 1,
847 587 972 637 CAPUT
996 588 1035 636 X.
1472 595 1491 654 9
1495 594 1512 653 5

182 736 288 798 batur.
313 733 402 798 Cum
426 736 517 799 enim
540 736 611 810 ille,
634 735 845 817 Imperatore
868 736 902 797 in
923 734 1136 798 Dambaeam
1152 736 1308 809 collect0,
1326 740 1359 798 in
1377 754 1514 800 arenam
1561 745 1675 829 'uictus
1688 743 1805 796 lacobus
1818 760 1865 796 oc·

180 850 369 932 prodiisset,
395 853 463 914 duo
486 871 531 914 ex
554 852 698 915 Burensi
721 850 895 915 territorio
919 852 1086 932 dynastae
1108 850 1248 914 Amaha
1267 849 1458 936 Gueorguis
1481 862 1517 916 et
1542 818 1654 867 crdnur.

180 965 367 1040 Zeralanes,
392 966 520 1031 Iacobo
543 970 617 1051 regi
642 967 809 1051 sanguine
833 968 1015 1040 coniuncti,
1039 976 1175 1030 etcum
1197 967 1332 1031 viveret
1354 987 1431 1031 cum
1459 988 1516 1031 eo·

179 1083 254 1144 dem
278 1080 434 1156 fabulati,
459 1085 503 1147 ad
526 1103 604 1147 eum
627 1104 665 1147 se
696 1085 924 1157 contulerunt,
952 1094 989 1147 et
1016 1082 1096 1146 fuco
1126 1085 1272 1157 detect0,
1304 1095 1406 1167 caput
1436 1086 1516 1147 sub-

180 1197 289 1261 missis
320 1198 586 1281 spiculatoribus
620 1201 799 1264 decussum
828 1200 872 1262 ad
902 1220 1082 1283 proregem
1113 1200 1426 1284 Imperatoremque
1454 1202 1516 1263 mi·

180 1325 304 1379 serunt.

266 1449 297 1509 7.
324 1431 448 1515 Aliqui
471 1432 735 1506 Abassinorum,
761 1432 935 1496 Idalcanis
957 1451 1111 1515 regnum,
1143 1430 1238 1495 Goae
1265 1432 1425 1503 vicinum,
1449 1449 1516 1492 non
1580 1443 1697 1493 neonus
1714 1438 1864 1524 qualiqu-

181 1549 306 1612 dudum
331 1551 591 1633 praetergressi,
615 1558 765 1622 narrant,
789 1569 826 1612 se
850 1548 883 1611 in
908 1570 950 1612 eo
973 1549 1157 1612 incurrisse
1173 1550 1205 1609 in
1228 1567 1309 1610 suae
1328 1547 1467 1630 linguae
1484 1555 1518 1608 et
1544 1513 1866 1636 pnqqpuhucvrverepu·

181 1664 306 1727 coloris
327 1666 503 1728 hominem
527 1667 680 1728 eiusdem
705 1667 838 1737 aetatis,
862 1665 958 1728 cuius
982 1685 1070 1727 nunc
1094 1675 1185 1727 esset
1207 1663 1364 1734 Iacobus,
1389 1663 1448 1744 qui
1467 1663 1518 1724 di·

179 1791 278 1853 ceret,
305 1780 490 1863 ipsummet
514 1800 551 1843 se
573 1801 659 1853 esse,
683 1790 718 1844 et
741 1782 825 1844 olim
849 1779 931 1844 Sela
954 1779 1118 1853 Christos,
1132 1800 1153 1842 a
1176 1799 1244 1862 quo
1266 1781 1321 1843 bis
1340 1781 1518 1862 impugna·

178 1904 232 1957 tus
255 1893 333 1967 fuit,
358 1895 468 1978 copiis
491 1897 658 1959 obsistere
681 1917 749 1959 non
773 1898 956 1969 valentem,
974 1918 995 1960 a
1013 1896 1170 1980 Tigraeis
1189 1897 1361 1959 montibus
1378 1896 1412 1958 in
1429 1894 1518 1977 Ery·

178 2011 332 2074 thraeum
358 2031 451 2075 mare
475 2011 665 2095 diffugisse,
688 2022 724 2075 et
747 2014 827 2075 inde
850 2015 1005 2097 ignotum
1037 2015 1071 2075 in
1102 2011 1236 2074 Indiam
1268 2009 1462 2092 navigasse,
1485 2021 1519 2073 et

179 2128 220 2188 de
242 2128 348 2189 rebus
370 2147 413 2190 eo
436 2137 590 2209 tempore
613 2128 721 2210 gestis
744 2128 833 2190 adeo
855 2128 941 2191 scite
966 2126 1124 2202 fabulari,
1148 2138 1185 2191 ut
1211 2126 1358 2190 Iacobus
1385 2126 1518 2189 indubi-

179 2251 250 2304 tato
273 2242 443 2307 videatur.
466 2242 513 2305 Et
536 2263 633 2315 unus,
658 2263 704 2305 ex
728 2245 780 2314 iis,
804 2244 864 2326 qui
887 2245 1023 2327 saepius
1047 2247 1081 2307 in
1108 2244 1318 2326 colloquium
1350 2242 1520 2305 admissus

179 2368 229 2420 est
252 2379 273 2420 a
299 2358 407 2421 Sabla
430 2356 579 2442 Onguel,
592 2358 708 2422 Malae
727 2356 878 2442 Seguedi
894 2380 941 2423 ex
957 2359 1074 2422 Iacohi
1091 2379 1208 2423 sorore
1224 2361 1329 2442 nepti,
1345 2358 1422 2421 Ras
1437 2356 1519 2422 Sela

136 2520 141 2532 .
179 2472 337 2537 Christos
360 2494 479 2546 uxore,
503 2474 609 2546 addit,
641 2475 763 2538 eadem
786 2475 926 2538 omnino
949 2477 1066 2538 vultus
1088 2475 1316 2539 *lineamenta
1338 2486 1373 2538 et
1392 2477 1519 2557 primo·

179 2608 250 2651 rum
278 2590 433 2652 dentium
468 2592 692 2672 superiorum,
720 2592 818 2673 quasi
853 2593 895 2653 ad
931 2610 1058 2655 serram
1086 2590 1219 2654 inferne
1249 2593 1444 2655 limatorum
1469 2592 1520 2654 in·

180 2706 281 2775 dicia,
306 2706 342 2766 in
367 2706 434 2767 isto
457 2715 491 2769 et
515 2706 576 2768 illa
598 2707 780 2777 collucere,
796 2716 830 2768 et
846 2708 953 2786 siquis
968 2707 1069 2780 hunc,
1085 2708 1224 2789 dempta
1238 2708 1357 2780 barba,
1373 2717 1407 2770 et
1423 2708 1519 2769 illam

178 2821 281 2883 simul
307 2822 510 2902 aspexisset,
535 2820 717 2884 difficulter
740 2823 884 2884 alterum
909 2824 953 2884 ab
980 2822 1087 2884 altero
1110 2823 1391 2905 dignoscendum.
1418 2820 1520 2904 Quod

180 2938 323 2999 minime
347 2935 469 3011 refero,
493 2948 529 3000 ut
553 2959 640 3001 onus
663 2940 825 3002 credendi
845 2938 942 3000 illum
959 2959 1033 3001 esse
1049 2938 1243 3021 legentibus
1258 2939 1441 3021 imponam,
1459 2941 1520 3002 sed

179 3064 214 3115 ut
237 3054 379 3125 sciatur,
403 3073 499 3116 suum
523 3054 710 3117 Abassinis
733 3074 809 3117 esse
832 3053 1006 3126 Iacobum,
1031 3053 1118 3117 sicut
1141 3054 1271 3138 Anglis
1294 3054 1461 3117 Asturum
1485 3065 1520 3117 et

179 3179 377 3231 nostrorum
401 3169 598 3232 vanissimis
621 3169 874 3234 Sebastianum.

270 3290 302 3347 8.
326 3283 497 3347 Eumdem
521 3304 702 3368 proregem
730 3285 900 3368 Ampsala
922 3285 1076 3349 Christos
1098 3288 1259 3369 graviter,
1288 3287 1439 3349 dimissis
1470 3287 1519 3348 id-

179 3402 272 3463 circo
304 3400 425 3481 copiis,
456 3402 718 3464 decumbentem
750 3412 851 3465 noctu
882 3403 992 3465 voluit
1023 3404 1225 3484 intercipere
1255 3423 1332 3466 cum
1349 3403 1459 3465 mille
1487 3413 1521 3466 et

179 3517 381 3598 quingentis
403 3517 548 3579 hastatis
575 3515 703 3580 Suathe
734 3517 794 3579 Ab
817 3519 966 3590 sirensis‚
991 3528 1025 3581 et
1048 3517 1252 3582 Fremonam
1276 3521 1396 3582 eodem
1420 3530 1528 3582 cursu'

179 3650 394 3715 expugnare.
419 3629 610 3695 Consilium
633 3653 730 3706 unus,
753 3635 810 3715 qui
839 3634 966 3706 aderat,
990 3635 1128 3717 proregi
1156 3632 1401 3708 manifestavit,
1428 3654 1521 3697 eum-

179 3769 248 3829 que
272 3748 307 3810 in
324 3757 478 3829 apertam
496 3748 604 3810 aciem
620 3748 779 3830 prosilire
794 3760 982 3812 tentantem
1006 3751 1159 3813 cohibuit
1183 3752 1255 3813 dux
1271 3751 1521 3823 Lusitanorum,

180 3865 321 3936 docenS,
347 3863 427 3925 luna
450 3873 530 3926 tunc
554 3863 682 3926 clarum
700 3864 946 3937 intermicante,
963 3885 1030 3928 non
1046 3886 1148 3947 posse
1163 3886 1231 3929 non
1247 3867 1354 3948 ipsius
1373 3867 1521 3929 militum

180 3980 391 4061 paucitatem
416 3979 460 4041 ab
483 3979 639 4041 hostibus
661 3979 850 4062 pervideri3
883 3981 988 4043 tutius
1020 3978 1093 4043 fore
1124 3983 1218 4063 ipsos
1249 3984 1312 4044 sub
1343 3984 1521 4045 domorum

180 4095 305 4157 umbra
336 4095 497 4175 opperiri,
533 4095 755 4158 advenientes
782 4095 912 4177 aliquot
943 4094 1128 4159 ferrearum
1158 4095 1346 4159 fistularum
1378 4100 1521 4181 strepitu

181 4220 379 4273 conterrere
402 4219 436 4272 et
459 4211 607 4273 turbatis
630 4212 783 4275 animose
798 4213 971 4277 insultare.
988 4214 1040 4275 Ita
1056 4214 1195 4275 omnino
1211 4223 1358 4297 gestum,
1373 4224 1408 4276 et
1425 4212 1521 4286 felix,

181 4326 312 4388 obtrito
336 4325 446 4396 hoste,
470 4335 614 4389 eventus
633 4328 815 4409 opportuni
832 4328 967 4390 consilii
982 4327 1287 4410 tempestivitatem
1306 4330 1521 4410 approbavit.

184 4440 332 4504 Duobus
356 4442 427 4503 illis
454 4443 611 4522 dynastis
641 4462 832 4524 protegem,
864 4453 903 4506 ut
932 4464 1013 4507 suus
1043 4454 1134 4507 esset
1164 4463 1246 4528 erga
1276 4444 1521 4526 Imperatorem
1585 4456 1619 4503 Ρ.
1635 4456 1739 4536 Petrus
1752 4453 1870 4503 Poenius

183 4557 388 4638 deprecator
411 4566 444 4619 et
467 4559 726 4620 commendator
746 4557 991 4642 flagitantibus,
1016 4561 1076 4622 ille
1093 4561 1170 4631 sibi,
1186 4561 1308 4624 martio
1328 4562 1408 4624 anni
1428 4564 1521 4633 1610,
1549 4525 1791 4659 23:53⁰,ssss
1814 4525 1871 4658 11,ῗο

184 4692 217 4753 p.
244 4672 386 4735 Petrum
410 4673 568 4736 Paesium
592 4674 636 4736 ad
660 4676 817 4736 eumdem
845 4676 1022 4738 dimissum
1054 4677 1266 4758 subrogavit,
1297 4677 1355 4757 qui
1385 4696 1452 4737 non
1480 4674 1523 4737 iis
1549 4667 1679 4717 ⁸0¹²¹ib1¹⁸
1697 4667 1869 4729 deprecator.

185 4797 318 4851 tantum
342 4788 481 4851 veniam
505 4790 610 4852 initae
633 4789 728 4871 prius
751 4810 828 4852 cum
852 4790 978 4854 Iacobo
998 4792 1184 4863 societatis
1200 4792 1282 4873 quin
1305 4800 1340 4853 et
1358 4789 1523 4853 beneficia

185 4902 402 4987 impetravit3
426 4904 485 4966 sed
510 4914 544 4966 et
567 4904 720 4967 Thomae
744 4904 873 4968 Nebret
896 4908 1119 4979 auximitan0‚
1143 4907 1201 4989 qui
1221 4907 1333 4969 eidem
1357 4928 1395 4969 se
1418 4906 1522 4969 comi-

183 5029 253 5083 tem
285 5017 447 5090 obtrusit,
477 5021 636 5100 quamvis
666 5021 711 5083 ob
738 5030 902 5084 tentatam
933 5021 1172 5084 Lusitanorum
1202 5021 1388 5103 perniciem
1420 5023 1523 5103 (quod

181 5137 297 5217 primo
309 5134 488 5214 respondit
500 5133 700 5216 Imperator)
713 5136 860 5198 similem
873 5157 935 5199 suo
947 5136 1049 5218 capiti
1067 5134 1236 5198 fortunam
1249 5147 1522 5200 commereretur.
