4166 6182
738 579 999 629 INTRODUCTIO
1104 601 1109 611 ·
1448 579 1533 627 XXV

201 727 469 822 sociorumque
497 727 577 800 eius
606 727 811 800 tentamina
835 743 875 801 ut
893 727 1134 822 Aethiopiam
1155 727 1439 823 ingrederentur
1456 740 1533 798 tum

204 885 225 933 a
253 860 472 934 Patriarcha
498 861 535 933 in
555 886 623 935 sua
643 860 838 955 Historia(
846 864 888 958 1),
911 874 988 933 tum
1018 862 1065 933 ab
1094 860 1178 955 ipso
1209 859 1396 934 missionis
1425 861 1533 933 Prae·

203 994 301 1068 lecto
329 994 368 1067 in
398 994 566 1090 pluribus
594 993 765 1090 epistolis
802 995 850 1066 ad
885 993 923 1067 S.
958 992 1301 1090 Congregationem
1338 991 1436 1067 datis
1472 993 1534 1065 de·

204 1126 416 1201 scribuntur
430 1128 492 1220 (2).
523 1127 616 1202 Cum
646 1127 721 1201 iam
746 1126 933 1201 Suacheni
964 1140 1062 1200 totos
1090 1141 1233 1222 septem
1262 1150 1381 1200 annos
1409 1140 1534 1222 patres

203 1261 293 1333 MM.
325 1262 407 1334 RR.
438 1261 660 1357 posuissent,
700 1261 815 1335 Sacra
840 1259 1094 1357 Congregatio
1123 1259 1312 1355 singulare
1341 1259 1532 1354 quoddam

202 1395 409 1467 remedium
438 1395 489 1468 ad
514 1394 671 1468 liberum
707 1393 953 1468 missionariis
985 1393 1022 1466 in
1061 1392 1301 1488 Aethiopiam
1341 1417 1532 1466 accessum

201 1527 448 1601 obtinendum
480 1528 659 1602 adhibere
691 1526 847 1601 censuit.
877 1525 971 1600 Cum
1001 1524 1101 1599 enim
1122 1550 1168 1599 ex
1187 1525 1430 1600 relationibus
1449 1524 1534 1599 Goa

200 1660 368 1758 acceptis
386 1687 410 1735 a
427 1677 532 1758 patre
546 1662 591 1736 ir.
608 1663 854 1735 Emmanuele
869 1663 916 1733 ab
935 1659 1170 1734 Ascensione
1190 1659 1333 1734 ordinis
1352 1658 1533 1733 Eremita·

200 1820 280 1868 rum
304 1794 435 1869 Sancti
465 1793 666 1892 Augustini
687 1795 739 1891 (3)
766 1810 804 1868 et
830 1819 853 1867 a
871 1792 1096 1889 quibusdam
1117 1792 1369 1889 Aethiopibus
1388 1793 1532 1866 Romae

199 1927 427 2026 degentibus
453 1929 585 2002 eadem
614 1927 653 2005 S.
679 1927 818 2024 Congr.
840 1929 891 2025 (4)
919 1928 991 2002 sibi
1016 1951 1235 2024 persuasum
1264 1928 1417 1999 haberet
1447 1950 1532 1999 cau-

200 2124 255 2181 tuti
270 2123 366 2180 etiam
382 2120 543 2180 Societatis
556 2122 723 2197 religiosos,
739 2132 831 2197 atque
845 2122 940 2180 etiam
954 2122 1125 2180 saeculares
1146 2120 1349 2196 impedientes
1374 2136 1531 2177 accessum

199 2230 230 2279 et
243 2222 416 2296 ingressum
430 2220 692 2279 missionariorum
707 2221 769 2278 iam
785 2221 815 2277 in
832 2220 1027 2296 Aethiopiam
1041 2219 1273 2289 destinatorum,
1287 2228 1340 2276 aut
1354 2218 1531 2276 infuturum

198 2318 455 2378 destinandorum
475 2336 493 2375 a
513 2317 542 2375 S.
565 2316 812 2393 Congregatione
834 2318 873 2376 de
889 2317 1093 2393 Propaganda
1108 2315 1191 2387 Fide,
1206 2326 1259 2375 aut
1274 2317 1313 2374 ab
1324 2316 1393 2374 aliis
1403 2317 1442 2373 de
1453 2316 1531 2375 eius·

198 2419 268 2476 dem
292 2418 451 2487 mandato,
473 2415 596 2475 vinculo
610 2414 939 2474 excommunicationis
955 2416 1033 2473 latae
1054 2416 1226 2473 sententiae
1245 2433 1310 2473 esse
1324 2414 1530 2484 innodandos,

199 2530 261 2570 non
277 2512 472 2571 obstantibus
485 2504 728 2589 quibuscunque,
744 2523 774 2570 et
795 2513 956 2589 privilegio
970 2513 1138 2588 praedicto,
1160 2513 1186 2571 si
1208 2513 1286 2572 lorte
1308 2530 1326 2570 a
1346 2511 1426 2570 Sede
1450 2512 1532 2587 Apo·

197 2611 309 2669 stolica
330 2609 477 2669 Societati
499 2610 569 2669 lesu
590 2611 681 2669 fuerit
702 2628 898 2681 concessum;
919 2612 958 2668 de
979 2629 1042 2687 quo
1063 2612 1216 2687 agendum
1231 2610 1291 2667 erit
1303 2628 1372 2673 cum
1388 2608 1533 2667 Generali

197 2708 362 2767 Societatis
383 2718 415 2766 ut
430 2709 542 2767 sciatur
563 2728 603 2768 an
625 2709 730 2768 Patres
744 2708 905 2767 Societatis
921 2709 1102 2786 Aethiopiae
1123 2710 1315 2786 praedictum
1337 2708 1531 2785 privilegium

198 2807 364 2865 habeant»
398 2805 497 2875 (APF,
512 2807 585 2865 Acta
605 2825 689 2866 anno
707 2806 790 2880 1037,
807 2807 826 2864 f.
839 2821 908 2879 392,
920 2826 949 2864 n.
965 2805 1026 2881 28).
1048 2806 1119 2865 Hoc
1140 2807 1331 2883 privilegium
1347 2806 1430 2881 quod
1455 2805 1530 2864 olim

197 2904 346 2962 Societati
367 2903 436 2961 Iesu
457 2923 476 2962 a
497 2904 648 2980 Gregorio
669 2905 747 2963 XIII
770 2924 825 2981 pro
840 2906 987 2964 missione
1001 2905 1149 2981 Iaponica
1164 2905 1222 2962 fuit
1236 2922 1426 2976 concessum,
1441 2921 1532 2961 num·

197 3019 290 3076 quam
312 3001 371 3059 luit
391 3003 498 3060 datum
520 3021 576 3078 pro
597 3004 743 3063 missione
765 3003 957 3079 Aethiopica.

275 3106 322 3172 (1)
345 3098 393 3156 Cf.
417 3100 468 3157 lib.
490 3099 542 3169 IV,
563 3119 644 3177 capp
674 3117 741 3172 xvi,
774 3120 806 3160 n.
842 3116 996 3169 12;xv11‚
1026 3119 1046 3158 n
1085 3098 1120 3170 b;
1142 3116 1232 3170 xxiv,
1254 3119 1284 3158 n.
1307 3096 1339 3170 63
1361 3114 1438 3170 xxv,
1460 3118 1481 3156 n
1515 3114 1526 3156 1

197 3206 227 3255 et
247 3197 365 3273 passius
386 3197 456 3254 eod.
482 3197 568 3256 libro.

275 3293 322 3373 (2)
344 3293 429 3352 Inter
450 3295 511 3353 alia
530 3296 632 3356 media
653 3298 693 3354 ad
709 3296 892 3371 Aethiopiae
915 3297 1084 3372 ingressum
1100 3296 1303 3355 obtinendum
1318 3304 1405 3370 pater
1419 3295 1454 3354 11.
1469 3296 1531 3353 An-

196 3394 299 3450 tonius
320 3411 339 3450 a
360 3391 573 3468 Petrapagaua
593 3394 679 3452 dedit
700 3395 863 3470 epistolam
885 3395 936 3452 die
958 3410 997 3451 20
1017 3394 1151 3453 octobris
1170 3391 1243 3466 1647
1260 3394 1300 3452 ad
1316 3395 1531 3469 imperatorem

197 3489 364 3559 Fasiladas‚
387 3490 497 3548 mirum
518 3492 723 3567 simplicitatis
743 3503 773 3551 et
796 3493 995 3567 ingenuitatis
1016 3493 1191 3568 exemplum
1203 3494 1219 3561 1,
1236 3509 1322 3569 ¹quae
1344 3491 1403 3566 legi
1430 3500 1541 3567 potest.

195 3588 226 3645 in
247 3588 338 3646 huius
359 3588 461 3664 operis
481 3589 529 3648 vol
562 3589 586 3660 1,
609 3589 731 3649 Notr'zt'a
751 3610 766 3647 e
786 3590 891 3666 Saggi,
914 3586 1466 3666 οῑς,,ρρ.385-38(1(ΑΡ1“,3111111111
1491 3591 1531 3646 νί-

188 3686 279 3761 serite
297 3686 343 3743 πί
363 3689 514 3760 congresse]
537 3687 687 3762 Erumpo,
709 3689 822 3748 Arabia
842 3687 983 3757 Socotora,
1005 3698 1074 3757 etc„
1100 3684 1276 3761 1630-1698,
1293 3687 1313 3744 1.
1330 3688 1410 3760 218).

275 3788 320 3856 13)
342 3804 361 3837 <r
377 3783 541 3843 Relatione
562 3786 643 3844 della
664 3804 757 3845 causa
777 3804 832 3861 per
853 3787 882 3843 la
903 3785 994 3861 quale
1016 3786 1128 3844 iurono
1150 3785 1182 3842 di
1204 3783 1329 3859 Eti0pia
1359 3783 1487 3843 cacciati
1510 3785 1530 3842 li

194 3881 324 3951 Gesuiti,
347 3882 376 3940 la
398 3883 488 3956 quale
511 3882 542 3939 iu
563 3879 674 3959 perche
694 3885 757 3949 essi
775 3884 808 3941 in
829 3901 991 3959 progresso
1013 3884 1046 3941 di
1070 3894 1175 3959 tempo
1190 3883 1293 3942 fecero
1308 3884 1385 3943 tanti
1400 3883 1530 3959 acquisti

194 3982 274 4039 colle
295 3979 474 4049 mercantie,
495 3981 553 4039 che
573 3978 687 4056 percio,
710 4000 854 4057 persuaso
876 3982 897 4039 il
920 3980 965 4039 Re
987 3982 1044 4041 che
1072 3983 1096 4039 si
1129 3982 1302 4041 sarebbono
1332 3981 1532 4057 lmpadroniti

194 4079 243 4136 del
265 4096 372 4154 regno,
394 4079 415 4135 li
437 4078 503 4136 lece
524 4097 679 4138 carcerare
700 4098 717 4138 e
740 4079 916 4138 finalmente
938 4098 1100 4139 convenne
1122 4081 1180 4139 che
1203 4097 1367 4156 pagsssero
1389 4097 1442 4154 per
1457 4079 1531 4136 libe·

193 4177 268 4235 rarsi
290 4194 353 4235 una
372 4194 448 4250 grau
469 4195 588 4236 somma
618 4178 650 4235 di
681 4180 806 4247 denam,
824 4164 883 4253 ¹per
904 4178 923 4234 il
947 4179 1166 4236 ritrovamento
1198 4178 1280 4236 della
1313 4178 1403 4252 quale
1425 4177 1445 4233 il
1475 4175 1532 4234 Pa·

193 4276 305 4333 triarca
327 4293 415 4350 prese
436 4285 569 4350 pretesto
590 4276 622 4333 di
643 4277 739 4334 andar
761 4275 931 4346 nell'Indie,
955 4277 1114 4334 lasciando
1136 4278 1197 4335 due
1218 4276 1285 4334 suoi
1313 4275 1400 4351 padri
1428 4292 1530 4332 carce·

192 4373 258 4443 rati,
282 4375 291 4430 i
314 4373 399 4448 quali
420 4374 472 4449 poi
494 4374 593 4432 anche
614 4375 673 4432 essi
695 4375 783 4450 sugiti
807 4375 980 4433 lasciarono
1002 4374 1142 4450 prigione
1157 4374 1177 4432 il
1194 4392 1326 4433 vescovo
1343 4373 1529 4449 Apollinare,

192 4472 249 4529 che
270 4473 313 4529 da
334 4472 395 4529 due
416 4472 489 4529 anni
511 4472 544 4528 111
564 4491 625 4547 qua
645 4481 691 4531 stu
712 4483 879 4531 carcerato
903 4471 1044 4533 Un'altra
1064 4490 1158 4531 causa
1178 4472 1260 4530 della
1281 4472 1404 4529 sudetta
1431 4472 1530 4546 espul-

191 4572 281 4629 sione
302 4570 335 4627 su
356 4565 500 4644 perchdi
533 4571 692 4628 medesimi
723 4571 811 4646 padri
843 4571 959 4628 vollero
992 4572 1093 4629 subito
1125 4580 1223 4628 mutar
1245 4571 1254 4626 i
1276 4570 1326 4627 riti
1360 4569 1476 4627 antichi
1497 4569 1530 4625 di

193 4669 265 4744 quei
286 4667 393 4744 populi
416 4668 474 4725 che
504 4686 560 4744 pur
590 4685 668 4726 sono
694 4669 841 4744 permessi
871 4669 910 4725 ad
942 4669 1017 4725 altre
1049 4669 1167 4726 nationi
1199 4667 1408 4726 christiane».
1430 4665 1530 4737 (APF,

192 4766 356 4841 IAegypt.
378 4776 405 4822 et
425 4765 564 4840 Aethr'op„
586 4767 645 4824 vol.
668 4780 734 4835 211,
756 4765 776 4823 1.
800 4764 879 4841 2111).
906 4765 993 4823 Haec
1027 4766 1128 4823 italice
1160 4765 1274 4839 scripta
1305 4764 1459 4839 perbrevis
1485 4781 1530 4820 re·

192 4865 267 4923 latio
288 4865 332 4922 nil
354 4864 440 4921 aliud
461 4875 506 4921 est
527 4881 619 4938 quam
641 4865 859 4939 compendium
875 4863 998 4922 alterius
1014 4864 1160 4937 longioris
1175 4862 1332 4920 relationis
1351 4862 1445 4919 latine
1459 4878 1530 4918 exa·

192 4972 275 5021 ratae
297 4981 318 5019 a
338 4980 367 5037 p.
391 4960 591 5018 Emmanuele
612 4962 652 5019 ab
672 4962 862 5021 Ascensione
883 4980 963 5037 quae
986 4962 1095 5036 legitur
1116 4961 1157 5017 ad
1179 4971 1296 5033 tergum
1317 4960 1455 5017 eiusdem
1478 4978 1530 5034 pa-

192 5061 283 5134 ginae
304 5076 437 5117 numero
458 5057 519 5129 185,
535 5077 674 5134 quaeque
692 5061 824 5118 acriores
845 5062 940 5118 etiam
962 5061 994 5115 in
1010 5059 1138 5117 Iesuitas
1153 5058 1292 5116 continet
1307 5058 1528 5115 accusationes.

274 5158 320 5231 (4)
346 5158 437 5213 «Die
458 5171 475 5228 3
498 5158 569 5215 maii
596 5157 679 5229 tbqo.
703 5157 770 5215 Fuit
793 5157 1028 5231 CongregatIo...
1050 5156 1086 5212 In
1109 5174 1145 5212 ca
1168 5153 1298 5229 primum
1314 5154 1416 5218 relatis
1431 5156 1530 5217 causis

1390 5311 1423 5352 IV
