4066 6174
539 646 604 710 404
874 641 1146 695 sxpsnmorrrs
1169 638 1430 693 asrnroercas
1453 639 1533 694 sse.

538 792 650 844 cerdotis
667 792 797 843 Dominus
815 792 867 842 diei
886 808 938 843 non
957 801 1049 859 potest,
1068 808 1094 859 p.
1114 804 1174 856 239.
1195 822 1228 829 -
1250 804 1289 846 11.
1309 790 1504 844 Melchisedech
1523 790 1697 841 sacerdotium
1716 790 1750 839 ab
1769 790 1862 853 ipsein

538 880 717 933 Abrahamum
736 882 844 931 iudaeus
863 881 1016 933 translatum
1036 884 1081 940 ait,
1099 882 1169 948 quod
1188 882 1246 932 Deo
1258 898 1310 931 non
1324 881 1491 939 benedixerit,
1507 897 1535 946 p.
1556 892 1616 943 240.
1629 909 1663 917 -
1680 892 1720 932 12.
1739 880 1798 929 Non
1810 895 1861 943 pes·

538 972 606 1022 cavit
624 971 819 1022 Melchisedech
839 973 865 1021 in
883 988 951 1038 pane
969 982 995 1023 et
1012 974 1074 1023 vino
1092 971 1216 1023 Abrahae
1234 971 1374 1024 offerendo.
1393 970 1548 1021 Confutatur
1561 969 1651 1019 Iudaei
1669 969 1767 1019 dictum
1785 969 1863 1033 quoad

534 1061 753 1120 benedictionem,
772 1076 797 1127 p.
818 1073 877 1125 240.
899 1090 931 1099 -
953 1074 993 1127 ις.
1012 1061 1179 1113 Abrahamus
1197 1062 1317 1112 sacerdos
1341 1061 1393 1111 dici
1413 1076 1465 1110 non
1483 1068 1585 1125 poterat
1603 1059 1637 1110 ob
1655 1067 1772 1124 posteros
1789 1073 1863 1108 sacer·

536 1151 620 1211 dotes,
639 1166 685 1205 uec
703 1149 876 1201 secerdotium
896 1151 977 1217 ipsius
1002 1161 1143 1209 aeternum,
1162 1167 1187 1217 p.
1207 1163 1267 1215 241.
1296 1178 1322 1188 ·-
1356 1162 1395 1213 14.
1419 1150 1511 1199 Priora
1535 1157 1685 1206 retractans,
1710 1147 1818 1197 Iudaeus
1841 1149 1863 1196 in

538 1220 732 1317 norioa'errores
750 1241 917 1307 provolvitur,
936 1259 962 1309 p.
983 1255 1043 1305 242.

534 1466 667 1529 ‘CAPUT
691 1465 791 1529 XIII.
820 1500 857 1512 -
883 1465 1007 1530 Altera
1029 1465 1253 1533 Patriarchac
1282 1465 1474 1551 despiciatis)
1501 1485 1575 1528 cum
1605 1464 1714 1530 eodem
1742 1466 1862 1531 Iudaeo

625 1583 665 1647 de
687 1582 883 1669 integritate
904 1581 1137 1646 sanctissimae
1155 1582 1228 1646 Dei
1237 1581 1417 1669 genitricis
1432 1581 1575 1646 Marsae
1619 1603 1699 1667 pag.
1725 1603 1860 1662 243·255

624 1770 825 1822 summarium.
849 1783 870 1822 r.
890 1770 1003 1819 Iudaeus
1015 1771 1049 1819 ab
1060 1770 1120 1820 aliis
1132 1769 1308 1835 pervertendis
1320 1785 1372 1820 non
1384 1780 1476 1822 cessat
1489 1786 1515 1836 p.
1527 1754 1589 1834 24‘3.
1605 1798 1636 1809 -
1651 1784 1674 1824 2.
1688 1772 1763 1822 Libri
1773 1771 1863 1820 indaici

536 1870 562 1909 et
580 1860 668 1909 decem
688 1860 818 1925 mancipia
837 1859 906 1923 apud
924 1875 982 1908 eum
1002 1858 1171 1923 deprehensa,
1189 1874 1215 1924 p.
1235 1871 1295 1922 244.
1314 1887 1348 1896 -
1368 1869 1392 1921 3.
1413 1858 1456 1908 Ad
1476 1860 1600 1910 indiciam
1620 1856 1731 1911 trahitur
1750 1870 1807 1910 sate
1819 1861 1863 1909 Pa·

536 1948 683 2008 triarchanr,
704 1966 729 2014 p.
750 1961 809 2013 ²44·
830 1978 863 1985 -
876 1963 901 2011 4.
914 1949 1001 2015 Negat
1014 1949 1127 1999 Iudaeus
1139 1949 1172 1999 de
1185 1950 1294 2012 VirgIne
1307 1948 1504 2013 intelllgendam
1520 1949 1594 1999 iilum
1616 1968 1629 1997 s
1644 1952 1713 1999 Eece
1725 1952 1798 2013 virgo
1809 1966 1865 1999 coa·

533 2028 614 2104 cipiet
629 2058 652 2097 n,
671 2055 688 2105 p
716 2051 776 2102 245.
792 2068 824 2075 -
839 2050 862 2103 5.
877 2040 944 2087 Vera
958 2038 1135 2104 interpretatio
1148 2039 1261 2089 nominis
1274 2054 1289 2086 a
1303 2039 1384 2089 Alma
1397 2058 1423 2099 s,
1436 2054 1461 2104 p.
1482 2036 1541 2102 246.
1555 2067 1590 2076 -
1603 2037 1627 2090 6.
1638 2040 1762 2088 Rebecca
1774 2040 1865 2088 nubilis

534 2138 588 2178 erat
607 2138 634 2178 et
654 2147 666 2175 a
682 2127 789 2185 Alma»
811 2145 868 2178 cum
888 2128 1044 2193 desponsata
1062 2128 1121 2185 suit,
1140 2143 1165 2192 p.
1186 2124 1245 2189 246.
1259 2156 1293 2165 -
1307 2137 1331 2188 7.
1351 2129 1434 2192 Virgo
1451 2142 1520 2193 quae
1536 2129 1570 2177 ab
1588 2129 1659 2183 Isaia
1678 2127 1789 2177 «Alma
1801 2146 1814 2177 s
1828 2129 1864 2177 di·

534 2218 609 2273 citur.
629 2232 675 2266 nec
687 2218 819 2282 septennis
832 2226 894 2275 erat,
907 2232 955 2267 nec
968 2218 1001 2265 ab
1013 2216 1105 2267 Achae
1118 2219 1232 2280 cognita,
1250 2233 1275 2283 p.
1296 2226 1355 2279 247.
1370 2246 1403 2253 -
1418 2217 1442 2269 8.
1461 2217 1523 2268 Non
1535 2218 1589 2280 regi
1602 2215 1704 2275 Achae.
1720 2217 1767 2266 sed
1780 2217 1863 2267 domui

533 2306 620 2355 David
639 2305 688 2355 hoc
706 2308 809 2369 signum
828 2305 912 2364 datur,
932 2321 956 2370 p.
977 2304 1036 2368 248.
1051 2334 1085 2343 -
1097 2317 1122 2367 9.
1142 2306 1332 2356 Promissiones
1351 2306 1383 2356 de
1401 2306 1541 2356 Salomone
1553 2307 1636 2356 iactae
1655 2305 1682 2355 ia
1695 2306 1753 2355 solo
1772 2306 1863 2355 Mensis

533 2396 610 2460 plene
622 2395 769 2460 implentur,
787 2411 812 2461 p.
833 2408 893 2459 249.
913 2425 947 2431 -
969 2394 1206 2459 10.Filius.quetb
1228 2396 1281 2458 regi
1301 2394 1392 2444 Achaz
1413 2395 1529 2445 Rabbini
1549 2395 1672 2455 tribuunt,
1693 2394 1864 2459 lerosolymae

532 2486 653 2534 obsessae
666 2484 841 2534 emolumento
853 2500 909 2534 esse
923 2500 973 2534 nou
986 2494 1081 2549 posset,
1095 2500 1120 2549 p.
1135 2493 1195 2546 250.
1207 2512 1242 2520 —
1259 2496 1298 2533 11.
1312 2484 1493 2533 Emmanuelis
1513 2484 1577 2547 regii
1597 2484 1729 2549 auspiciis,
1748 2500 1799 2533 non
1808 2484 1863 2532 viri-

532 2575 589 2634 bus,
608 2575 742 2624 victoriam
763 2575 875 2624 Iudaeus
894 2573 1027 2625 adscribit.
1046 2574 1201 2623 Emmanuel
1217 2590 1275 2640 cap.
1290 2582 1303 2633 7
1318 2574 1403 2623 isaiae
1416 2582 1442 2624 et
1454 2574 1523 2625 alius
1535 2575 1622 2624 insana
1635 2590 1666 2623 ex
1679 2562 1863 2639 cap.·'8secun·

533 2662 721 2711 damiitteram
741 2662 843 2721 diversi,
862 2679 887 2728 p.
909 2674 968 2727 251.
989 2691 1022 2699 —
1046 2675 1084 2714 t2.
1100 2662 1244 2727 Nunquam
1265 2663 1336 2712 Deus
1355 2662 1406 2712 fuit
1430 2678 1489 2713 eum
1518 2662 1618 2722 Achae,
1636 2679 1662 2727 p.
1683 2673 1743 2727 252.
1770 2691 1802 2698 -
1826 2672 1863 2723 13·

532 2752 628 2800 Nullos
642 2751 729 2802 hostes
748 2751 837 2801 Achae
857 2754 997 2817 superavit,
1016 2751 1061 2801 sed
1081 2752 1114 2800 ab
1132 2752 1253 2801 omnibus
1271 2760 1310 2802 est
1328 2762 1472 2817 superatus,
1491 2768 1516 2817 p.
1537 2764 1596 2817 252,
1623 2780 1656 2789 -
1686 2765 1725 2814 ¹4·
1751 2754 1809 2802 Duo
1826 2751 1863 2801 illi

533 2842 620 2903 Reges
640 2841 672 2891 ab
692 2842 752 2890 aliia
771 2842 839 2891 caesi
858 2853 926 2907 sunt,
945 2857 996 2891 non
1016 2842 1050 2890 ab
1067 2839 1168 2898 Achae,
1187 2856 1212 2905 p.
1233 2851 1293 2906 253.
1319 2870 1351 2877 -
1379 2827 1419 2906 15.
1438 2842 1530 2907 Inepte
1553 2841 1667 2890 Indueras
1690 2850 1813 2906 provocat
1832 2840 1861 2888 ad

533 2930 612 2980 libros
631 2930 745 2994 Regum,
763 2946 789 2996 p.
810 2942 868 2995 254.
884 2958 917 2967 -
934 2934 973 2984 lb.
994 2931 1072 2980 Viam
1086 2929 1200 2980 Messiae
1220 2932 1247 2979 in
1268 2930 1405 2979 ‹Alma›
1425 2930 1550 2981 Salomon
1569 2914 1713 2981 Davidieus
1732 2930 1861 2992 ignoravit,

531 3036 557 3084 p.
572 3030 630 3084 254.
651 3048 684 3055 -
707 3032 746 3085 17.
761 3020 832 3069 Libri
847 3019 974 3068 rabbiuici
994 3018 1122 3068 combusti
1142 3027 1168 3069 et
1187 3020 1319 3084 mancipia
1337 3018 1487 3069 christianis
1507 3019 1614 3077 tradita,
1633 3036 1658 3084 p.
1681 3030 1741 3084 255.

530 3244 661 3306 CAPUT
688 3241 783 3305 XIV.
811 3280 849 3290 -
875 3243 1100 3329 Imperatoris
1121 3263 1203 3328 erga
1227 3243 1300 3306 Ras
1322 3243 1405 3307 Sela
1429 3242 1585 3307 caretas
1615 3243 1730 3306 avere
1756 3241 1862 3306 anim

588 3360 593 3367 ’
618 3359 820 3446 offlnsrbncs
842 3359 882 3422 ab
905 3358 1050 3423 centralis
1074 3358 1258 3423 instz'nctac
1281 3406 1564 3421 ......
1612 3379 1690 3442 pag.
1718 3362 1851 3438 257-261

618 3546 817 3595 Summarlum.
841 3558 862 3599 1.
889 3547 944 3597 Res
963 3544 1093 3595 humanae
1114 3561 1216 3595 summo
1242 3547 1300 3595 Ioco
1324 3547 1463 3595 consistere
1487 3561 1538 3595 non
1563 3556 1680 3610 possum,
1701 3561 1726 3609 p.
1747 3555 1805 3610 257.
1832 3573 1858 3581 —

531 3646 553 3687 2.
574 3634 631 3682 Ras
650 3636 751 3683 limana
770 3635 888 3685 Christos
906 3635 1028 3700 capitalis
1046 3636 1131 3684 fratris
1150 3635 1320 3693 adversarius,
1338 3652 1363 3700 p.
1385 3643 1444 3699 257.
1463 3662 1496 3672 -
1517 3646 1542 3696 3.
1561 3635 1648 3684 Melcti
1667 3634 1786 3684 Christbs
1802 3634 1859 3683 odio

530 3725 555 3772 ln
576 3723 651 3773 iilum
670 3725 794 3788 superior,
813 3740 838 3789 p.
858 3725 918 3785 258.
942 3752 970 3762 -
991 3739 1015 3787 4.
1037 3723 1175 3773 Faciladts
1190 3725 1317 3774 maximus
1336 3724 1408 3773 illius
1426 3723 1579 3783 aemulator,
1598 3740 1623 3788 p.
1644 3735 1704 3788 259.
1716 3752 1751 3760 -
1765 3735 1788 3787 5.
1808 3724 1859 3772 Rss

528 3813 670 3876 aliquando
687 3813 831 3878 Principem
845 3813 959 3863 dentatis
972 3813 1131 3863 carminibus
1143 3814 1283 3877 pungebat,
1297 3830 1322 3878 p.
1336 3823 1396 3875 259.
1410 3842 1443 3850 -
1457 3812 1482 3865 6.
1495 3814 1605 3863 Senator
1618 3814 1734 3862 maana
1746 3812 1857 3862 Christbs

530 3902 639 3963 insignis
658 3901 807 3950 technarum
827 3903 928 3960 artifex,
946 3918 972 3968 p.
993 3914 1052 3967 259.
1071 3931 1106 3939 -
1126 3915 1150 3968 7.
1170 3904 1301 3953 Lessanne
1319 3902 1437 3953 Christos
1455 3903 1547 3952 caedes
1564 3902 1740 3959 meritissima,
1758 3918 1784 3966 p.
1804 3884 1856 3952 266.

529 4019 562 4026 -
582 3989 607 4042 8.
627 3991 686 4039 Non
706 3992 818 4039 minores
837 3992 1011 4042 dissensiones
1031 3993 1143 4041 moriens
1162 3988 1267 4057 reliquit
1285 4008 1361 4056 quam
1381 3993 1469 4041 vivens
1487 4002 1608 4049 seruerat,
1627 4007 1651 4056 p.
1673 3990 1733 4043 261.

527 4202 658 4266 CAPUT
683 4204 764 4266 XV.
809 4242 834 4250 --
869 4203 1084 4269 [astensium
1116 4206 1364 4269 rusticanorum
1395 4205 1538 4279 rebellsh,
1569 4205 1681 4269 Melm
1712 4205 1858 4270 Christos

617 4320 730 4403 rqq‘r'rrr
752 4321 875 4405 slr'rpr's
898 4322 944 4384 ud
963 4320 1084 4384 soleam
1108 4326 1236 4384 evocato
1281 4369 1565 4384 ......
1612 4342 1692 4404 pag.
1719 4324 1856 4400 263-268

617 4508 817 4557 Summarium.
841 4520 861 4559 r.
882 4508 977 4557 [astae
995 4517 1096 4556 montes
1114 4507 1168 4564 ubi,
1181 4523 1206 4571 p.
1222 4505 1281 4570 263.
1293 4537 1326 4544 -
1339 4520 1362 4560 2.
1376 4508 1494 4571 Proregis
1508 4509 1683 4574 Impmdentin
1695 4517 1722 4558 et
1734 4500 1859 4573 cupiditas

526 4595 603 4645 huius
622 4597 684 4645 belli
706 4597 817 4648 altrices.
837 4612 861 4661 p.
883 4595 942 4659 263.
956 4625 990 4633 -
1005 4609 1027 4659 3.
1048 4598 1167 4645 Montani
1188 4597 1252 4659 regii
1271 4597 1405 4659 sanguinis
1418 4606 1554 4660 tyranuum
1574 4598 1694 4655 invitant,
1712 4614 1738 4662 p.
1759 4598 1857 4660 264.-

526 4700 550 4748 4.
563 4687 706 4749 Imperator
717 4688 742 4734 in
753 4686 802 4733 boc
811 4686 907 4734 bellum
921 4685 1101 4749 proficiscitur.
1114 4686 1224 4735 Sinister
1237 4686 1410 4749 imperialium
1423 4695 1537 4743 eventus,
1551 4702 1575 4751 p.
1592 4685 1651 4749 264.
1664 4714 1699 4723 —
1713 4699 1737 4751 5.
1750 4687 1858 4751 Aliquos

525 4774 701 4837 periclitantes
722 4776 792 4823 Cabsi
811 4774 928 4823 Christos
947 4774 1074 4831 liberavit,
1096 4772 1154 4838 265.
1170 4803 1202 4811 -
1220 4772 1244 4826 6.
1263 4774 1394 4837 Quantum
1414 4772 1441 4823 hi
1460 4790 1537 4824 casus
1555 4774 1655 4824 adversi
1675 4777 1856 4839 Imperatorem

524 4865 739 4915 contristaverim.
758 4865 815 4912 Ras
833 4865 892 4912 Sela
912 4863 1029 4912 Christos
1048 4863 1139 4912 victori
1152 4863 1264 4929 Gojnma
1284 4865 1434 4922 restituitur,
1452 4880 1477 4929 p.
1499 4859 1557 4929 265.
1572 4893 1605 4900 -
1617 4876 1640 4929 7.
1661 4865 1725 4913 Post
1742 4864 1856 4928 hyemem

525 4954 649 5016 Princeps
668 4963 692 5002 et
712 4954 769 5001 Ras
788 4954 849 5002 belli
869 4969 943 5002 curas
963 4954 1117 5018 partiuntur,
1136 4967 1160 5017 p.
1182 4950 1241 5004 266.
1263 4982 1294 4990 -
1315 4952 1338 5005 8.
1360 4954 1417 5002 Ras
1442 4954 1468 5002 in
1493 4955 1603 5003 transitu
1620 4969 1710 5019 rupem
1731 4955 1756 5003 in
1777 4955 1856 5015 Baga·

525 5042 626 5089 medita
644 5054 763 5106 occupat,
782 5059 806 5107 p.
829 5042 887 5095 266.
904 5071 933 5079 -
948 5056 973 5104 9.
994 5042 1075 5099 Idem,
1095 5043 1122 5090 in
1141 5046 1285 5091 Amarense
1304 5058 1409 5104 regnum
1424 5042 1553 5101 inductus,
1566 5052 1703 5107 tyrannum
1722 5044 1790 5091 Lata
1802 5043 1856 5091 Ma·

524 5130 589 5178 riam
609 5132 714 5187 occidit,
733 5148 756 5195 p.
778 5130 836 5191 267.
857 5162 882 5167 -
913 5144 951 5183 ιο.
972 5132 1080 5181 Centeni
1099 5133 1200 5195 equites
1220 5132 1332 5181 infauste
1349 5132 1560 5197 praecipitantur,
1579 5148 1605 5197 p.
1626 5130 1686 5197 267.
1700 5160 1734 5169 -
1750 5144 1789 5182 rr.
1803 5131 1856 5178 Ru·

523 5220 680 5268 sticanorum
701 5223 886 5268 AmarensIum
906 5230 1003 5284 quanta
1021 5221 1055 5269 sit
1075 5221 1205 5269 barbaries
1224 5231 1249 5271 et
1267 5221 1418 5277 obstinatio,
1437 5235 1464 5286 p.
1483 5216 1542 5272 268.
