4124 6182
543 553 584 612 34
876 547 1148 597 EXPEDITIONIS
1172 548 1434 598 AETHIOPICAE
1461 550 1540 598 ETC.

541 692 728 757 Cacumina
759 696 793 757 in
824 704 953 757 tantam
978 696 1155 776 planitiam
1186 695 1408 778 porriguntur
1430 707 1467 758 ut
1491 698 1626 759 abunde
1659 693 1821 758 frumenti
1844 705 1878 757 et

542 829 651 891 aquae
674 811 807 874 alendis
832 811 1082 874 habitatoribus
1109 821 1143 873 et
1171 809 1410 874 defensoribus
1441 813 1476 874 in
1503 813 1630 875 multos
1656 830 1765 874 annos
1799 829 1875 891 sup-

542 926 711 1006 peditent:
736 945 879 1006 quorum
904 924 1029 988 fiducia
1052 935 1101 989 tot
1124 926 1277 1009 gliscunt
1300 928 1334 989 in
1358 927 1546 1009 Aethiopia
1569 927 1604 990 in
1627 929 1759 1010 regiam
1776 926 1877 989 maie·

543 1051 666 1105 statem
690 1042 955 1124 perduelliones.

227 1166 397 1215 Lamalmon
421 1179 513 1214 mons.
633 1178 662 1235 5.
687 1157 896 1221 Notissimus
918 1168 971 1221 est
993 1179 1014 1221 a
1037 1158 1184 1242 Tigraeo
1208 1177 1315 1241 regno
1339 1159 1373 1220 in
1394 1159 1607 1223 Dambaeam
1625 1159 1879 1223 transeuntibus

544 1274 755 1346 Lamalmon,
779 1276 813 1337 in
838 1293 938 1355 quem
964 1295 984 1337 a
1006 1272 1260 1357 Septemtrione
1283 1274 1373 1338 inter
1399 1284 1532 1339 montes
1554 1276 1787 1357 depressiores
1813 1275 1879 1337 duo

544 1391 671 1453 ducunt
694 1387 802 1462 fluvii,
830 1390 962 1453 Zarima
993 1401 1028 1453 et
1058 1390 1148 1454 alius
1178 1410 1215 1453 se
1246 1390 1279 1453 in
1312 1392 1424 1473 ipsum
1454 1410 1658 1463 exonerans,
1682 1391 1772 1454 calle
1795 1390 1879 1452 adeo

544 1514 700 1589 angusto,
727 1516 761 1568 ut
784 1505 900 1569 sexies
930 1515 965 1569 et
995 1506 1110 1569 decies
1140 1506 1262 1569 eodem
1292 1507 1349 1569 die
1379 1508 1447 1570 sint
1472 1507 1729 1576 transvadandi,
1757 1503 1880 1568 infesto

541 1621 705 1702 jumentis
719 1622 893 1695 onerariis,
905 1642 993 1703 quae
1009 1623 1103 1684 nullo
1116 1620 1210 1684 ferro
1222 1622 1429 1694 calceantur,
1441 1624 1487 1685 ob
1499 1641 1624 1704 aquam
1636 1622 1785 1705 ungulas
1797 1622 1880 1683 mol·

545 1738 685 1800 lientem
708 1746 743 1800 et
767 1757 853 1800 saxa
876 1738 1072 1821 pungentia,
1097 1748 1303 1801 transcursu.
1327 1736 1543 1801 Fluminibus
1565 1738 1745 1819 superatis,
1775 1739 1809 1799 in
1833 1737 1881 1799 al·

545 1852 713 1916 tissimum
737 1865 899 1924 montem,
915 1852 1058 1934 Dagusa
1074 1854 1216 1925 dictum,
1232 1863 1267 1916 et
1282 1852 1516 1916 Lamalmonis
1531 1854 1641 1917 veluti
1656 1864 1880 1924 caementum,

545 1969 589 2031 ab
615 1987 737 2031 aurora
768 1969 813 2030 ad
844 1969 1020 2031 meridiem
1052 1969 1285 2031 scandendum
1317 1968 1506 2041 incurritur,
1535 1970 1632 2032 cuius
1654 1970 1794 2032 dorsum
1825 1970 1882 2030 ad·

545 2104 681 2147 versum
705 2094 757 2147 est
783 2084 1024 2165 insuperabile,
1054 2085 1117 2146 sed
1149 2085 1256 2148 latera
1285 2084 1463 2166 paululum
1494 2085 1638 2147 reclivia
1668 2086 1881 2155 mollescunt,

544 2220 631 2281 quae
655 2200 826 2263 cochleari
849 2219 993 2262 ascensu
1016 2201 1292 2281 perreptantibus
1315 2202 1442 2263 montis
1470 2202 1689 2282 supercilium
1707 2220 1753 2263 ex
1777 2201 1883 2264 altera

547 2327 644 2397 parte
668 2317 851 2397 impendet.
863 2335 909 2377 ex
933 2316 1040 2378 altera
1064 2316 1175 2379 valles
1197 2312 1700 2397 profundissimae,'multorum
1717 2317 1883 2379 iumento-

545 2451 621 2494 rum
637 2433 772 2494 ossibus
787 2440 822 2493 et
837 2432 929 2503 salis,
946 2432 1039 2513 quod
1054 2452 1075 2493 a
1090 2431 1239 2514 Tigraeo
1256 2450 1364 2514 regno
1380 2441 1596 2503 convectant,
1613 2431 1758 2494 sarcinis
1773 2433 1882 2500 albae.

547 2549 736 2612 dehiscunt.
761 2546 847 2610 Cum
870 2546 961 2610 enim
986 2548 1051 2609 iter
1074 2549 1118 2609 sit
1148 2557 1394 2629 perangustum
1426 2557 1459 2609 et
1490 2544 1635 2609 infestae
1661 2546 1827 2617 euntium,
1851 2558 1884 2608 et

546 2663 760 2725 redeuntium
784 2672 916 2725 turmae
939 2662 1006 2724 sibi
1030 2673 1217 2735 occurrent,
1241 2660 1344 2725 facile
1366 2658 1536 2726 *iumenta
1550 2682 1589 2727 se
1604 2665 1837 2745 comprimunt
1851 2673 1885 2726 et
1911 2669 2001 2717 1³22*-

235 2787 341 2836 ultima
372 2799 435 2836 ante
465 2789 519 2834 La·
547 2779 616 2841 alia
637 2779 682 2840 ab
705 2777 783 2841 aliis
805 2779 987 2840 eliduntur.
1020 2777 1145 2840 Fessos
1167 2787 1201 2841 et
1224 2778 1367 2841 ulterius
1389 2798 1431 2841 ea
1453 2779 1509 2841 die
1536 2779 1746 2860 procedendi
1776 2778 1885 2860 impo-

194 2859 326 2993 psitepon
358 2868 518 2921 superatum
548 2904 668 2965 tentes,
693 2913 774 2956 area
804 2895 913 2956 tribus
935 2895 970 2955 in
994 2912 1119 2976 gyrum
1149 2895 1354 2957 milliaribus
1377 2896 1492 2976 longa,
1516 2896 1666 2976 excipit3
1691 2903 1725 2957 et
1748 2905 1886 2976 postera

548 3012 582 3073 in
606 3019 788 3093 angustum
812 3010 960 3079 dorsum,
985 3012 1093 3071 instar
1111 3011 1227 3091 pontis
1249 3010 1399 3091 undique
1421 3019 1644 3091 praeruptum
1674 3019 1709 3073 et
1735 3010 1886 3073 hiatibus

547 3135 712 3189 tartarum
737 3146 823 3207 pene
847 3127 1066 3208 tangentibus
1089 3127 1305 3197 horrendum,
1330 3126 1472 3200 emittit;
1497 3146 1565 3208 quo
1580 3136 1767 3199 transacto,
1785 3130 1817 3189 in
1834 3147 1886 3190 sa-

548 3262 651 3304 xeum
672 3241 804 3304 obicem
823 3243 1014 3304 altitudinis
1033 3242 1255 3304 ducentarum
1271 3252 1306 3305 et
1321 3243 1572 3325 quinquaginta
1585 3243 1642 3305 vel
1659 3252 1886 3305 trecentarum

550 3358 714 3429 ulnarum,
739 3359 772 3419 in
802 3358 959 3420 altissimi
991 3357 1240 3440 propugnaculi
1267 3360 1418 3439 speciem
1442 3377 1462 3420 e
1485 3376 1570 3439 rupe
1592 3358 1830 3439 prominentis,
1854 3367 1887 3421 et

550 3470 791 3536 difficillimum
821 3473 926 3534 totius
955 3472 1033 3535 viae
1063 3484 1235 3554 spectrum
1266 3473 1477 3555 impingitur,
1502 3474 1557 3536 cui
1589 3482 1711 3535 natura
1736 3474 1888 3556 benigna

548 3588 717 3651 humanae
737 3589 991 3650 commoditatis
1006 3588 1158 3650 curatrix
1174 3589 1357 3669 quamdam
1374 3589 1481 3651 veluti
1496 3589 1624 3651 scalam
1649 3590 1685 3650 in
1709 3599 1887 3670 utramque

550 3712 681 3784 partem
704 3700 897 3765 flexuosam
920 3703 1088 3784 providit:
1112 3723 1230 3765 verum
1255 3705 1341 3766 adeo
1363 3705 1588 3786 praecipitem
1611 3713 1648 3766 ut
1677 3706 1808 3786 absque
1839 3707 1887 3765 in·

550 3819 648 3901 genti
663 3819 864 3881 lassitudine
880 3818 971 3880 vinci
988 3838 1055 3881 non
1072 3819 1189 3899 possit,
1207 3819 1368 3881 iumentis
1383 3838 1404 3879 a
1419 3820 1555 3880 sarcina
1573 3819 1765 3900 expeditis3
1790 3820 1889 3881 aliter

550 3933 640 3996 enim
664 3953 824 4015 superare
848 3935 1028 4014 nequirent
1051 3953 1138 3995 saxa
1160 3935 1194 3995 in
1218 3935 1386 4015 graduum
1411 3931 1556 3996 formam
1573 3934 1769 3996 altitudinis
1786 3935 1886 3997 duum

552 4048 609 4110 vel
632 4050 734 4111 trium
758 4050 950 4111 cubitorum
974 4050 1118 4111 obiecta.
1147 4048 1231 4111 Alia
1260 4048 1315 4110 hic
1346 4051 1507 4130 planities
1537 4050 1572 4111 in
1603 4049 1711 4112 sellae
1739 4050 1889 4112 brachiis

550 4176 689 4226 truncae
705 4165 865 4245 speciem,
890 4167 985 4227 cuius
1008 4175 1141 4246 tergum
1166 4174 1217 4226 est
1241 4166 1315 4244 ipse
1331 4164 1534 4227 Lamalmon
1550 4184 1717 4246 scrupeus
1740 4175 1776 4228 et
1798 4168 1888 4228 inac-

550 4300 676 4351 cessus,
704 4281 748 4342 ad
778 4281 889 4362 sclopi
920 4280 1046 4343 iactum
1078 4282 1157 4351 lata,
1190 4281 1286 4342 mille
1316 4289 1351 4343 et
1377 4282 1585 4363 quingentos
1615 4300 1739 4361 passus
1776 4284 1887 4364 longa,

550 4395 740 4456 viatoribus
764 4396 891 4477 exiguo
922 4394 984 4457 illo
1011 4396 1132 4457 itinere
1164 4392 1330 4457 confectis
1356 4414 1418 4476 per
1445 4405 1553 4458 totam
1581 4395 1671 4458 diem
1703 4397 1888 4469 blanditur,

552 4511 747 4571 vastissimo
772 4511 806 4571 in
830 4520 964 4572 montes
987 4507 1112 4572 Semen
1136 4511 1179 4571 ad
1203 4506 1379 4572 Orientem
1396 4520 1431 4572 et
1452 4511 1540 4574 alios
1560 4513 1594 4572 in
1617 4510 1834 4593 Aquilonem
1857 4524 1888 4575 et

552 4624 836 4704 septemtrionem
862 4644 976 4687 arcum
1001 4622 1186 4686 relerentes
1209 4636 1243 4686 et
1266 4627 1301 4686 in
1325 4643 1468 4706 regnum
1492 4626 1678 4709 Tigraeum
1694 4638 1887 4709 prospectu.

553 4738 654 4800 Unde
678 4759 796 4801 omnes
820 4738 891 4802 fere
914 4740 1007 4801 illius
1032 4749 1166 4802 montes
1190 4759 1267 4801 cum
1298 4741 1333 4801 in
1360 4759 1398 4802 se
1428 4743 1597 4821 praecelsi
1627 4744 1697 4804 sint
1728 4753 1763 4807 et
1793 4744 1888 4806 ardui

552 4854 647 4916 rolut
663 4856 791 4936 exigua
806 4857 973 4935 quaedam
995 4856 1143 4935 mapalia
1166 4864 1200 4916 et
1223 4865 1396 4936 pastorum
1422 4857 1624 4919 umbracula
1647 4858 1888 4940 despiciuntur.

238 4985 311 5029 Ante
335 4994 435 5029 omnes
459 4995 523 5042 pro·
642 4973 673 5033 6.
697 4970 858 5032 Montosa
880 4983 995 5033 tamen
1019 4981 1182 5052 perpetua
1204 4973 1339 5051 rupium
1368 4973 1584 5034 catenatione
1615 4981 1669 5035 est
1699 4972 1834 5037 Amara
1857 4976 1890 5035 in

200 5066 316 5174 {¹233
330 5063 460 5100 montosa
482 5063 524 5100 ⁸⁸¹
552 5088 675 5165 quibus
698 5088 894 5166 potissimae
917 5094 995 5148 sunt
1018 5096 1152 5166 petrae:
1169 5087 1230 5147 illa
1246 5105 1333 5165 quae
1350 5087 1488 5167 tyranni
1503 5086 1715 5151 Madrecalis
1731 5086 1799 5153 fuit
1815 5108 1890 5171 asy-
