4066 6184
576 590 637 665 318
907 597 1181 650 EXPEDITIONIS
1204 595 1465 649 AETHIOPICAE
1489 597 1570 650 ETC.

576 746 718 810 dinariis
741 757 775 810 et
798 746 952 820 vinariis,
969 748 1092 831 quibus
1106 767 1184 811 raro
1200 748 1330 812 credita
1346 750 1514 821 solvebat,
1531 747 1773 829 plaudentibus
1788 758 1825 811 et
1839 745 1902 811 *tot
1923 761 1995 826 tior.

573 865 699 945 probra
722 863 965 947 ingerentibus,
989 874 1026 927 ut
1043 874 1151 928 morte
1166 864 1343 928 acerbiora
1365 873 1490 936 essent,
1507 884 1650 946 eamque
1674 863 1741 927 sibi
1764 883 1903 946 propere

573 991 606 1041 et
631 988 762 1043 secreto
786 980 904 1043 inferri
929 980 1001 1061 ipse
1036 981 1221 1063 singularis
1243 980 1400 1043 beneficii
1433 983 1511 1044 loco
1534 980 1755 1064 flagitaverit.
1784 980 1903 1044 Deerat

574 1107 687 1159 tamen
711 1098 755 1160 ad
772 1098 909 1179 plenam
925 1098 1209 1160 contumeliarum
1226 1098 1465 1180 indignitatem
1482 1109 1518 1161 ut
1534 1099 1722 1161 castrensia
1733 1108 1903 1179 tympana,

573 1212 680 1294 ipsius
703 1212 853 1275 humeris
869 1211 968 1285 fulta,
984 1233 1046 1295 per
1061 1224 1168 1276 totam
1192 1215 1384 1277 dominicae
1408 1215 1475 1278 diei
1493 1234 1671 1297 vesperam
1695 1214 1904 1296 pulsarentur

574 1329 607 1391 in
627 1349 773 1411 poenam
799 1329 894 1413 impii
910 1330 1084 1414 praeconii
1100 1342 1218 1394 contra
1234 1331 1430 1395 Romanam
1450 1331 1551 1394 fidem
1569 1332 1611 1394 iis
1627 1332 1904 1413 concrepantibus

573 1447 607 1508 in
631 1444 777 1528 Gojama
799 1448 1005 1530 pervulgati.

260 1572 546 1637 Triumphaliwrin·
662 1565 692 1625 ό.
718 1564 893 1646 Ingressus
917 1574 968 1627 est
992 1564 1156 1647 Princeps
1184 1564 1382 1647 triumphali
1407 1574 1581 1647 apparatu,
1605 1574 1680 1628 toto
1695 1565 1811 1628 curiae
1825 1561 1903 1626 flore

223 1643 295 1708 ἀρὴ
317 1644 472 1707 imm
572 1691 606 1745 et
629 1681 781 1762 equitatu
805 1690 839 1744 et
864 1681 1030 1744 militibus
1047 1681 1080 1744 in
1105 1683 1194 1745 latos
1209 1682 1347 1744 ordines
1363 1683 1618 1764 expatiantibus
1641 1683 1801 1764 stipatus,
1821 1694 1903 1763 tym-
2007 1748 2008 1751 ,

572 1817 735 1879 panarum
759 1807 793 1859 et
816 1798 974 1860 tubarum
998 1797 1111 1861 sonitu
1134 1797 1311 1880 perpetim,
1336 1796 1523 1862 fistularum
1547 1799 1757 1862 manualium
1782 1809 1817 1861 et
1841 1808 1904 1861 tor·

572 1924 762 1976 mentorum
786 1914 830 1975 ad
846 1914 946 1975 aulae
962 1913 1052 1976 ostia
1077 1913 1225 1976 fixorum
1248 1934 1310 1997 per
1325 1914 1507 1978 intervalla
1522 1925 1713 1977 resonante.
1737 1915 1902 1978 Palatium
2007 1940 2008 1943 ¹

570 2030 722 2111 undique
734 2029 875 2091 vexillis
891 2041 925 2093 et
941 2031 1099 2113 supparis
1116 2033 1315 2104 ornabatur;
1333 2032 1526 2114 Principem
1544 2031 1737 2114 Imperator
1752 2042 1787 2094 et
1804 2029 1904 2095 frater

571 2168 617 2210 ex
640 2145 803 2229 proiectis
827 2158 860 2209 et
885 2146 1053 2210 menianis
1076 2149 1289 2229 spectabant,
1306 2148 1505 2231 animosque
1528 2159 1563 2211 et
1587 2148 1728 2211 brachia
1752 2148 1788 2211 in
1804 2168 1903 2210 ovan-

570 2272 650 2335 tem,
668 2262 800 2325 laetitia
816 2261 881 2345 ipsi
898 2263 1096 2346 gestientes,
1113 2265 1356 2327 extendebant.
1374 2264 1413 2327 In
1431 2263 1580 2328 tribunal
1598 2265 1692 2327 illico
1708 2284 1903 2347 processere

570 2392 746 2442 senatores
771 2378 896 2462 (nullae
919 2390 998 2442 sunt
1021 2380 1112 2443 enim
1137 2381 1170 2442 in
1194 2380 1405 2463 Aethiopiae
1437 2381 1638 2444 iudiciorum
1661 2382 1902 2464 cunctationes)

258 2504 390 2590 Proditor
417 2515 445 2556 et
471 2505 542 2556 socii
571 2514 665 2558 reum
684 2495 781 2558 illum
797 2496 851 2557 his
866 2496 982 2558 verbis
998 2507 1197 2579 arguentes:
1216 2497 1348 2560 Maiora
1363 2496 1539 2569 beneficia,
1555 2517 1658 2580 quam
1670 2498 1733 2559 ulli
1745 2517 1900 2578 umquam
2007 2584 2008 2587 Ἴ

221 2578 322 2641 “pm
341 2577 517 2628 mmm*
570 2623 647 2675 sunt
672 2612 808 2685 collata,
834 2612 866 2674 in
884 2622 919 2675 te
936 2611 1126 2694 Imperator
1142 2616 1341 2677 cumulavit.
1364 2614 1450 2677 Tres
1467 2613 1726 2697 augustissimas
1742 2615 1838 2696 regni
1853 2613 1899 2676 sui
2007 2656 2008 2707 ,

569 2726 799 2811 praefecturas
810 2730 920 2792 tribus
937 2729 1099 2794 fratribus
1114 2732 1185 2794 suis
1201 2732 1339 2803 ademit,
1352 2731 1579 2794 Amarensem
1591 2730 1726 2793 Emana
1740 2729 1899 2801 Christus,

570 2844 857 2928 Bagamedrinam
894 2845 967 2909 Afa
998 2845 1153 2911 Christds
1183 2859 1218 2911 et
1249 2846 1491 2928 Gojamensem
1522 2847 1599 2910 Ras
1625 2845 1707 2910 Selai
1734 2844 1897 2908 Christos:
2007 2834 2008 2875 3

569 2981 694 3043 easque
718 2963 752 3026 in
776 2975 810 3025 te
826 2965 1007 3046 congessit.
1024 2963 1073 3024 Te
1090 2964 1144 3026 bis
1160 2962 1337 3046 Gojamae,
1354 2964 1407 3025 bis
1424 2962 1656 3046 Bagamediri,
1673 2964 1783 3025 semel
1798 2961 1898 3024 Ama·

568 3080 673 3142 harae
685 3099 866 3162 proregem
883 3080 1021 3142 creavit.
1040 3080 1099 3142 Ad
1115 3082 1200 3142 haec
1216 3101 1314 3142 suum
1328 3080 1535 3143 Bellatinam
1552 3077 1665 3151 Goita,
1682 3078 1757 3141 sive
1773 3079 1897 3162 regium

569 3210 800 3267 aeconomum,
815 3196 989 3258 constituit
1006 3197 1065 3278 qui
1081 3198 1276 3260 dominatus
1292 3196 1415 3278 capitis
1431 3196 1646 3279 dignitatem,
1669 3215 1758 3277 quae
1773 3214 1897 3258 summa
2007 3236 2008 3279 3

568 3322 630 3383 est,
654 3312 812 3393 proxime
836 3312 983 3395 attingit.
1001 3313 1069 3375 Tot
1084 3312 1252 3376 beneficia
1267 3314 1433 3375 hactenus
1449 3312 1601 3375 inaudita
1618 3310 1740 3375 infami
1759 3314 1804 3374 ab
1819 3313 1897 3394 ipso,
2007 3300 2008 3379 i

568 3438 603 3491 et
626 3450 646 3491 a
669 3439 787 3491 sancta
809 3427 875 3491 fide
900 3430 1071 3499 Romana,
1096 3431 1267 3492 catholica
1290 3439 1324 3492 et
1340 3429 1530 3511 apostolica
1545 3426 1750 3511 transfugio,
1775 3427 1827 3501 iis,
1846 3429 1898 3510 qui
2007 3468 2008 3531 ἰ

473 3552 477 3561 ’
568 3565 642 3607 eam
666 3547 905 3625 sequebantur,
937 3547 1124 3617 trucidatis,
1157 3546 1361 3628 persolvisti.
1394 3544 1486 3626 Quid
1509 3546 1616 3607 habes
1647 3545 1740 3626 quod
1764 3545 1809 3606 ad
1838 3546 1899 3606 ista
2007 3544 2008 3637 ,

568 3659 723 3743 proferas
747 3664 923 3743 responsi?
947 3663 1059 3733 Dixit,
1092 3682 1293 3743 responsum
1324 3662 1389 3723 sibi
1413 3682 1499 3743 opus
1523 3682 1590 3722 non
1615 3681 1700 3732 esse,
1725 3660 1785 3742 qui
1809 3660 1898 3723 Prin·

567 3778 654 3857 cipis
679 3777 928 3857 pollicitatione
953 3780 995 3840 de
1015 3780 1117 3840 venia
1142 3780 1353 3860 impetranda
1378 3781 1551 3841 niteretur.
1575 3778 1665 3840 Eum
1682 3788 1798 3840 tamen
1821 3776 1898 3839 fidu·
2007 3808 2008 3871 p

568 3893 706 3956 ciariam
731 3893 900 3977 Principis
932 3897 1162 3977 sponsionem,
1196 3897 1286 3977 quod
1311 3896 1354 3956 de
1378 3896 1491 3956 alieno
1518 3896 1590 3956 iure
1621 3906 1654 3956 et
1687 3892 1782 3956 facto
1804 3904 1898 3964 esset,

568 4011 706 4072 minime
731 4030 848 4073 curare
872 4013 971 4073 iussit
987 4012 1192 4093 Imperator3
1209 4011 1362 4093 proinde,
1380 4031 1475 4073 mora
1491 4011 1655 4083 discussa,
1673 4013 1899 4091 responderet.
2007 4092 2008 4095 Ἴ

567 4126 663 4189 Nihil
687 4128 840 4209 responsi
863 4129 989 4191 habere
1004 4142 1180 4190 senatores
1196 4129 1348 4197 contuiti,
1366 4128 1548 4209 capitalem
1573 4129 1605 4189 in
1630 4147 1710 4189 eum
1733 4140 1769 4190 et
1792 4127 1899 4190 socios

567 4246 770 4306 sententiam
796 4246 954 4317 tulerunt,
978 4265 999 4306 a
1022 4266 1088 4326 qua
1120 4265 1195 4306 cum
1220 4246 1263 4305 ad
1295 4244 1539 4325 Imperatorem
1572 4254 1804 4325 provocasset,
1829 4262 1898 4305 eain

567 4361 640 4441 ipse
664 4362 869 4423 immutabili
885 4360 1043 4423 firmitate
1061 4361 1242 4423 roboravit.
1268 4359 1338 4422 Sed
1354 4381 1429 4422 cum
1455 4381 1525 4422 nox
1542 4360 1795 4441 praecipitaret,
1812 4359 1899 4421 illius

567 4478 727 4539 executio
752 4476 785 4538 in
810 4478 953 4539 alterum
978 4477 1068 4539 diem
1093 4487 1287 4560 prorogata.

248 4606 360 4669 Septem
372 4604 540 4689 obtruncati,
658 4610 687 4670 7.
712 4590 853 4673 Septem
878 4593 1076 4655 rebellionis
1100 4592 1351 4656 consultoribus
1382 4603 1416 4655 et
1446 4592 1707 4655 instructoribus
1732 4593 1767 4655 in
1792 4612 1897 4676 genua

219 4690 293 4726 unus
320 4690 541 4739 consangumets

219 4748 293 4798 caesi
320 4748 440 4798 traditur
466 4748 541 4798 occi·

218 4820 337 4868 dendus.
568 4825 743 4888 Esraelem
769 4826 894 4888 lumine
918 4836 951 4888 et
974 4825 1041 4888 fide
1072 4828 1213 4899 laesum,
1244 4827 1362 4889 hastili
1385 4824 1614 4897 transfixerat,
1639 4826 1734 4888 illius
1761 4845 1897 4889 consan-

568 4710 610 4771 de
635 4729 727 4770 more
756 4710 1010 4790 procidentibus
1042 4713 1155 4791 capita
1186 4711 1337 4772 decussa.
1363 4709 1472 4783 Unus
1497 4708 1555 4790 qui
1586 4719 1781 4772 senatorem
1814 4709 1896 4771 Zaba

567 4928 701 5023 girineis
724 4944 880 5014 traditus,
904 4952 999 5005 tanta
1023 4944 1234 5005 immanitate
1259 4945 1302 5005 ab
1329 4942 1372 5005 iis
1395 4944 1550 5024 pluribus
1574 4952 1626 5004 est
1650 4939 1842 5013 confossus,
1864 4950 1897 5001 ut
2007 4936 2008 4943 '

567 5056 772 5121 confessioni
789 5056 960 5139 *agendae
978 5079 1107 5120 moram
1124 5060 1312 5140 deposcens
1329 5079 1395 5120 non
1417 5058 1620 5121 exoraverit.
1637 5056 1741 5119 Illam
1760 5057 1896 5120 coeteris
1917 5056 1931 5105 f·
1943 5062 1980 5111 ¹3¹·
2007 5072 2008 5147 j

567 5177 645 5247 diro,
669 5177 727 5256 qui
752 5177 935 5238 intererant
967 5174 1151 5239 Societatis
1175 5187 1290 5257 patres
1322 5176 1528 5247 obtulerunt,
1560 5176 1620 5236 sed
1652 5195 1741 5238 unus
1772 5186 1894 5238 tantum
