4066 6184
598 631 660 690 3²²
931 624 1203 675 EXPEDITIONIS
1227 623 1488 674 AETHIOPICAE
1513 624 1595 677 Ere.

596 792 698 853 quam
723 772 799 836 Ras
822 784 892 836 tam
915 783 1016 836 acuto
1032 783 1066 835 et
1083 769 1299 854 praefervido
1314 791 1450 854 semper
1465 772 1509 835 ad
1525 771 1722 834 Romanam
1738 769 1840 835 fidem
1857 791 1916 835 am·

595 887 814 971 plificandam
850 889 987 971 ingenio
1021 889 1253 950 contentiosus
1286 888 1513 971 vitilitigator.
1546 885 1624 950 Hac
1657 888 1796 969 repulsa
1826 888 1917 969 (quod

595 1005 767 1087 principes
790 1024 877 1085 quos
898 1004 1026 1066 habent
1050 1004 1199 1066 maxime
1223 1005 1443 1075 necessarios,
1468 1023 1527 1065 eos
1550 1005 1594 1065 ab
1616 1023 1654 1066 se
1676 1001 1816 1066 facilius
1831 1004 1916 1066 amit·

596 1124 681 1199 tant)
704 1116 904 1182 facultatem
935 1119 1092 1192 obtinuit,
1124 1139 1220 1182 suam
1253 1120 1287 1180 in
1318 1119 1457 1182 domum
1481 1119 1673 1191 secedendi,
1696 1139 1718 1182 a
1741 1139 1809 1201 qua
1831 1119 1917 1181 illum

596 1235 789 1298 Amarense
812 1235 940 1297 bellum
965 1236 1103 1297 biennio
1123 1235 1344 1298 distraxerat.

286 1356 444 1441 imperiali·
465 1359 570 1408 exerci-
687 1372 716 1413 2.
741 1348 892 1414 Profecti
916 1361 994 1414 sunt
1017 1352 1051 1413 in
1072 1348 1252 1431 Gojamam
1270 1350 1345 1413 Ras
1365 1348 1446 1414 Sela
1473 1349 1628 1413 Christds
1643 1362 1677 1412 et
1695 1350 1730 1412 in
1747 1349 1918 1412 Lastenses

251 1438 296 1479 ω’
314 1430 464 1480 ⁰¹⁶¹¹²⁸¹¹⁰⁹
597 1468 788 1550 Imperator
807 1467 909 1529 ducto
925 1486 1039 1529 secum
1057 1466 1215 1548 Principe
1231 1477 1264 1528 et
1280 1467 1386 1529 totius
1401 1468 1536 1549 imperii
1552 1467 1685 1538 robore,
1702 1476 1736 1528 et
1752 1467 1851 1527 illum
1864 1486 1918 1528 suo

597 1604 689 1647 more
712 1592 931 1646 consectante
955 1603 985 1664 p.
1012 1582 1154 1652 Didaco,
1179 1581 1268 1644 hunc
1292 1602 1374 1644 vero
1400 1602 1432 1663 p.
1450 1580 1633 1644 Francisco
1648 1580 1818 1664 Marqui0,
1833 1582 1918 1643 cuius

596 1710 767 1763 tornatam
792 1699 835 1761 ad
858 1700 972 1761 omnia
995 1698 1145 1761 indolem
1169 1699 1202 1760 in
1226 1698 1321 1760 bello
1344 1707 1463 1761 contra
1492 1696 1615 1780 Agaos
1645 1695 1869 1778 Gojamenses
1888 1708 1918 1758 et

596 1815 726 1898 proelio
753 1825 871 1878 contra
894 1826 1065 1877 recentem
1089 1813 1294 1895 proditorem
1324 1812 1488 1895 Princeps
1510 1814 1728 1894 probaverat.
1759 1810 1832 1875 Ubi
1861 1810 1917 1873 lm·

595 1942 732 2014 perator
763 1950 867 2013 prope
898 1950 1015 1993 aereos
1045 1940 1080 1992 et
1111 1929 1399 2011 inexpugnabiles
1422 1927 1547 1992 Lastae
1581 1937 1716 1991 montes
1748 1928 1918 1995 concessit.

597 2046 785 2108 exercitum
808 2046 981 2127 tripartito
1004 2044 1132 2107 divisit.
1157 2043 1294 2107 Partem
1319 2044 1471 2126 Principi
1495 2045 1685 2127 assignavit
1708 2063 1786 2107 cum
1812 2042 1918 2106 Zama·

594 2163 693 2223 riano
715 2160 842 2223 Adabo
876 2161 1019 2223 militiae
1041 2158 1217 2242 praefecto
1240 2171 1274 2223 et
1297 2160 1468 2222 mandatis
1490 2169 1526 2222 ut
1549 2161 1584 2221 in
1608 2160 1755 2223 celsiora
1778 2178 1920 2241 perrum-

596 2286 730 2358 perent;
754 2286 884 2359 partem
908 2277 1044 2359 proregi
1069 2275 1331 2359 BagamedrinO,
1356 2277 1409 2338 cui
1433 2286 1584 2338 veterem
1612 2274 1789 2338 Inachium
1821 2277 1919 2337 aciem

595 2413 616 2454 a
638 2390 715 2454 Ras
738 2389 820 2454 Seia
842 2391 997 2455 Christds
1021 2393 1211 2455 institutam
1235 2403 1269 2455 et
1293 2394 1460 2454 minorem
1476 2392 1588 2463 aliam,
1606 2392 1667 2454 sed
1683 2389 1919 2473 praeferooem,

595 2509 796 2570 lusitanicae
818 2509 934 2590 stirpis
958 2519 1128 2591 nepotum,
1153 2509 1329 2589 alligavit3
1352 2509 1476 2591 quibus
1498 2509 1684 2589 praecepit,
1709 2516 1746 2570 ut
1768 2508 1852 2570 locis
1866 2507 1919 2568 hu·

596 2623 787 2687 milioribus
810 2633 845 2686 et
875 2625 1105 2703 calidioribus,
1138 2626 1227 2687 inter
1256 2643 1316 2686 eos
1348 2634 1482 2687 montes
1504 2623 1771 2694 subsidentibus,
1799 2624 1920 2685 aditum

596 2740 811 2812 molirentur;
836 2760 873 2802 se
896 2759 978 2802 vero
1001 2750 1035 2803 et
1059 2760 1153 2803 suam
1179 2742 1287 2803 aciem
1312 2742 1400 2804 inter
1423 2740 1591 2821 principia
1613 2739 1810 2801 collocavit.

285 2860 437 2911 Primum
463 2862 568 2912 montis
686 2874 703 2933 3
739 2852 889 2918 Cunctos
912 2856 1074 2937 Princeps
1098 2855 1318 2928 antevolavit,
1343 2866 1377 2918 et
1400 2856 1511 2937 primo
1534 2856 1629 2917 aditu
1653 2864 1848 2935 conspecto,
1871 2874 1918 2915 ae·

248 2933 402 3067 {Zffim
433 2932 569 2997 Pnnoep·
596 2989 740 3032 conomo
763 2990 825 3033 suo
851 2970 964 3033 Damd
987 2972 1146 3043 iniunxit,
1170 2981 1207 3035 ut
1230 2972 1344 3035 valide
1369 2991 1446 3033 cum
1470 2981 1617 3052 quatuor
1642 2970 1917 3033 electissimorum

597 3088 744 3148 militum
769 3087 951 3168 manipulis
973 3106 1041 3168 qua
1063 3088 1144 3150 data
1166 3089 1223 3150 via
1246 3096 1449 3169 penetraret.
1473 3084 1604 3149 Montis
1630 3085 1860 3149 acclivitatem
1874 3086 1917 3147 in·

595 3203 689 3282 genti
714 3204 828 3264 animo
850 3213 884 3265 et
915 3204 1049 3285 aequali
1083 3204 1199 3266 labore
1234 3204 1514 3275 conscenderunt,
1543 3201 1725 3265 rusticanis
1750 3199 1916 3263 sortitore

595 3317 732 3379 sublimi
756 3319 998 3382 obnitentibus.
1022 3316 1091 3381 Sed
1116 3320 1321 3400 imperiales,
1344 3320 1461 3382 multis
1477 3317 1734 3381 difficultatibus
1749 3314 1914 3399 superatis,

595 3432 673 3496 *eos
699 3454 718 3495 e
748 3430 902 3496 faucibus
932 3435 1174 3516 propellentes,
1206 3437 1335 3498 aditum
1366 3435 1565 3517 expeditum
1596 3433 1786 3503 reddidere,
1818 3431 1916 3494 caesis
1938 3439 2003 3496 tiisi

597 3549 730 3612 duobus
753 3550 868 3632 magni
892 3551 1039 3612 nominis
1062 3551 1200 3632 tyranni
1235 3550 1386 3621 ducibus,
1418 3547 1547 3612 Belene
1578 3558 1613 3611 et
1644 3547 1749 3611 Tecla
1780 3546 1915 3609 Mariam

594 3664 687 3727 dicto
710 3684 769 3746 per
792 3665 1033 3728 excellentiam
1057 3664 1137 3728 fidei
1162 3664 1352 3739 defensore,
1376 3668 1468 3749 quod
1491 3665 1588 3728 illum
1616 3685 1636 3728 e
1660 3661 1772 3727 Gallis
1802 3663 1845 3725 ad
1872 3682 1916 3725 re·

593 3798 698 3862 gnum
721 3790 916 3850 vocaverat,
940 3782 998 3860 qui
1022 3792 1055 3843 et
1079 3782 1146 3861 ipsi
1169 3792 1242 3844 erat
1270 3801 1333 3863 pro
1356 3781 1567 3863 paedagogo.
1593 3779 1767 3860 Perempti
1791 3776 1917 3840 suntin

594 3893 659 3957 hoc
683 3895 865 3956 certamine
889 3897 1036 3977 quinque
1061 3896 1218 3958 monachi
1242 3908 1275 3958 et
1299 3905 1445 3978 quatuor
1468 3895 1644 3965 moniales,
1667 3896 1717 3956 sic
1741 3894 1776 3955 in
1796 3893 1918 3955 haeresi

594 4008 801 4080 obfirmatae,
814 4020 850 4074 ut
864 4012 997 4073 illarum
1013 4032 1089 4085 una,
1107 4013 1340 4094 imperialibus
1356 4012 1698 4075 mahometanismum
1714 4009 1919 4090 exprobrans

594 4146 719 4208 eosque
742 4128 928 4190 admonens
952 4148 994 4189 ne
1017 4148 1078 4190 suo
1101 4138 1195 4191 tactu
1219 4130 1501 4198 contaminarent,
1528 4127 1652 4189 librum
1672 4144 1757 4207 prae
1772 4124 1919 4187 manibus

593 4241 731 4314 habens,
756 4260 802 4311 se,
829 4262 869 4304 ne
893 4243 937 4305 ab
960 4243 1031 4307 illis
1053 4254 1260 4326 tangeretur,
1285 4244 1319 4305 in
1343 4245 1515 4306 subiectos
1538 4242 1701 4324 scopulos
1723 4261 1742 4303 e
1762 4258 1846 4321 rupe
1868 4240 1918 4299 de

595 4358 735 4420 miserit.

283 4479 450 4529 Similiter
467 4493 567 4529 meun-
683 4493 713 4550 4.
738 4471 826 4535 Suos
850 4475 976 4537 milites
993 4484 1125 4537 montes
1141 4476 1305 4537 insedisse
1322 4474 1486 4556 Princeps
1501 4474 1730 4555 conspicatus,
1750 4474 1837 4535 actis
1852 4470 1916 4532 Deo

248 4551 324 4600 duim.
594 4589 723 4668 gratiis,
750 4589 940 4670 manipulos
963 4610 1003 4651 eo
1028 4591 1191 4671 perducit.
1216 4586 1285 4653 Sed
1317 4593 1466 4652 immane
1496 4589 1582 4651 adco
1606 4586 1718 4671 frigus
1740 4588 1915 4652 saeviebat,

594 4714 630 4765 ut
654 4705 743 4767 ultra
767 4705 1032 4787 quinquagenos,
1057 4725 1099 4768 eo
1134 4707 1309 4768 constricti
1341 4706 1520 4787 enectique
1547 4705 1706 4776 obierint,
1729 4706 1811 4784 quin
1834 4703 1915 4784 pirae

594 4829 733 4897 possent
757 4819 850 4881 illius
880 4821 1052 4881 diritatem
1084 4839 1252 4882 amovere.
1285 4818 1384 4882 Unus
1415 4838 1530 4882 eorum
1561 4819 1660 4880 iuxta
1694 4837 1728 4900 p.
1754 4815 1913 4880 Francisci

593 4935 775 4996 tentorium
808 4936 931 4996 cecidit
962 4937 1140 5006 exanimis,
1173 4937 1227 4997 cui
1259 4935 1318 4998 ille
1341 4937 1452 4998 solum
1476 4935 1519 4999 ad
1542 4935 1721 5006 tumulum,
1746 4948 1913 5017 puerorum

593 5068 730 5111 suorum
765 5052 963 5122 ministerio,
995 5048 1238 5113 conferendum
1269 5070 1344 5114 esse
1375 5052 1487 5133 potuit
1518 5051 1762 5114 emolumento.
1794 5049 1832 5112 In
1860 5048 1913 5110 bac

593 5166 681 5227 acris
713 5165 930 5229 inclementia
962 5177 1201 5229 montanorum
1228 5168 1361 5229 vexilla
1384 5168 1609 5231 secundarum
1637 5163 1790 5231 saucium
1821 5164 1912 5230 inulto
