4066 6174
568 468 628 529 342
898 458 1171 511 EXPEDITIONIS
1194 458 1456 510 AETHIOPICAE
1479 460 1561 513 ETC.

565 611 661 693 prius
684 628 841 681 annuere,
865 619 903 672 ut
924 610 1065 673 eaedem
1093 618 1273 681 correctae,
1298 629 1319 672 a
1341 609 1577 672 sacerdotibus
1599 609 1665 672 rite
1691 608 1893 671 consecratis

566 735 600 789 et
625 724 829 797 festivitates
852 726 1002 809 antiquis
1024 726 1145 789 diebus
1168 725 1430 795 celebrarentur,
1454 736 1590 807 praeter
1612 724 1745 788 Pascha
1760 734 1794 787 et
1809 744 1893 805 quae

567 841 659 904 illius
682 842 996 923 suntappendices;
1020 861 1096 904 cum
1119 840 1204 903 haec
1228 860 1282 903 res
1304 837 1407 903 fidem
1431 840 1588 923 proxime
1602 842 1779 923 contingat
1800 848 1840 900 ut
1862 840 1891 899 in

567 976 693 1041 magno
715 958 862 1023 concilio
886 956 1039 1019 Nicaeno
1062 955 1248 1027 definitum,
1279 966 1313 1019 et
1343 966 1463 1037 quarta
1487 954 1573 1020 foria
1596 956 1703 1039 ipsius
1734 956 1892 1018 ieiunium
2007 932 2008 995 Ῐ

568 1073 770 1146 amantibus,
794 1092 856 1154 pro
879 1073 978 1135 libito
1001 1082 1091 1135 esset
1113 1072 1277 1135 esurialis.
1295 1071 1439 1136 Monere
1454 1083 1568 1136 tamen
1592 1092 1639 1142 se,
1656 1091 1698 1135 ne
1722 1072 1806 1134 istae
1822 1089 1893 1153 per·

567 1189 746 1252 missiones
776 1186 968 1269 praeconiis
990 1189 1299 1251 committerentur:
1329 1189 1359 1251 si
1389 1185 1448 1251 fiat
1478 1188 1668 1251 haereticos
1690 1187 1893 1270 triumphum

567 1314 702 1367 acturos
724 1314 758 1367 et
782 1304 908 1385 ubique
931 1323 1119 1386 sparsuros,
1143 1303 1340 1368 Romanam
1363 1301 1465 1367 fidem
1490 1304 1557 1367 iam
1581 1324 1656 1367 esse
1678 1306 1848 1386 sepultam
1863 1316 1894 1366 et

567 1419 844 1484 Alexandrinam
869 1420 962 1483 illius
984 1422 1061 1483 vice
1085 1422 1293 1484 suscitatam.

256 1543 441 1595 Praeconium
463 1542 541 1593 luor-
658 1555 686 1615 3.
712 1535 779 1599 His
802 1538 850 1600 ita
869 1537 1072 1607 constitutis,
1089 1536 1288 1599 Patriarcha
1306 1537 1339 1599 in
1356 1534 1563 1607 Enfrazium,
1579 1538 1785 1600 ordinariam
1801 1556 1894 1600 suam

219 1614 354 1752 33ss
363 1613 463 1666 “m
475 1628 541 1678 ⁹¹⁰⁶
567 1653 823 1725 habitationem,
836 1653 991 1716 discessit
1002 1671 1009 1724 ;
1022 1662 1055 1715 et
1071 1650 1272 1734 Imperator,
1289 1652 1408 1715 eadem
1425 1672 1511 1734 pene
1523 1653 1580 1715 via
1591 1654 1713 1717 castris
1728 1672 1895 1735 egressus,

567 1779 603 1830 ut
619 1767 810 1841 Lastenses,
826 1768 897 1833 suis
914 1767 1087 1831 montibus
1102 1778 1268 1831 exeuntes
1283 1778 1317 1831 et
1332 1769 1366 1830 in
1383 1787 1525 1851 regnum
1537 1767 1825 1852 Bagamedrinum
1837 1787 1895 1830 ex·

567 1885 743 1955 undantes,
760 1884 944 1955 cohiberet,
965 1883 1182 1947 Patriarchae
1206 1884 1308 1946 domo
1325 1884 1368 1947 ad
1384 1885 1597 1947 occidentem
1620 1884 1751 1955 relicta,
1767 1886 1811 1946 ad
1833 1904 1895 1947 sex

567 1997 762 2063 vel'novem
780 2000 941 2067 milliaria
964 2001 998 2062 in
1022 1999 1256 2082 superioribus
1279 1998 1502 2082 Oinadeguae
1522 2020 1629 2083 prope
1647 1999 1735 2062 Libo
1756 2012 1893 2070 montes,
2008 2002 2009 2005 ’

567 2114 742 2178 Dancazio
758 2116 801 2178 ad
816 2114 1049 2178 Eu*ronotum
1067 2114 1230 2187 obiectos,
1245 2115 1409 2179 consedit.
1423 2114 1492 2179 Hic
1507 2117 1603 2179 illum
1617 2115 1806 2198 iniquitatis
1817 2135 1894 2178 con·
1917 2118 1933 2167 i.
1945 2124 1982 2167 ¹0²1

568 2230 689 2293 siliarii
714 2232 757 2294 ad
781 2233 1000 2313 praeconium
1026 2232 1216 2294 iaciendum
1244 2231 1444 2314 adegerunt,
1471 2232 1563 2315 quod
1587 2230 1646 2294 fidi
1670 2231 1841 2299 catholici,
1864 2242 1894 2293 et

566 2346 781 2429 praesagium
805 2357 839 2410 et
862 2347 1081 2430 pervigilium
1111 2347 1228 2411 ruinae
1256 2348 1323 2410 iam
1352 2348 1420 2410 iam
1442 2349 1660 2429 properantis
1684 2356 1893 2411 censuerunt

566 2459 662 2525 Licet
685 2464 773 2525 enim
799 2462 988 2545 Imperator
1010 2475 1131 2545 pactos
1150 2482 1226 2525 cum
1243 2462 1442 2526 Patriarcha
1457 2463 1719 2546 permissionum
1735 2465 1894 2527 terminos

567 2596 634 2640 non
653 2578 862 2651 transilierit,
875 2580 1047 2660 praeconii
1064 2577 1234 2642 antistites
1257 2580 1307 2642 sic
1323 2579 1409 2642 illud
1425 2580 1469 2642 ad
1485 2578 1734 2643 haereticorum
1746 2580 1893 2660 palatum

566 2693 776 2767 condierunt,
800 2703 838 2757 ut
860 2695 926 2777 ipsi
950 2695 1081 2758 laetitia
1103 2695 1388 2777 triumphaverint
1404 2705 1438 2758 et
1462 2695 1497 2757 in
1520 2696 1675 2759 diversas
1698 2704 1811 2778 partes
1827 2714 1893 2757 mu·

566 2819 658 2872 tatae
680 2808 760 2873 fidei
784 2811 901 2873 nuntia
924 2809 1108 2880 emiserint,
1132 2820 1166 2873 et
1185 2820 1282 2873 tanta
1305 2809 1370 2874 fuit
1393 2811 1585 2893 aliquorum
1601 2812 1834 2893 improborum
1847 2820 1893 2872 te·
2009 2810 2010 2881 l

566 2926 703 2989 meritas
727 2937 761 2990 et
785 2927 927 2995 audacia
951 2936 987 2990 ut
1007 2947 1040 3008 p.
1057 2926 1218 2999 Didacus,
1235 2929 1293 3009 qui
1310 2928 1431 2990 castris
1446 2927 1625 3007 intererat,
1635 2946 1702 2989 non
1720 2927 1892 3009 proculab

565 3051 722 3105 extremo
743 3044 896 3125 perlculo
916 3041 1075 3106 abfuerit.
1096 3042 1132 3105 A
1150 3063 1219 3124 quo
1239 3042 1438 3106 Patriarcha
1457 3043 1681 3107 incontinenti
1694 3044 1891 3115 admonitus,

567 3177 613 3221 ex
636 3157 737 3221 officii
762 3159 815 3223 sui
837 3160 954 3222 debito
977 3160 1021 3222 ad
1044 3158 1288 3241 Imperatorem
1312 3169 1510 3242 sequentem
1533 3159 1715 3242 epistolam
1731 3160 1891 3229 exaravit,

567 3276 602 3336 in
626 3293 694 3355 qua
717 3285 750 3337 et
773 3276 851 3338 a'liis
873 3275 1026 3338 eiusdem
1054 3276 1098 3338 ad
1114 3274 1357 3357 Imperatorem
1382 3286 1416 3339 et
1432 3276 1653 3357 Imperatoris
1668 3276 1712 3337 ad
1733 3276 1892 3345 eumdem,

566 3409 654 3470 quae
677 3389 840 3471 deinceps
855 3391 996 3453 crebrae
1010 3401 1189 3471 ponentur,
1206 3391 1250 3453 ad
1273 3392 1453 3454 veritatem
1477 3393 1513 3454 in
1528 3391 1612 3472 ipsis
1627 3387 1781 3453 fontibus
1794 3410 1893 3473 agno-

566 3505 737 3578 scendam,
760 3504 991 3587 aethiopicum
1014 3505 1142 3588 stylum
1168 3506 1201 3568 in
1219 3507 1383 3588 gravibus
1405 3507 1560 3588 personis
1583 3525 1643 3588 per
1669 3508 1805 3569 tertiam
1824 3506 1892 3587 plu-

567 3620 649 3682 ralis
659 3622 788 3684 numeri
801 3621 1015 3702 alloquendis
1027 3641 1240 3703 nequaquam
1253 3622 1520 3693 observabimus,
1530 3623 1592 3685 sed
1603 3633 1719 3685 nostro
1727 3621 1892 3685 scribendi

565 3754 691 3818 genere
715 3746 857 3801 utemur.

255 3862 431 3913 Pamisum
461 3862 539 3927 ept-
656 3874 684 3928 4.
711 3852 921 3936 Quamquam
945 3854 982 3916 V.
1001 3853 1181 3918 Maiestati
1192 3855 1374 3918 annuerim
1390 3858 1431 3918 iit
1444 3859 1585 3938 quartae
1597 3852 1720 3941 feriae
1735 3854 1893 3918 ramnum

218 3934 301 3984 '⁰⁰¹⁸'
566 3967 701 4031 servari
714 3974 835 4053 posset,
859 3969 1017 4053 antiquae
1041 3969 1205 4056 liturgiae
1227 3970 1376 4045 recitari,
1398 3969 1457 4033 aa
1480 3969 1525 4033 iis
1541 3969 1795 4044 nunditiam‘bus,
1817 3988 1894 4054 quae

566 4082 604 4145 i'n
628 4082 780 4166 ipsarum
814 4078 929 4161 fronte
954 4090 1038 4149 sunt
1066 4084 1265 4170 obsignatae,
1296 4085 1525 4149 solemni'tatm
1554 4085 1600 4149 iis
1628 4084 1744 4150 autin
1768 4083 1892 4170 peragi}

566 4198 685 4281 qni'biis
707 4198 908 4283 anti‘qui'tus,
931 4206 1064 4284 excepto
1085 4200 1252 4264 Paschate
1274 4206 1308 4264 et
1329 4200 1376 4264 iis
1398 4221 1482 4285 quae
1503 4201 1614 4285 i'ptiiun
1640 4205 1893 4285 consequuntur,

565 4314 682 4377 statim
713 4314 810 4378 illam
849 4315 1036 4379 cautionem
1075 4314 1224 4386 adhibui,
1263 4337 1306 4380 ne
1343 4315 1467 4379 iithaec
1499 4315 1691 4401 praeconiis
1728 4315 1828 4379 iactu
1860 4314 1893 4377 in

574 4429 611 4492 V.
637 4430 834 4495 Maiestatis
855 4437 1044 4495 castrorum
1065 4432 1175 4515 parti's
1199 4432 1483 4518 transigerentur.
1501 4431 1574 4513 Qui
1585 4431 1676 4494 enim
1692 4430 1759 4495 illa
1774 4431 1895 4494 iaciunt

566 4543 613 4607 ad
631 4566 731 4607 suum
754 4545 934 4609 arbitrium
959 4552 1186 4632 contorquent,
1210 4547 1272 4631 qni
1291 4548 1441 4611 audiunt
1461 4568 1505 4611 ex
1526 4568 1586 4611 siro
1609 4568 1710 4612 serisii
1737 4548 1892 4633 interpre-

566 4664 697 4723 tantur.
724 4662 825 4743 Quoa’
845 4683 934 4727 nunc
957 4664 1073 4727 eaeni't.
1099 4664 1181 4727 Etsi
1199 4664 1290 4728 enim
1313 4684 1372 4750 ega
1394 4669 1505 4727 certus
1519 4663 1584 4728 sim
1615 4664 1653 4728 V.
1684 4663 1891 4727 Maiestatem

565 4777 607 4840 ab
630 4797 666 4839 ea
688 4778 777 4861 quod
796 4777 889 4842 inter
912 4800 972 4842 rios
993 4785 1187 4843 conventum
1197 4778 1326 4866 fuerat
1349 4801 1391 4843 ne
1416 4779 1524 4844 latum
1539 4800 1689 4866 umquem
1703 4778 1893 4844 dr'scessissr.

565 4891 629 4954 huc
658 4894 831 4977 perlatum
855 4900 890 4956 et
911 4899 980 4957 tota
1015 4896 1082 4957 iam
1108 4895 1288 4980 Aethibpia
1310 4895 1579 4971 diiseminatiim,
1599 4896 1781 4980 praeconia
1811 4892 1893 4958 iridi·

563 5012 652 5071 ctum
670 5007 790 5095 fuisse
812 5015 852 5073 ut
873 5012 986 5074 cuncti
1007 5011 1045 5075 in
1062 5016 1245 5096 parentum
1270 5031 1408 5075 suarum
1422 5011 1533 5095 fidem
1557 5008 1824 5098 regrederentur,
1849 5007 1893 5072 it·
