4066 6174
520 648 645 703 muna
666 647 836 703 carinum
860 647 965 700 urant
988 647 1001 698 1
1024 647 1073 699 nr
1095 646 1135 699 rr.
1430 622 1491 712 3'97

160 814 229 850 rores
246 799 281 850 de
299 801 404 851 animae
422 810 512 851 natura
530 809 556 851 et
573 800 693 860 statibus,
710 816 736 866 p.
756 796 798 852 62.
817 826 844 837 -
860 808 884 860 3.
898 797 1114 848 circumcisionis
1126 795 1271 861 frequentia
1285 801 1311 844 et
1323 792 1496 843 causationes.

161 889 269 940 Sahbatl
288 891 358 941 iuter
375 904 420 940 eos
436 889 607 942 observantia.
625 893 712 940 Areae
731 889 758 939 in
771 887 876 955 templis
894 896 919 938 et
932 902 992 937 arae
1011 886 1122 950 ligneae,
1140 901 1166 951 p.
1186 881 1228 934 62.
1242 910 1274 923 -
1289 896 1314 946 4.
1327 881 1498 933 continuatio

160 989 185 1028 et
203 980 330 1030 Extrema
348 980 444 1031 Unctio
464 980 526 1045 ipsis
544 980 656 1043 ignotae.
675 979 707 1029 In
721 978 857 1044 Baptismo
869 978 936 1027 vasti
955 990 1061 1035 errores,
1079 990 1105 1041 p.
1125 971 1168 1037 63.
1182 1001 1215 1013 -
1230 984 1254 1038 5.
1268 971 1498 1038 RebaptIzntionis

162 1068 284 1121 auiditas.
303 1070 459 1135 Vespertina
477 1070 647 1135 praeparatio.
666 1069 798 1120 Matutina
810 1067 947 1117 celebritas
965 1064 1178 1131 rebaptizationis
1196 1064 1316 1114 Abuuae.
1330 1061 1499 1128 Imperatoris

162 1158 378 1223 rebaptiaatIonis
395 1159 467 1210 ritus.
486 1157 553 1209 Oleo
570 1159 702 1209 communi
720 1156 983 1223 aquas‘periundunt‚
1001 1171 1028 1221 p.
1047 1152 1090 1216 63.
1109 1181 1143 1191 -
1162 1151 1186 1204 6.
1206 1152 1238 1202 In
1253 1160 1418 1203 sacramento-
1433 1151 1500 1201 Poe·

162 1247 290 1298 nitentiae
307 1262 414 1299 errores.
433 1251 505 1298 Ante
523 1247 646 1298 mulctam
665 1247 824 1313 persolutam
837 1260 914 1295 nemo
929 1244 1147 1295 communicabat.
1166 1242 1313 1293 Restitutio
1330 1240 1399 1292 211111
1417 1241 1499 1306 Impe-

162 1337 278 1388 sabatur.
295 1337 408 1388 Formae
425 1337 602 1387 Poenitentiae
615 1336 755 1402 ignoratio.
773 1351 798 1401 p.
818 1336 861 1398 b4.
874 1360 903 1375 -
924 1343 947 1395 7.
965 1332 1148 1384 Eucharistiae
1160 1331 1268 1382 materia
1280 1330 1349 1396 apud
1367 1345 1412 1380 eoa
1423 1330 1500 1395 panis

163 1426 334 1477 fermentatus
352 1434 379 1477 et
397 1441 463 1491 aqua
482 1426 573 1492 paucis
596 1426 653 1476 urla
672 1425 752 1475 aridis
776 1431 913 1483 macerata.
931 1439 957 1489 p.
977 1420 1020 1487 65.
1045 1449 1080 1460 —
1105 1420 1129 1473 8.
1148 1421 1205 1471 Nec
1225 1419 1428 1471 subdiaconatus
1454 1432 1501 1469 nec

166 1517 283 1566 minores
300 1514 405 1565 ordines
423 1515 491 1580 apud
510 1531 555 1565 eos
573 1516 599 1564 in
619 1529 676 1574 usu,
697 1529 723 1580 p.
743 1511 786 1566 66.
805 1541 839 1550 -
858 1525 884 1574 9.
897 1511 1067 1563 conditiones
1084 1510 1118 1559 ad
1130 1510 1335 1576 presbyteratum
1354 1509 1501 1574 requisitae.

166 1605 326 1655 Abunarum
340 1619 434 1654 munus
451 1612 478 1654 et
494 1603 589 1663 studia.
607 1619 632 1669 p.
652 1601 695 1656 66.
714 1630 748 1640 -
774 1614 813 1653 10.
832 1604 943 1654 Abunae
962 1618 978 1651 a
998 1601 1059 1650 divo
1080 1598 1232 1650 Frumentio
1252 1599 1284 1649 ad
1306 1599 1439 1649 Simonem
1458 1607 1501 1665 95.

166 1693 256 1743 Fundi
268 1693 465 1758 patrimoniales
483 1694 604 1753 Abuuae,
616 1708 642 1759 p.
655 1691 698 1753 67.
711 1719 743 1730 -
762 1704 801 1744 11.
819 1692 973 1742 Abunarum
993 1690 1131 1756 imperitia.
1149 1689 1275 1739 Notabile
1287 1689 1407 1740 inscitiae
1418 1703 1503 1739 exem-

165 1781 250 1847 plum,
268 1796 295 1848 p.
314 1779 357 1842 67.
382 1808 408 1821 -
433 1794 473 1834 12.
491 1783 646 1833 Abunarum
659 1780 750 1834 libido.
770 1781 898 1832 Proianus
910 1794 1035 1845 equorum
1047 1786 1193 1830 transactor
1206 1776 1370 1845 patriarchae
1387 1778 1504 1830 Aliouso

165 1873 332 1936 subrogatus,
350 1886 376 1937 p.
395 1867 438 1921 68.

169 2083 304 2149 CAPUT
327 2083 408 2148 VH.
432 2120 476 2135 -
502 2085 712 2150 Monostioae
733 2083 823 2149 oriae
845 2085 883 2149 in
906 2083 1092 2171 Aethiopia
1114 2083 1209 2171 origo
1245 2131 1252 2146 .
1299 2103 1378 2169 pag.
1402 2086 1502 2165 (op-75

260 2257 462 2308 summarium.
485 2268 507 2306 1.
520 2255 665 2307 Monachus
677 2270 763 2305 aecum
776 2256 803 2305 iu
816 2255 985 2320 Aethiopiam
1000 2256 1154 2320 importasse
1171 2255 1273 2305 uidetur
1290 2269 1311 2306 s.
1330 2255 1506 2313 Frumentius,

218 2340 263 2405 69.
281 2371 316 2382 —
337 2356 360 2395 2.
379 2349 460 2396 Anno
478 2344 575 2396 Christi
594 2355 644 2411 372
664 2344 847 2395 monachorum
866 2345 892 2393 iu
910 2343 1053 2409 Aethiopia
1071 2343 1222 2403 multitudo,
1239 2359 1265 2410 p.
1285 2342 1327 2405 69.
1341 2371 1375 2382 -
1389 2355 1415 2406 3.
1427 2349 1507 2395 Auno

172 2441 227 2495 470
244 2433 285 2482 vel
305 2433 359 2497 480
377 2435 460 2484 maior
478 2433 583 2483 illorum
607 2433 773 2497 restagnatio.
797 2434 1033 2483 Amumltanorurn
1059 2432 1191 2482 annalium
1217 2433 1402 2485 testimonium.
1421 2434 1508 2484 Teati·

174 2523 293 2572 monium
312 2538 342 2572 es
360 2524 415 2573 vita
432 2523 511 2573 Abbi
529 2522 610 2573 Tecla
626 2523 780 2580 Haimanot,
799 2537 825 2588 p.
844 2533 886 2587 70.
906 2549 936 2559 -
959 2535 982 2585 4.
1002 2524 1043 2571 Ex
1059 2520 1169 2572 historia
1187 2537 1207 2573 s.
1227 2521 1358 2572 Eleahaan
1377 2522 1509 2587 colligitur

173 2618 279 2672 tempus
297 2611 423 2662 adventus
441 2626 533 2661 nouem
549 2610 742 2664 monachorum.
755 2612 830 2661 Unus
842 2610 955 2669 illorum,
968 2610 1121 2669 Pantaleon,
1134 2611 1237 2661 virebat
1249 2626 1317 2661 anno
1336 2609 1433 2663 Christi
1448 2620 1518 2676 522,¹

175 2715 202 2765 p.
223 2708 265 2759 70.
284 2728 319 2736 —
340 2710 364 2765 5.
381 2699 484 2750 Novem
503 2699 542 2748 illi
568 2699 689 2749 monachi
716 2715 764 2750 uec
790 2715 821 2749 ea
848 2699 1165 2764 ordineAuguatiniano,
1193 2714 1240 2750 nec
1267 2715 1296 2749 aa
1314 2699 1510 2750 Praedicatorio

175 2802 237 2838 esee·
249 2798 397 2854 potuerunt.
415 2788 500 2839 Series
518 2788 551 2837 ab
563 2788 604 2838 hls
616 2787 751 2839 monachis
769 2788 894 2854 usquead
913 2788 995 2839 Tecla
1006 2787 1160 2841 Haimanot.
1178 2788 1258 2839 Tecla
1269 2789 1415 2839 Haimanot
1433 2797 1510 2839 natus

177 2886 237 2943 post
256 2893 352 2929 annum
371 2875 431 2930 hoo.
445 2877 582 2927 Beniamin
595 2877 788 2929 Alexandrinus
800 2877 945 2929 haereticus
956 2876 1059 2928 vivebat
1071 2893 1139 2928 anno
1152 2875 1213 2939 630,
1231 2892 1257 2942 p.
1277 2888 1319 2943 71.
1333 2905 1366 2915 -
1381 2875 1406 2930 6.
1418 2882 1511 2942 Augu-

177 2967 285 3017 stIniani
304 2981 361 3016 esse
379 2975 498 3032 poterant
517 2966 557 3015 illl
576 2966 696 3016 monachi
717 2968 839 3032 temporis
856 2968 964 3018 ratione.
983 2968 1065 3025 Rum‚
1083 2982 1136 3016 non
1154 2967 1243 3016 Roma
1261 2975 1308 3026 est,
1327 2966 1374 3017 aed
1388 2966 1510 3021 Thracia.

177 3056 208 3106 In
228 3056 361 3105 Orientem
381 3054 980 3123 121011110ὴί12Α121211110112212211122,ρ.72.
1004 3084 1038 3094 -
1064 3054 1089 3109 8.
1107 3056 1302 3120 Europaeorum
1324 3054 1510 3106 monachorum

178 3144 252 3194 nulla
271 3144 366 3194 notitia
385 3145 411 3193 in
430 3143 582 3209 Aethiopia.
602 3143 662 3193 Non
682 3153 720 3194 est
737 3160 783 3194 cur
800 3154 941 3210 europaeae
964 3145 1102 3208 religiones
1119 3159 1167 3210 pro
1192 3141 1327 3194 monachis
1345 3143 1512 3210 Aethiopicis

179 3233 319 3292 decertent,
339 3249 364 3298 p.
385 3243 427 3294 73.
447 3260 477 3271 —
499 3245 523 3299 9.
542 3233 569 3285 S.
588 3234 728 3292 Antonius,
741 3235 900 3284 monasticae
912 3236 981 3284 vitae
998 3243 1100 3291 auctam
1118 3234 1199 3283 Tecla
1217 3234 1362 3284 Haimanot
1379 3242 1405 3284 et
1417 3234 1512 3284 Eusta-

177 3322 252 3372 theus
271 3333 461 3388 propagatores.
481 3320 669 3372 Monachorum
688 3322 779 3386 ingens
797 3323 945 3381 auctoritas,
967 3338 992 3388 p.
1014 3332 1054 3384 73.
1080 3351 1110 3360 ·-
1136 3334 1176 3374 10.
1196 3323 1312 3372 Habitus
1330 3322 1396 3372 nulli
1419 3332 1512 3376 certus.

178 3411 275 3461 Nullus
293 3419 411 3461 uotorum
429 3425 517 3469 nexus,
536 3426 560 3475 p.
582 3420 623 3473 74.
643 3438 676 3447 -
700 3423 738 3463 11.
758 3412 864 3461 Curiam
883 3412 967 3476 magia
985 3427 1062 3476 quam
1082 3412 1208 3462 coenobia
1233 3412 1405 3476 frequentant,
1423 3428 1448 3477 p.
1470 3421 1512 3476 75.

180 3621 313 3686 CAPUT
338 3622 436 3686 VIII.
459 3659 503 3673 -
525 3623 797 3709 Aethiopicorum
820 3625 1070 3710 Imperatorum
1093 3646 1114 3688 a
1135 3625 1305 3691 Memlech
1320 3626 1514 3691 Salmonis

262 3738 346 3822 filio
369 3739 417 3803 aa'
435 3744 552 3804 nostra
576 3744 724 3824 tempora
747 3739 919 3825 calalogus
920 3788 1260 3807 .......
1307 3761 1386 3826 pag.
1413 3760 1512 3823 7779

271 3909 472 3960 summarium.
496 3921 516 3962 1.
536 3910 575 3958 Er
594 3909 692 3973 duplici
719 3909 907 3974 Imperatorum
929 3909 1049 3973 catalogo
1067 3926 1146 3960 unum
1170 3911 1349 3970 conflabimus,
1368 3926 1393 3977 p.
1416 3920 1456 3973 77.
1484 3940 1514 3949 -

182 4010 207 4050 2.
228 3999 401 4063 Imperatores
420 4015 434 4047 a
453 3996 586 4051 Menllech
605 3998 638 4047 nd
657 3998 796 4051 Christum.
816 4002 842 4048 A
862 3997 960 4048 ChrIstl
980 4006 1038 4049 ortu
1063 4000 1096 4049 ad
1120 4001 1298 4066 episcopatum
1320 4017 1340 4054 s.
1359 4002 1514 4059 Frumentii,

181 4103 208 4153 p.
229 4094 270 4146 77.
292 4116 325 4123 -
345 4096 369 4148 3.
384 4087 571 4137 Monachorum
585 4102 615 4136 ex
629 4089 751 4151 Aegypto
763 4095 789 4137 et
801 4087 872 4135 Rurn
886 4088 1017 4146 adrentus,
1033 4103 1058 4152 p.
1080 4085 1121 4148 78.
1136 4114 1166 4125 -
1182 4102 1206 4152 4.
1225 4090 1347 4155 Regnum
1366 4091 1400 4159 ab
1418 4091 1515 4140 Israele

181 4175 215 4225 ad
234 4176 350 4238 Zagueos
370 4176 468 4235 transit,
487 4190 512 4240 p.
533 4175 574 4241 78.
596 4202 626 4213 —
648 4186 672 4240 5.
692 4176 756 4225 Zara
774 4176 854 4225 Iacob
873 4178 976 4228 virebat
995 4185 1109 4242 tempore
1127 4178 1232 4227 concilii
1251 4179 1403 4232 Florentlni.
1423 4180 1515 4229 Petrus

182 4263 366 4314 Convillanius
386 4264 448 4330 [sic]
468 4265 517 4314 sub
535 4265 670 4314 Escandro
689 4265 714 4313 in
732 4263 902 4330 Aethiopiam
914 4274 954 4316 est
967 4266 1104 4330 ingressus,
1123 4281 1148 4330 p.
1169 4265 1209 4326 78.
1233 4294 1259 4304 —
1277 4264 1301 4318 6.
1315 4266 1516 4334 christophorus

183 4369 199 4403 a
217 4354 302 4403 Gamo
320 4352 369 4402 sub
387 4353 509 4406 Claudio.
527 4354 616 4403 Seltan
634 4353 766 4416 Seguedus
784 4352 913 4413 sociatus,
930 4368 956 4419 p.
977 4362 1017 4421 79.

184 4547 317 4612 CAPUT
341 4546 407 4612 IX.
431 4583 475 4597 -
498 4545 657 4611 Foederzs
680 4547 771 4611 z'uter
793 4546 978 4610 Lusitanos
1000 4549 1229 4612 elAbassinos
1247 4551 1340 4638 origo
1358 4551 1518 4637 illiusque

271 4669 448 4749 processus
469 4683 572 4747 usque
594 4663 642 4726 ad
661 4661 812 4746 auspicia
834 4665 934 4747 regui
952 4662 1075 4726 Seltou
1097 4662 1247 4748 Seguedi
1264 4666 1426 4730 Socimhs.

1312 4800 1390 4866 pag·
1416 4788 1518 4866 8¹·90

277 4949 479 5000 Summarlum.
503 4960 524 4999 1.
550 4946 736 5011 Propagandae
755 4945 814 4996 fidei
841 4947 955 4997 studium
975 4947 1114 4996 Lusitanos
1137 4961 1195 4997 cum
1219 4949 1358 4999 Abasaiuis
1376 4953 1518 5006 coniunxit.

186 5039 257 5089 Mari
277 5053 322 5088 eos
340 5038 460 5103 princeps
478 5036 607 5087 Hearicus
626 5044 651 5084 et
670 5050 711 5084 rex
730 5036 882 5086 Emmanuel
901 5038 1072 5101 quaesierunt.
1097 5037 1176 5085 Terra
1195 5038 1306 5087 Ioannes
1324 5054 1367 5088 rex
1386 5041 1414 5088 II
1433 5043 1519 5092 missis

184 5126 401 5194 exploratoribus.
421 5142 446 5191 p.
467 5125 509 5178 81,
530 5154 546 5161 -
583 5137 606 5175 2.
626 5124 707 5173 Paivn
735 5123 904 5189 Aethiopiam
934 5124 1016 5174 tenuit
1034 5134 1060 5173 et
1078 5124 1178 5174 rediens
1198 5125 1314 5191 Memphi
1334 5128 1408 5180 obiit.
1431 5128 1520 5181 Covil-

186 5217 274 5267 lanius
293 5231 325 5266 er.
344 5214 421 5263 India
440 5215 542 5264 rediens
555 5214 650 5263 Paivae
663 5214 847 5263 commentaria
860 5222 886 5263 et
899 5214 1004 5264 loannis
1018 5213 1047 5261 II
1060 5212 1181 5261 mandata
1193 5213 1309 5279 Memphi
1322 5217 1425 5281 reperit,
1438 5233 1463 5282 p.
1476 5216 1519 5275 82.
1534 5277 1542 5285 ι
