4166 6182
744 576 798 623 AD
822 575 1028 625 LECTOREM
1513 586 1551 645 19

215 721 409 793 FaciladaS,
427 722 461 783 in
478 723 574 785 cuius
590 721 688 784 initio
704 732 820 804 aperte
837 723 1022 796 denuntiat,
1039 744 1155 788 senec
1172 727 1346 788 discedere
1362 747 1472 807 posse,
1490 746 1552 789 nec

214 839 335 900 saltem
360 848 398 900 ut
422 837 576 900 discedat
598 838 696 900 vultu
719 857 868 901 annuere
884 838 939 922 (1).
965 838 1134 901 Plurimas
1157 840 1282 901 deinde
1305 842 1340 901 in
1363 840 1451 902 hanc
1475 860 1552 903 sen-

213 954 357 1016 tentiam
381 963 503 1035 agerat
519 953 592 1036 [sic]
609 956 768 1018 rationes
793 951 879 1017 Cum
903 963 1024 1036 postea
1040 954 1230 1017 Fremonae
1247 977 1267 1018 a
1282 958 1378 1038 regio
1394 967 1552 1018 senatore

213 1081 245 1133 et
267 1070 428 1153 Tigraeis
451 1070 607 1152 dynastis
631 1072 675 1133 ad
698 1090 873 1154 egressum
890 1090 934 1131 ex
950 1071 1054 1132 domo
1071 1081 1256 1151 urgeretur,
1273 1081 1468 1133 constanter
1491 1073 1551 1134 ob·

212 1186 300 1248 stitit
310 1185 354 1267 (2)
372 1186 518 1268 illosque
534 1185 728 1248 vehementi
744 1185 908 1257 oratione,
926 1186 1088 1268 signatim
1104 1204 1186 1247 vero
1203 1186 1263 1246 illa
1287 1186 1322 1247 in
1345 1184 1412 1248 fine
1436 1197 1550 1248 conte·

211 1302 360 1364 statione
384 1301 547 1365 deterruit
559 1301 612 1383 (3).
638 1301 703 1363 Vos
725 1302 861 1364 landem
884 1321 994 1364 coram
1015 1300 1090 1363 Dca
1114 1300 1263 1363 amacium
1286 1300 1394 1363 iccclicc
1411 1301 1552 1365 ablcslar

211 1416 430 1480 accaccvcllc
451 1436 511 1479 acc
527 1423 625 1500 posse
647 1416 686 1478 ab
709 1415 771 1479 lcac
794 1417 945 1479 Ecclesia
967 1416 1034 1478 laco
1050 1436 1108 1478 ncc
1130 1415 1276 1479 dc'acclic
1291 1416 1471 1502 segregari,
1493 1437 1552 1479 acc

210 1532 310 1595 cslua'
322 1537 457 1595 lantum
482 1532 574 1594 nolle
596 1529 655 1595 scd
674 1536 709 1594 cl
722 1532 835 1594 debera
853 1551 927 1597 cum
943 1532 1056 1594 cadem
1072 1536 1105 1594 cl
1119 1531 1157 1593 in
1173 1532 1286 1594 cadam
1302 1532 1349 1594 acl
1360 1537 1550 1595 extremam

212 1668 318 1731 usquc
339 1648 502 1732 spiritam
520 1654 730 1732 parmanere,
742 1651 777 1709 cl
797 1647 832 1709 si
845 1652 988 1731 propter
1008 1647 1117 1731 ipsam
1139 1647 1230 1710 vilae
1254 1647 1419 1709 iacturam
1429 1647 1551 1733 facecc

210 1770 293 1848 opus
316 1768 407 1828 csscl.
435 1763 549 1845 (Quid
568 1784 672 1826 anam
696 1765 866 1827 ciamare?
889 1763 936 1825 Si
950 1763 1072 1846 placas
1094 1762 1245 1826 haberem
1260 1763 1382 1847 placas
1397 1762 1550 1846 &sucida-

115 1930 121 1944 .
166 1932 172 1945 .
210 1880 300 1961 cem)
328 1879 375 1941 Si
385 1900 463 1942 vcro
479 1879 615 1941 animus
630 1878 719 1941 vobis
734 1884 786 1941 csl
799 1878 1009 1962 experiundi
1020 1899 1119 1963 qaam
1142 1877 1225 1941 *sim
1243 1877 1281 1940 in
1304 1876 1365 1940 lcac
1379 1878 1551 1941 voluntate

209 1995 421 2078 obfirmatus,
444 2015 486 2057 cn
509 2015 631 2056 manus
654 1993 783 2057 habclc's
798 1995 846 2056 acl
864 1966 1025 2066 manicas,
1044 1995 1146 2078 pedes
1166 1991 1213 2057 al
1232 1994 1407 2077 compedes,
1423 1992 1551 2079 fauces

209 2109 256 2173 ad
268 2109 396 2196 farrea
410 2107 545 2196 focalia
567 2114 601 2173 cl
618 2110 761 2195 gladios,
781 2115 898 2194 paclus
913 2108 958 2173 acl
975 2111 1088 2173 amnia
1105 2115 1274 2173 tormenta
1289 2115 1548 2194 praeparatam.

210 2225 297 2288 Cam
320 2225 410 2289 caim
434 2246 486 2287 mc
509 2223 554 2287 ad
574 2224 632 2287 lzcc
656 2224 791 2288 Clcrcsli
810 2225 961 2289 charitas
983 2231 1112 2313 argcal,
1136 2226 1237 2289 nulla
1259 2226 1408 2311 corporis
1423 2227 1550 2289 cracia-

209 2346 326 2404 mcnla
342 2361 394 2403 mc
417 2340 458 2403 ab
472 2340 535 2403 lcac
550 2340 707 2411 Ecclesia,
727 2341 807 2404 liccl
820 2346 898 2405 orla
913 2347 949 2405 cl
962 2342 1068 2405 colora
1082 2341 1309 2426 Acllccapissa,
1325 2346 1447 2426 sponsa
1462 2341 1555 2405 milli

208 2456 245 2519 in
270 2455 408 2519 Clcrcslc
430 2461 465 2519 ct
484 2461 626 2540 propter
657 2455 833 2520 Christum
860 2456 1088 2532 dilectissima,
1111 2458 1281 2531 dcacllcnl,
1313 2458 1386 2522 nt‘si
1409 2458 1551 2543 pedibas

206 2573 261 2636 vcl
281 2573 410 2636 obtorto
432 2573 514 2635 collo
538 2578 723 2657 castulum,
739 2579 773 2636 cl
793 2571 1043 2637 dehonestatam
1066 2573 1247 2638 abclucalis.
1264 2574 1324 2638 Ad
1340 2594 1426 2656 quae
1442 2576 1549 2636 verba

206 2690 330 2753 ultima
353 2700 535 2770 utrumque
560 2690 726 2771 poplitem
752 2691 785 2752 in
809 2700 900 2752 terra
925 2689 1107 2753 defiximus
1130 2701 1163 2753 et
1186 2701 1371 2771 quotquot
1395 2692 1550 2763 aderant,

206 2816 347 2888 stupore
372 2807 531 2887 correpti,
554 2806 658 2889 longo
673 2805 839 2887 temporis
863 2807 975 2887 spatio
994 2808 1243 2879 obmutuerunt,
1261 2817 1295 2869 et
1310 2808 1404 2868 illius
1419 2806 1547 2869 decreti

205 2921 368 2984 executio
393 2941 499 3002 usque
523 2922 567 2984 ad
591 2941 716 2983 novum
738 2921 962 3003 Imperatoris
988 2940 1187 3003 responsum
1215 2932 1267 2985 est
1294 2921 1502 3005 prorogata(
1526 2922 1547 3002 l.

205 3036 309 3118 Quod
325 3056 405 3099 cum
430 3037 554 3100 nostris
570 3036 661 3099 votis
677 3038 908 3100 adversarium
925 3034 1075 3100 futurum
1091 3037 1254 3100 sciremus
1267 3042 1321 3119 (5¹,
1345 3049 1546 3100 nocturnam

205 3151 327 3236 fugam
351 3153 547 3215 Fraemona
570 3154 812 3216 adomavimus
835 3163 869 3217 et
892 3152 1138 3235 capessivimus
1165 3164 1199 3216 et
1229 3154 1430 3225 Adicotam,
1460 3174 1548 3235 quae

204 3287 309 3350 rupes
332 3277 384 3331 est
402 3268 495 3331 invia
519 3270 553 3330 in
577 3269 757 3350 provincia
780 3268 940 3332 Burrensi
964 3278 998 3332 et
1021 3270 1212 3349 aquilarum
1238 3269 1346 3341 nidus,
1370 3271 1548 3332 advolavi·

204 3403 281 3447 mus
294 3384 339 3467 (6)
364 3403 468 3464 equa
492 3403 554 3446 nos
577 3383 731 3446 ciborum
748 3393 781 3447 et
797 3404 906 3466 aquae
928 3387 1071 3466 penuria
1093 3384 1318 3466 propulsavit,
1338 3385 1448 3446 etalii
1465 3386 1548 3447 ube-

203 3499 286 3563 riori
312 3498 486 3562 commisit
498 3499 553 3581 (7).
577 3498 664 3561 Cum
688 3519 772 3562 vero
796 3520 858 3562 nos
882 3520 926 3562 ex
947 3500 1007 3561 illa
1031 3500 1209 3562 insommis
1229 3499 1450 3581 Imperatoris
1466 3500 1547 3562 soli·

203 3616 323 3678 citudo
339 3625 374 3677 et
390 3616 586 3687 cuiusdam,
603 3635 704 3695 quem
727 3613 832 3677 fidum
849 3625 1030 3696 patronum
1047 3617 1198 3677 omnium
1215 3617 1403 3678 amicorum
1419 3615 1547 3678 iudicio

203 3729 358 3794 futurum
379 3731 614 3801 censebamus
639 3730 789 3812 proditio
806 3730 994 3811 depulisset
1010 3739 1044 3792 et
1059 3730 1178 3793 addito
1194 3741 1351 3793 senatore
1367 3732 1402 3792 in
1417 3729 1548 3793 Turcas

202 3846 435 3909 instimularet
447 3844 501 3927 (8),
527 3854 607 3908 ante
630 3866 732 3927 quam
758 3845 836 3908 viae
859 3865 922 3908 nos
945 3847 1158 3918 dederemus,
1174 3846 1318 3908 eundem
1338 3847 1546 3927 proditorem

203 3976 237 4023 et
266 3970 462 4023 senatorem
490 3961 589 4024 exilii
621 3972 797 4025 coactores
828 3959 1048 4043 interrogavi,
1080 3981 1160 4024 num
1199 3961 1286 4024 illud
1324 3961 1547 4043 Imperatoris

203 4078 407 4140 mandatum
435 4076 583 4158 aliquem
613 4095 805 4160 regressum
832 4078 984 4151 haberet,
1011 4097 1156 4160 cumque
1190 4078 1257 4160 ipsi
1292 4078 1546 4160 respondissent

202 4193 337 4255 nullum
357 4193 422 4254 nisi
436 4193 478 4254 ad
491 4212 590 4254 suum
604 4193 757 4275 iugulum
771 4196 815 4258 ab
827 4194 1038 4275 Imperatore
1050 4194 1304 4275 amputandum,
1318 4193 1347 4256 si
1359 4194 1546 4274 quidquam

201 4308 443 4377 dormitarent,
467 4308 575 4370 multa
598 4308 730 4381 adiieci,
747 4318 784 4371 ut
801 4308 881 4372 illos
896 4310 941 4371 ab
956 4309 1159 4372 executione
1175 4310 1330 4391 urgenda
1346 4328 1543 4382 avocarem;

200 4440 350 4502 quorum
375 4422 622 4484 audiendorum
656 4423 841 4504 impatiens
871 4434 1008 4486 senator
1042 4424 1188 4486 dicentis
1212 4426 1318 4487 verba
1342 4426 1487 4506 abrupit,
1512 4433 1546 4486 et

201 4537 336 4601 itineris
363 4536 545 4599 exordium
570 4538 737 4601 militibus
760 4549 794 4601 et
819 4540 1027 4601 mulionibus
1051 4539 1171 4602 edixit.
1197 4538 1287 4619 Quid
1312 4550 1392 4602 tunc
1416 4537 1545 4602 facien·

200 4654 283 4715 dum
308 4653 552 4716 Patriarchae?
574 4652 616 4715 In
639 4674 735 4727 saxo,
760 4656 853 4736 quod
877 4654 1059 4727 insidebat,
1083 4655 1291 4718 haerendum
1312 4666 1345 4717 et
1361 4656 1544 4718 dicendum

200 4789 238 4831 se
255 4771 338 4831 inde
355 4787 424 4830 non
439 4770 719 4849 progressurum?
743 4769 816 4831 Nec
832 4780 1026 4832 sanctorum
1042 4781 1176 4851 patrum
1196 4770 1334 4853 Ignatii,
1350 4770 1545 4840 Athanasii,

291 4986 330 5043 (1)
359 4979 420 5031 le.
440 4989 465 5040 3,
484 4994 541 5044 cap.
560 4994 585 5042 4,
605 4996 630 5044 n,
653 4992 675 5028 1.
704 5008 737 5017 —
766 4983 802 5042 (2)
823 4982 881 5032 Lib.
903 4993 927 5047 3,
946 4997 1003 5046 cap.
1026 4980 1066 5047 16,
1086 4998 1110 5034 n.
1133 4995 1155 5033 ι.
1178 5010 1211 5019 -
1237 4986 1274 5043 (3)
1300 4982 1381 5041 Ibld.,
1406 4999 1432 5035 n.
1457 4982 1481 5032 8.
1510 5011 1542 5020 -

201 5074 243 5132 <al
264 5072 325 5123 Lib.
346 5081 372 5132 3,
392 5085 451 5134 cap,
473 5079 513 5129 17,
532 5086 556 5119 n.
577 5080 600 5121 rt.
620 5098 654 5106 -
672 5072 711 5135 (5)
730 5072 808 5129 Ibld.,
828 5088 853 5124 n,
875 5080 898 5129 7,
920 5098 948 5108 -
971 5070 1184 5136 (6)1btd.,cap.
1207 5084 1246 5133 19,
1266 5088 1291 5121 n.
1312 5083 1335 5136 5.
1355 5101 1388 5109 —
1407 5072 1446 5138 (7)
1465 5073 1546 5130 Ibld.,

207 5176 232 5209 n.
253 5156 279 5218 6,
301 5170 325 5219 7.
344 5186 380 5196 -
401 5156 441 5219 (8)
459 5157 538 5217 Ibld.,
556 5175 581 5207 n.
604 5171 643 5208 10.
