4058 6178
688 546 806 598 Lmen
829 549 867 607 11,
891 547 1016 597 cneus
1039 547 1079 597 11.
1485 554 1545 615 150

200 694 428 776 approbavit,
451 696 513 759 sed
536 695 669 758 haeresi
693 695 838 767 detecta,
862 714 952 757 anno
977 713 1050 775 535,
1075 696 1119 757 ab
1134 694 1299 779 Agapeto
1315 696 1496 778 deponitur
1511 706 1547 759 et

204 831 224 872 a
246 808 385 874 Severo
409 809 630 874 Antiocheno
653 810 857 893 impiissimo
892 811 1092 893 resipiscere
1122 810 1314 893 impeditus,
1348 831 1546 875 excommu-

207 928 383 991 nicatione
406 927 618 1009 percellitur;
641 928 890 1008 damnatusque
913 928 1034 989 iterum
1065 927 1100 990 iu
1131 927 1277 990 concilio
1309 925 1547 991 Constantino·

50 1053 78 1105 t.
108 1058 182 1111 rav.
209 1043 377 1124 politano,
402 1041 540 1115 Manna,
564 1043 752 1105 abeodem
776 1038 957 1126 Aga*peto
986 1062 1077 1106 anno
1107 1045 1262 1124 sequenti
1286 1045 1321 1106 in
1344 1045 1451 1126 ipsius
1470 1043 1547 1107 loco

212 1159 370 1222 ordinato
394 1168 430 1221 et
452 1158 571 1222 vicarii
596 1174 735 1220 munere
751 1156 944 1229 nobssitat0,
960 1158 995 1219 in
1015 1156 1233 1221 solitudinem
1250 1157 1470 1241 Imperatoris
1481 1160 1547 1221 ius·

212 1275 308 1337 sione
332 1275 515 1357 relegatur.
540 1272 686 1337 Mennas
708 1274 793 1356 ipse,
817 1273 989 1336 damnatis
1011 1275 1105 1356 prius
1126 1273 1309 1337 haereticis
1332 1275 1454 1345 clarus,
1481 1273 1549 1336 Im-

213 1391 364 1471 peratori
396 1399 517 1471 postea
547 1389 740 1471 indulgens,
769 1408 789 1451 a
812 1385 945 1469 Vigilio
966 1388 1184 1470 suspenditur
1206 1408 1296 1452 anuo
1320 1407 1383 1468 552
1407 1399 1441 1451 et
1471 1399 1550 1470 post

212 1524 350 1577 annum,
366 1514 507 1586 peracta
520 1504 739 1587 poenitentia,
756 1505 953 1568 restituitur.
972 1502 1147 1575 Ioannem,
1163 1503 1254 1586 quod
1270 1524 1307 1566 se
1321 1503 1549 1567 universalem

213 1618 412 1702 pontificem
436 1619 648 1693 inscriberet,
671 1621 773 1683 divus
788 1620 950 1702 Pelagius
965 1629 999 1682 et
1014 1617 1201 1702 Gregorius
1216 1618 1364 1702 Magnus
1380 1639 1468 1682 anno
1486 1623 1545 1697 587

213 1744 250 1797 et
274 1752 336 1814 595
362 1755 383 1797 a
413 1733 653 1798 communione
683 1737 918 1817 propulerunt.
943 1734 1121 1816 Pyrrhum,
1153 1733 1211 1815 qui
1227 1734 1379 1797 Romam
1399 1736 1549 1805 veniens,

213 1851 333 1914 oblato
369 1850 612 1934 chirographo,
646 1849 951 1914 Monothelitarum
982 1868 1114 1913 errores
1144 1860 1324 1914 execratus
1354 1850 1474 1920 fuerat.
1507 1852 1551 1913 ad

213 1966 382 2029 vomitum
399 1966 596 2035 redeuntem
614 1975 647 2029 et
662 1985 724 2049 per
736 1965 869 2049 legatos
884 1967 979 2048 prius
991 1965 1204 2048 increpitum,
1220 1975 1253 2029 et
1265 1975 1383 2048 postea
1395 1967 1549 2039 Paulum,

213 2083 290 2146 eius
312 2101 556 2154 successorem,
580 2081 784 2145 Theodorus
797 2101 887 2145 anno
903 2084 966 2161 645
984 2092 1020 2145 et
1036 2085 1118 2160 6463
1139 2079 1298 2165 Sergium
1322 2100 1399 2144 cum
1419 2083 1552 2146 duobus

213 2197 501 2280 praecedentibus
523 2197 558 2259 in
582 2197 743 2261 Romano
767 2198 914 2260 concilio
937 2196 1107 2261 Martinus
1129 2217 1218 2261 anno
1245 2202 1328 2277 6495
1350 2199 1475 2280 quibus
1501 2198 1551 2259 di-

215 2333 283 2376 vus
299 2312 442 2397 Agatho
465 2322 500 2376 et
522 2322 623 2376 sexta
637 2313 790 2395 synodus
805 2332 895 2376 anno
911 2316 977 2377 680
992 2323 1027 2376 et
1042 2316 1102 2376 681
1123 2312 1262 2378 Petrum
1277 2313 1449 2377 addidere.
1466 2311 1551 2377 Cum

216 2430 374 2501 Tarasio,
398 2448 421 2492 a
442 2429 550 2511 regiis
571 2430 706 2493 scriniIs
728 2430 772 2492 ad
794 2430 1072 2511 patriarchatum,
1097 2439 1214 2492 contra
1229 2430 1325 2514 leges
1347 2429 1552 2492 ecclesiasti·

215 2565 288 2618 cas,
312 2557 501 2628 assumpto,
524 2554 559 2609 et
583 2545 844 2627 imperatoribus
864 2542 1090 2608 Constantino
1105 2553 1140 2608 et
1155 2544 1253 2607 Irene
1268 2564 1331 2627 pro
1347 2545 1454 2627 ipsius
1472 2563 1552 2607 con·

213 2659 410 2725 firmatione
433 2663 705 2745 deprecantibus,
732 2660 900 2745 transegit
930 2660 1128 2725 Hadrianus
1159 2681 1249 2725 anno
1274 2666 1348 2741 785,
1378 2670 1416 2724 ut
1445 2662 1553 2743 ipsius

215 2796 325 2858 opera
347 2796 466 2841 sacrae
489 2779 658 2861 imagines
680 2795 743 2860 per
757 2786 864 2841 totam
881 2775 1198 2859 Constantinopolis
1220 2775 1384 2840 ditionem
1408 2778 1442 2839 in
1466 2779 1553 2840 anti·

214 2910 324 2972 quum
347 2894 567 2975 splendorem
589 2903 838 2956 revocarentur.

313 3027 362 3087 17.
387 3007 561 3092 Ignatium
584 3008 708 3072 iniuste
731 3008 910 3090 depulsum
933 3018 969 3072 et
990 3010 1035 3072 ad
1058 3008 1298 3091 ApostolIcam
1328 3005 1454 3070 Sodem
1477 3027 1553 3089 pro·
1597 3016 1779 3103 'exempla
1806 3023 1902 3078 poete·

215 3133 412 3196 vocantem,
435 3123 523 3187 actis
546 3123 661 3187 Photii
692 3124 855 3197 rescissis,
886 3124 1050 3189 Nicolaus
1072 3122 1242 3207 pontifex,
1266 3125 1361 3206 prius
1383 3142 1473 3187 anno
1489 3126 1548 3186 861
1581 3104 1665 3140 ‘¹⁰¹⁸'

214 3249 254 3302 e'.
277 3240 400 3302 iterum
418 3241 493 3312 868,
506 3258 585 3302 suae
601 3239 785 3304 cathedrae
801 3241 1011 3303 reddendum
1027 3238 1279 3322 pronuntiavit;
1295 3239 1454 3303 Photium
1471 3259 1553 3302 vero

214 3355 371 3418 secundo
386 3354 554 3419 intrusum
569 3365 603 3419 et
618 3352 779 3418 fallacem
795 3356 904 3437 ipsius
918 3357 1088 3437 synodum
1104 3355 1250 3420 Ioannes
1260 3354 1349 3419 VIII
1364 3375 1453 3419 anno
1477 3359 1552 3427 880,

216 3469 419 3535 Hadrianus
442 3470 495 3533 III
518 3490 608 3534 anno
630 3475 706 3549 884,
730 3480 765 3534 et
786 3469 981 3553 Stephanus
996 3470 1049 3533 VI
1064 3492 1154 3535 anno
1170 3476 1233 3552 885
1259 3481 1359 3535 extra
1375 3470 1553 3534 Ecclesiae

214 3586 394 3650 cancellos
416 3586 644 3669 proiecerunt.
674 3585 771 3651 Idem
801 3584 995 3669 Stephanus
1026 3607 1116 3651 anno
1145 3589 1305 3670 proximo
1334 3605 1418 3670 erga
1447 3586 1553 3649 alium

214 3703 288 3765 sibl
311 3702 562 3785 cognominem,
586 3722 607 3764 a
629 3700 753 3765 Photio
776 3711 912 3784 praeter
934 3704 1117 3766 canonicas
1135 3705 1274 3786 regulas
1299 3702 1503 3771 ordinatum,
1517 3709 1554 3764 ut

214 3819 333 3882 eidem
356 3819 391 3881 in
414 3818 616 3881 caenobium
640 3818 778 3880 detruso
809 3818 1017 3891 succederet,
1042 3820 1086 3881 ad
1112 3818 1343 3900 Imperatoris,
1374 3819 1469 3880 cuius
1497 3817 1554 3879 hic

216 3943 295 3996 erat
317 3951 510 4016 germanus,
533 3941 569 3997 et
591 3931 1044 4015 Constantinopolitanorum
1068 3953 1196 4016 preces,
1220 3933 1303 3997 iurIs
1325 3935 1474 4017 rigorem
1502 3951 1554 3995 re-

218 4050 365 4120 laxavit,
390 4050 425 4112 in
448 4049 572 4131 quihus
594 4069 634 4111 ea
657 4049 765 4113 verba
787 4050 1065 4112 continebantur:
1090 4048 1260 4131 Quonim
1281 4048 1406 4112 scamus
1424 4047 1513 4132 quod
1532 4069 1554 4111 a

215 4168 334 4227 vestra
347 4162 541 4248 Apostolt'ca
555 4163 643 4229 Sede
665 4163 795 4250 corrigi
813 4169 848 4229 et
871 4165 975 4229 r'zcxto
992 4184 1135 4229 canones
1156 4165 1284 4249 corripi
1306 4164 1467 4239 debemus,
1493 4162 1555 4225 hoc

216 4277 262 4342 da
284 4297 387 4341 causa
408 4276 594 4342 humilibus
616 4277 670 4342 his
692 4279 818 4343 nostrai
839 4278 967 4343 litteras
988 4283 1083 4343 tuam
1106 4298 1244 4342 mamus
1269 4277 1553 4342 venerabilitatem

219 4397 265 4455 ut
286 4391 549 4458 meserecordster
569 4393 735 4458 aobdeum
758 4414 850 4481 agos.
868 4394 1076 4458 Michaelem
1095 4393 1314 4466 Cerularium,
1331 4396 1474 4457 multum
1490 4394 1553 4456 lin·

218 4524 312 4591 guae
335 4509 370 4571 in
394 4508 586 4572 Ecclesiam
609 4510 804 4573 Romanam
829 4520 863 4573 et
886 4511 972 4573 nihil
991 4508 1113 4573 frontis
1128 4511 1320 4581 habentem,
1337 4509 1409 4572 Leo
1424 4508 1480 4572 IX
1496 4528 1556 4591 per

220 4625 360 4707 legatos
381 4644 471 4688 anno
492 4641 571 4703 ¹05²
588 4624 886 4709 Constantinopoli
901 4626 1041 4708 publico
1056 4625 1272 4689 anathemate
1288 4627 1451 4688 traduxit.
1468 4622 1556 4687 Con·

218 4738 304 4809 cilio
327 4738 551 4823 Lugdunensi
573 4760 662 4805 anno
691 4760 772 4820 1274
797 4739 908 4804 adfuit
923 4742 1116 4823 patriarcha
1136 4741 1341 4814 Pantaleon;
1357 4740 1557 4804 Florentino

220 4854 390 4938 Iosephus
412 4874 503 4918 anno
530 4875 623 4936 1439,
647 4856 707 4940 qui
729 4857 852 4928 subita,
881 4877 948 4920 non
978 4866 1092 4920 tamen
1124 4858 1300 4939 imparata,
1324 4867 1433 4920 morte
1460 4876 1557 4939 prae-

220 4982 349 5054 reptus,
374 4971 508 5034 illustre
531 4990 611 5035 suae
633 4970 714 5036 fidei
737 4985 772 5035 et
794 4974 966 5053 primatus*
994 4970 1173 5036 Ecclesiae
1196 4973 1378 5036 Romanae
1406 4973 1559 5037 testimo·

218 5090 315 5153 nium
340 5086 489 5172 posteris
512 5090 650 5170 propria
673 5102 775 5152 manu
800 5098 978 5151 exaratum
1002 5088 1148 5169 reliquit.
