4124 6182
510 552 550 624 58
843 559 1116 610 EXPEDITIONIS
1140 560 1399 609 AETHIOPICAE
1426 560 1505 608 EI'C.
1593 606 1597 613 .

509 727 586 771 eum
603 707 708 770 Abba
720 705 869 780 Salamal,
886 709 974 772 idest
990 708 1126 771 Patrem
1143 705 1328 771 Pacificum
1344 715 1590 788 nuncuparunt.
1610 703 1707 787 Quae
1729 705 1847 766 omnia

510 843 578 887 non
605 825 767 905 opinione
789 825 895 906 vulgi,
918 825 980 887 sed
1003 826 1078 905 ipso
1101 823 1268 896 Aedesio,
1291 823 1375 905 Tyri
1398 824 1601 905 presbytero
1628 820 1847 903 postmodum

511 937 614 1010 facto,
637 942 696 1021 qui
720 939 909 1003 Frumentii
933 960 1048 1003 eomes
1070 942 1164 1022 prius
1180 939 1300 1009 fuerat,
1317 936 1496 1010 referente,
1513 938 1578 1001 sibi
1599 937 1739 1020 cognita
1760 931 1849 996 Raf-

510 1052 599 1118 finus
622 1053 695 1137 [sic]
720 1056 764 1119 ad
787 1056 949 1119 historiae
972 1058 1102 1119 calcem
1125 1065 1278 1119 testatur.

198 1181 338 1228 emmona
362 1192 380 1227 ι
407 1180 484 1227 Fre·
599 1174 629 1233 6.
655 1168 740 1233 Cum
764 1173 799 1233 in
823 1171 940 1235 latinis
969 1182 1003 1235 et
1026 1171 1196 1235 abassinis
1224 1169 1406 1234 annalibus
1432 1171 1523 1233 idern
1550 1170 1595 1232 sit
1611 1168 1851 1251 praecedentis

162 1250 483 1384 ffimffloffin'
511 1287 715 1350 narrationis
738 1307 872 1369 corpus,
896 1298 1012 1351 noster
1034 1287 1252 1351 Frumentius
1268 1288 1405 1350 illorum
1422 1297 1474 1349 est
1494 1286 1729 1357 Fremonatus,
1746 1306 1768 1346 a
1782 1303 1851 1364 quo

511 1401 690 1474 Fremona,
715 1404 830 1466 nobile
853 1400 992 1483 Tigraei
1015 1405 1113 1487 regni
1136 1404 1310 1485 oppidum,
1335 1402 1532 1472 Anxurnas,
1557 1420 1646 1481 quae
1668 1410 1751 1464 tunc
1778 1410 1853 1461 erat

510 1520 614 1590 curia,
639 1519 798 1588 vicinum,
823 1529 858 1581 et
881 1518 999 1581 Amba
1021 1516 1171 1589 Salama,
1195 1539 1283 1600 quae
1314 1538 1381 1580 non
1412 1518 1492 1580 inde
1523 1518 1642 1599 procul
1673 1535 1776 1597 rupes
1799 1524 1853 1577 est

511 1634 686 1697 inaccessa
709 1635 744 1696 in
760 1633 1011 1697 Tembennensi
1028 1633 1252 1716 praefectura,
1270 1654 1395 1697 nomen
1411 1652 1598 1715 sumpsere.
1615 1632 1742 1694 Portus
1758 1650 1851 1701 vero,

511 1767 613 1829 quem
637 1748 813 1831 Meropius
836 1751 924 1812 adeo
947 1749 1190 1832 inhospitalem
1214 1761 1266 1813 est
1282 1760 1454 1831 expertus,
1471 1769 1547 1812 esse
1571 1749 1689 1811 debuit
1713 1749 1749 1810 in
1766 1747 1853 1808 mari

512 1862 634 1927 Rubro
658 1864 790 1931 Mazua.
814 1885 901 1947 quae
927 1864 1094 1928 Auxuma
1124 1876 1260 1928 centurn
1292 1866 1434 1948 triginta
1464 1864 1615 1946 quinque
1646 1862 1854 1925 milliaribus

510 1989 698 2061 separatur.
723 1979 813 2043 Mari
837 1990 949 2043 autem
972 1979 1096 2043 Rubro
1119 1979 1243 2062 Tyrios
1274 1982 1308 2043 in
1332 1981 1468 2043 Indiam
1499 1982 1692 2062 navigasse,
1716 1987 1853 2060 patete

512 2095 610 2157 libris
634 2096 774 2176 Regum
798 2107 831 2158 et
848 2096 1134 2178 Paralipomenon
1151 2099 1184 2159 in
1212 2097 1337 2178 quibus
1353 2096 1508 2169 traditur,
1534 2115 1594 2158 eos
1617 2095 1852 2157 salomonicae

512 2211 633 2273 classis
657 2213 690 2274 in
708 2210 818 2292 Ophir
841 2213 886 2273 ab
902 2212 1123 2295 Asiongaber
1138 2214 1172 2274 in
1189 2212 1283 2274 illius
1299 2213 1413 2275 littore
1429 2212 1603 2275 tendentis
1619 2212 1665 2273 ob
1682 2210 1766 2272 artis
1781 2228 1855 2271 ma·

512 2327 646 2390 ritimae
669 2327 829 2408 peritiam
853 2329 1031 2390 naucleros
1050 2324 1156 2390 fuisse
1168 2327 1222 2410 (ι).
1239 2326 1308 2408 Qui
1324 2328 1421 2391 locus
1437 2347 1527 2390 nunc
1543 2328 1647 2390 etiam
1663 2323 1744 2397 Tor,
1760 2324 1854 2406 quod

512 2444 696 2505 hebraeum
726 2452 779 2505 est
809 2442 893 2525 Tyri
924 2463 1046 2506 nomen
1071 2453 1105 2506 et
1129 2441 1229 2506 Gibel
1253 2443 1332 2515 Tor,
1361 2444 1450 2506 idest
1474 2462 1573 2505 mons
1600 2442 1696 2524 Tyri,
1728 2442 1856 2503 dicitur

511 2561 557 2620 ob
581 2558 645 2640 ipsi
670 2560 902 2621 imminentem
926 2556 1031 2621 Sinae
1054 2560 1180 2622 montis
1204 2559 1407 2624 celsitatem.
1430 2558 1535 2621 Cuius
1558 2578 1637 2621 curn
1661 2577 1730 2619 non
1754 2556 1855 2620 mini-

515 2693 605 2736 mam
629 2674 888 2736 similitudinem
912 2674 1049 2737 Arabes
1071 2676 1106 2736 in
1131 2675 1338 2757 Hispaniam
1369 2675 1585 2737 exundantes
1616 2674 1652 2736 in
1679 2671 1854 2737 Gaditano

513 2787 601 2853 freto
625 2791 659 2851 in
683 2789 809 2872 Calpes
831 2800 865 2853 et
888 2789 1029 2872 Abylae
1052 2802 1235 2872 prospectu
1259 2792 1478 2862 intuerentur,
1503 2788 1606 2854 Gibel
1631 2789 1712 2861 Tor,
1736 2798 1771 2851 et
1794 2808 1855 2869 po·

512 2905 594 2969 steri
618 2925 685 2967 una
709 2906 862 2968 litterula
884 2907 1062 2968 immutata
1078 2904 1235 2968 Gibaltar
1250 2907 1477 2970 nominarunt.
1494 2906 1560 2969 Ille
1577 2925 1660 2968 vero
1676 2905 1762 2967 Rex
1778 2924 1855 2966 esse

512 3020 632 3084 debuit
654 3020 787 3103 Agder,
810 3020 930 3083 Abrae
953 3031 987 3084 et
1009 3021 1130 3084 Azbae
1157 3034 1264 3103 pater,
1299 3023 1363 3085 sub
1393 3021 1518 3104 quibus
1550 3021 1772 3084 Frumentius
1803 3020 1854 3082 di·

513 3138 610 3207 citur,
634 3136 669 3199 in
694 3137 827 3199 Indiam
850 3155 1037 3219 regressus,
1062 3136 1270 3220 ingentemm
1292 3139 1510 3201 ultitudinem
1534 3138 1578 3201 ad
1594 3137 1724 3201 Christi
1747 3136 1856 3199 ovilia

514 3251 730 3332 compulisse.
745 3250 966 3333 Aethiopiae,
979 3272 1055 3314 cum
1067 3253 1135 3315 sita
1146 3255 1190 3316 sit
1206 3253 1241 3316 in
1253 3252 1387 3326 Africa,
1401 3251 1575 3316 inferioris
1586 3252 1718 3323 Indiae,
1732 3252 1855 3313 eodem

512 3384 637 3436 errore,
661 3386 730 3448 quo
753 3376 788 3429 et
811 3366 918 3448 ipsius
942 3367 1145 3449 Imperatori
1161 3369 1359 3449 Presbyteri
1375 3368 1525 3440 Ioannis,
1542 3387 1668 3430 nomen
1684 3377 1739 3429 est
1762 3366 1856 3428 adie-

513 3491 617 3551 ctum,
642 3482 733 3562 quod
756 3482 938 3564 Europaei,
963 3484 1045 3564 quid
1068 3485 1150 3566 quid
1173 3494 1225 3547 est
1248 3485 1337 3546 ultra
1360 3482 1563 3565 Aegyptum
1595 3484 1640 3546 ad
1671 3493 1855 3562 utramque

513 3594 684 3659 Erithraei
710 3598 813 3658 maris
833 3616 927 3659 oram
944 3607 978 3659 et
994 3599 1156 3680 deinceps
1179 3600 1223 3661 ad
1239 3597 1425 3669 Orientem,
1443 3598 1578 3661 Indiam
1595 3598 1784 3680 appellent,
1802 3618 1856 3659 su·

514 3712 682 3791 perierem
705 3724 740 3773 et
771 3713 968 3774 ulteriorem
999 3733 1086 3794 quae
1118 3714 1255 3796 longius
1286 3715 1400 3786 distat,
1433 3712 1632 3777 inferiorem
1656 3733 1746 3795 quae
1770 3715 1857 3795 ipsis

514 3835 566 3887 est
589 3826 815 3908 propinquior
830 3838 863 3889 et
880 3826 1032 3908 inquam
1049 3831 1084 3890 in
1100 3848 1137 3891 se
1153 3849 1173 3890 a
1188 3829 1363 3891 remotiori
1380 3830 1432 3891 sol
1449 3829 1627 3892 descendit
1641 3828 1696 3911 (2).
1715 3828 1857 3892 Utrum·

512 3960 580 4022 que
604 3950 717 4003 autem
740 3960 888 4004 errorem
913 3942 946 4004 in
970 3962 1073 4004 unum
1097 3941 1226 4005 fascem
1250 3946 1472 4027 conpingunt,
1501 3946 1561 4026 qui
1592 3943 1733 4026 Regem
1759 3944 1857 4006 illum

514 4056 631 4117 dicunt
666 4056 908 4136 Presbyterum
939 4056 1101 4120 Ioannem
1131 4058 1316 4131 Indiamm,
1347 4078 1425 4121 cum
1457 4078 1520 4121 nec
1552 4058 1612 4121 ille
1635 4058 1691 4131 sit,
1729 4078 1804 4129 nec,
1828 4058 1859 4121 si

514 4181 615 4243 esset,
639 4172 674 4233 in
698 4170 796 4232 india
821 4172 1023 4235 dominetur.

201 4296 383 4346 frumentius
403 4310 428 4345 s.
449 4298 487 4343 a·
605 4304 633 4363 7.
661 4284 831 4348 Haustam
854 4306 875 4348 a
898 4286 990 4348 Divo
1013 4286 1207 4350 Athanasio
1231 4307 1392 4352 romanae
1417 4287 1497 4351 fidei
1522 4291 1705 4352 veritatem
1735 4298 1769 4350 et
1797 4308 1858 4370 pu-

164 4366 319 4417 thanasii
339 4367 487 4428 integerri·
535 4403 541 4413 .
841 4399 848 4412 .
1036 4402 1042 4414 .
1072 4403 1078 4414 .
1125 4403 1131 4415 .
1195 4404 1201 4416 .
1281 4404 1288 4416 .

165 4453 232 4489 mus
250 4440 422 4488 mmor·
515 4410 650 4463 ritatem
675 4401 891 4462 Frumentrus
914 4400 1100 4464 Abassmrs
1123 4402 1314 4475 instillavit,
1340 4424 1402 4466 nec
1426 4424 1546 4486 parum
1571 4405 1731 4465 laborum
1747 4412 1785 4466 et
1798 4423 1858 4485 pe·

515 4516 699 4579 riculorum
724 4518 769 4577 ob
792 4517 885 4578 illius
909 4527 943 4579 et
966 4518 1051 4579 tanti
1076 4519 1231 4600 magistri
1254 4517 1491 4582 defensionem
1515 4520 1560 4581 ab
1582 4519 1729 4581 Arianis
1753 4531 1789 4581 et
1810 4520 1857 4580 iu·

516 4633 690 4694 ratissimo
715 4631 866 4713 ipsorum
889 4641 1032 4712 patrono
1056 4635 1261 4714 imperatore
1284 4631 1486 4697 Constantio
1505 4645 1557 4697 est
1574 4654 1770 4716 perpessus.
1788 4633 1858 4695 Hie

517 4746 608 4808 euim
625 4748 769 4807 credens
784 4745 1013 4808 Athanasium
1031 4750 1078 4829 (ut
1094 4749 1185 4810 idem
1201 4748 1335 4811 *narrat
1351 4749 1385 4811 in
1401 4770 1463 4812 sua
1479 4748 1668 4833 Apologia)
1686 4752 1731 4812 ad
1744 4752 1857 4831 ipsum
1884 4767 1902 4816 r.
1933 4773 1974 4825 3²·

517 4858 713 4941 profugisse
736 4869 771 4921 et
795 4861 883 4922 inter
903 4859 1098 4924 Abassinos
1128 4862 1262 4925 latitare
1293 4865 1337 4926 ad
1367 4863 1575 4927 Auxumeos
1606 4876 1775 4946 tyrannos
1799 4867 1859 4947 (ita

606 5017 647 5085 (1)
668 5029 682 5079 3
697 5020 772 5082 Reg„
786 5030 811 5077 9,
825 5034 849 5068 n.
865 5016 911 5075 263
932 5032 945 5066 z
961 5022 1091 5083 Paralip„
1105 5021 1129 5077 8,
1143 5037 1167 5073 n.
1184 5031 1223 5081 17.
1241 5050 1270 5059 —
1284 5020 1326 5089 (2)
1344 5024 1411 5072 Pin
1422 5039 1436 5071 e
1447 5024 1480 5081 d,
1500 5025 1542 5072 De
1555 5027 1634 5072 rebus
1647 5025 1759 5081 Salam..
1774 5026 1820 5077 lib,
1835 5036 1857 5086 5,

517 5124 574 5171 cap.
598 5121 637 5169 14,
657 5116 718 5159 sect.
739 5116 762 5167 5,
783 5122 807 5157 n.
828 5120 853 5168 4.
