4166 6182
755 581 974 633 INTRODUCT
977 580 1014 629 10
1450 580 1547 629 XLIII

222 732 338 830 magis
366 733 637 808 conducebant.
667 732 764 824 Quia
793 748 917 805 tamen
947 732 1061 805 homo
1090 730 1299 804 eruditione
1337 729 1545 825 multiplici,

222 884 294 941 tum
322 866 579 942 ecclesiastica
606 881 684 940 tum
714 866 872 962 profana
901 865 996 939 inter
1025 889 1166 960 paucos
1194 863 1251 936 sui
1270 861 1450 958 temporis
1469 879 1549 936 erat

221 979 369 1074 omatus
398 1015 436 1074 et
463 999 605 1096 ingenii
633 998 806 1073 acumine
835 998 1036 1094 praeditus,
1067 998 1251 1094 quaedam
1281 996 1367 1069 hinc
1391 995 1480 1069 inde
1500 999 1548 1071 de

219 1160 284 1208 suo
310 1133 470 1219 adiecit;
499 1159 617 1230 eaque
645 1132 728 1229 ipsa
756 1157 852 1229 quae
885 1135 933 1206 ab
962 1132 1045 1206 aliis
1074 1129 1256 1205 mutuavit
1283 1130 1335 1203 ita
1362 1130 1547 1226 exposuit,

219 1283 256 1341 ut
283 1294 305 1341 6
332 1294 400 1342 3116
430 1293 529 1364 penu
566 1268 699 1341 hausta
737 1267 945 1340 videantur.
985 1265 1108 1357 Quare
1146 1265 1239 1338 haec
1276 1289 1424 1359 quoque
1462 1289 1549 1360 pars

217 1401 295 1475 eius
331 1400 521 1474 Historiae
559 1401 698 1495 legenti
737 1425 811 1473 non
849 1398 991 1473 inutilis
1034 1396 1180 1472 accidet
1222 1421 1291 1469 nec
1333 1395 1547 1470 iniucunda.

219 1534 439 1619 Eventuum,
468 1532 532 1630 qui
561 1533 599 1606 in
628 1533 795 1608 secunda
822 1530 917 1607 serie
946 1531 1184 1606 continentur
1217 1532 1301 1604 lons
1333 1528 1465 1602 unicus
1493 1545 1551 1603 est

218 1667 298 1763 ipsa
325 1667 501 1742 Auctoris
529 1667 770 1764 experientia,
814 1682 855 1740 ut
891 1664 1030 1763 legenti
1069 1664 1179 1738 facile
1217 1662 1424 1759 apparebit,
1464 1664 1551 1738 licet

217 1800 376 1899 saepius,
406 1816 447 1875 111
473 1801 556 1898 ipse
582 1802 729 1883 latetur,
747 1800 839 1874 nihil
859 1799 961 1873 aliud
982 1813 1145 1896 praestet
1164 1823 1276 1895 quam
1298 1797 1548 1871 narrationem

219 1933 414 2009 Almeidae
456 1935 571 2009 latine
608 1936 775 2018 reddere,
814 1935 948 2007 eodem
989 1934 1100 2029 plane
1144 1910 1257 2005 modo
1294 1957 1338 2006 ac
1374 1929 1551 2005 Almeida

219 2069 298 2165 ipse
330 2070 367 2142 in
406 2069 592 2165 aliquibus
629 2068 809 2164 epistolas
846 2066 1082 2140 Patriarchae
1120 2082 1198 2140 tum
1237 2063 1434 2139 historicas
1471 2079 1548 2137 tum

219 2202 475 2299 apologeticas
502 2227 589 2276 suas
617 2201 707 2276 fecit
737 2217 776 2275 et
812 2200 942 2297 paucis
980 2198 1131 2273 mutatis
1167 2198 1344 2273 historiae
1382 2196 1550 2287 inseruit,

219 2361 275 2412 611.
294 2361 351 2433 gr.
372 2336 514 2410 litteras
534 2360 677 2409 annuas
696 2334 932 2409 Patriarchae
952 2358 1134 2407 annorum
1163 2337 1272 2424 1625,
1301 2335 1413 2420 1626,
1438 2334 1550 2422 1629,

219 2469 396 2566 epistolas
416 2470 464 2543 ad
493 2468 755 2566 imperatorem
771 2465 967 2541 Fasiladas
986 2466 1231 2561 eiusdemque
1249 2463 1461 2548 conciones,
1480 2478 1550 2537 etc.

220 2604 382 2677 Demurh
412 2603 536 2699 quoad
564 2627 630 2676 eos
667 2616 822 2675 eventus
860 2599 897 2673 in
935 2599 1044 2673 tertia
1081 2598 1178 2673 serie
1218 2612 1425 2684 contentos,
1464 2622 1553 2694 quo-

221 2762 299 2809 rum
328 2736 411 2831 ipse
440 2735 545 2809 testis
572 2737 742 2809 oculatus
770 2759 851 2808 esse
880 2759 955 2816 non
986 2732 1119 2829 potuit,
1137 2733 1261 2805 1611163
1288 2732 1437 2804 1116111111
1462 2731 1553 2804 rela-

221 2868 352 2955 tiones,
382 2867 462 2944 sive
490 2884 664 2944 oretenus
692 2871 739 2941 ab
768 2866 814 2941 iis
842 2882 1029 2962 acceptas.
1062 2891 1156 2962 quos
1185 2866 1314 2938 iterum
1345 2864 1552 2959 iterumque

220 3004 267 3076 ad
295 3004 515 3078 tentandum
544 3002 770 3098 Aethiopiae
799 3001 1008 3098 ingressum
1038 3000 1219 3086 mittebat,
1250 2997 1330 3072 sive
1358 2997 1498 3094 scripto
1530 3023 1554 3071 a

220 3151 324 3233 patre
352 3137 528 3210 Brunone
557 3135 681 3222 Bruni,
712 3135 775 3230 qui
804 3134 840 3207 in
862 3132 1066 3229 Aethiopia
1085 3157 1202 3229 usque
1221 3133 1269 3205 ad
1289 3157 1427 3206 annum
1454 3134 1552 3222 1640

219 3285 489 3366 permanserat,
526 3268 606 3344 sive
643 3283 774 3365 postea
815 3292 838 3341 a
873 3267 1068 3341 sacerdote
1112 3266 1303 3339 Bernardo
1346 3266 1551 3360 Nogueira,

219 3428 329 3499 quem
361 3402 442 3498 ipse
470 3427 576 3477 suum
599 3399 785 3475 'vicarium
818 3400 857 3473 in
886 3398 1091 3496 Aethiopia
1118 3399 1361 3473 constituerat
1380 3401 1442 3495 (1),
1474 3397 1553 3471 sive

218 3561 360 3621 eorum,
390 3561 486 3632 quos
514 3535 595 3633 ipse
622 3551 660 3608 61
688 3534 724 3607 111
755 3533 996 3629 Aethiopiam
1034 3547 1072 3607 et
1100 3533 1137 3606 in
1173 3534 1363 3628 Europam
1403 3531 1554 3605 miserat

220 3671 267 3743 ad
298 3669 490 3744 missionis
513 3668 665 3766 negotia
685 3669 932 3765 procuranda.
955 3668 1038 3740 Hos
1058 3666 1171 3762 igitur
1191 3668 1315 3739 sontes
1334 3664 1552 3762 singillatim

220 3804 440 3878 enucleabo

582 3998 616 4064 A)
637 4025 669 4034 -
692 3992 874 4049 Relationes
892 3995 1014 4063 scripto
1032 3995 1189 4062 acceptae.

315 4162 342 4205 1.
366 4139 524 4223 Epistola
539 4142 571 4203 b.
589 4138 823 4223 Agathangeli
841 4134 981 4200 Ordinis
996 4136 1266 4219 Capuceinorum
1282 4136 1326 4198 ad
1341 4143 1456 4217 patres
1471 4131 1505 4197 S.
1527 4132 1552 4196 Ι.

220 4255 502 4321 commendatitia
524 4253 672 4319 Abunae
696 4252 842 4325 Marcos,
866 4250 1059 4315 Manfolout
1083 4252 1118 4314 in
1141 4251 1317 4335 Aegypte,
1343 4269 1379 4329 15
1405 4250 1554 4312 octobris

223 4378 319 4453 1034,
344 4373 405 4434 lib.
430 4369 492 4443 111,
516 4391 590 4453 cap.
614 4384 729 4442 XXXI,
754 4389 809 4431 nn.
836 4389 931 4448 9·11;
957 4365 1038 4432 Rcr.
1063 4364 1172 4439 Aeta,
1194 4365 1258 4438 IX,
1283 4385 1339 4447 pp.
1366 4369 1521 4444 207·2o8.

313 4509 344 4551 2.
367 4485 525 4569 Epistola
556 4488 711 4571 protegis
741 4483 915 4547 Indiarum
947 4485 991 4546 ad
1023 4482 1209 4565 Hamedigi
1240 4482 1556 4544 mahumetanorum

219 4602 405 4669 Diensium
447 4603 638 4683 primatem,
681 4602 715 4663 in
753 4599 907 4663 favorem
949 4599 1167 4662 Patriarchae
1208 4596 1379 4661 Suacheni
1417 4592 1556 4667 detenti,

301 4772 350 4847 (t)
371 4768 526 4846 Epistolas
546 4787 653 4827 omnes
674 4768 763 4826 huius
783 4769 882 4827 sancti
904 4768 960 4824 viri
981 4777 1011 4825 et
1033 4766 1145 4824 Christi
1167 4768 1306 4842 martyris
1327 4764 1503 4823 Patriarclia
1526 4763 1556 4820 in

221 4868 417 4927 Lusitaniam
438 4866 529 4936 misit,
550 4867 746 4942 probabiliter
768 4884 920 4925 unacum
952 4883 1045 4940 opere
1077 4883 1142 4934 sun,
1165 4875 1198 4922 ut
1229 4865 1308 4940 typis
1329 4864 1557 4929 mandarentur,

218 4966 407 5040 addiditque
428 4963 653 5040 praefationem
674 4964 733 5022 illis
761 4963 988 5039 praefigendam
1028 4963 1172 5020 Attamen
1202 4971 1339 5037 tempore
1367 4962 1462 5036 patris
1490 4958 1558 5015 Bal-

219 5066 326 5124 thasar
347 5061 452 5120 Tellez
477 5062 578 5119 adhuc
607 5063 639 5118 in
667 5061 818 5119 tabulario
847 5060 1012 5118 Eborensis
1034 5061 1155 5135 collegii
1176 5061 1383 5129 servabantur,
1406 5075 1463 5115 nec
1494 5056 1558 5114 scio

101 5195 106 5206 ·
219 5174 323 5222 utrum
348 5162 380 5219 in
403 5168 558 5235 posterum
574 5160 679 5235 praelo
693 5159 875 5216 commissae
892 5157 1014 5215 fuerint.
1037 5157 1083 5214 Cl.
1106 5157 1251 5225 Tellez,
1274 5156 1418 5224 Historia,
1438 5173 1466 5229 p.
1489 5152 1558 5210 666.
