4124 6182
545 545 586 603 44
877 537 1149 587 EXPEDITIONIS
1173 538 1434 588 AETHIOPICAE
1460 539 1540 587 ETC.

544 686 588 747 ad
611 686 862 767 implorandam
891 688 1037 750 alicuius
1067 688 1210 751 iniuriae
1239 688 1489 769 reparationem
1520 687 1746 750 clamabatur:
1770 686 1878 750 Salva

544 822 604 876 me,
627 800 775 865 Domine
798 801 996 885 mz'rex(1l,
1021 805 1069 867 ita
1091 814 1126 867 et
1148 805 1205 867 hic
1222 805 1257 867 in
1272 804 1393 885 palatii
1416 802 1598 873 vestibulo,
1615 814 1673 865 aut
1697 804 1731 865 in
1755 801 1813 865 via
1835 804 1878 865 ad

543 918 700 980 eumdem
732 919 776 979 ab
807 938 1009 1000 unoquoque
1040 939 1174 982 summa
1206 920 1422 982 contentione
1457 928 1490 980 et
1521 938 1584 981 suo
1615 920 1779 981 idiomate
1810 920 1878 980 cla·

544 1042 664 1095 matur.
689 1033 851 1105 Amarae,
874 1034 932 1116 qui
948 1037 1090 1118 genuini
1106 1047 1184 1098 sunt
1201 1034 1376 1106 Abassini,
1393 1036 1528 1097 dicunt:
1553 1033 1708 1106 Habeto;
1724 1033 1877 1117 Tigraei:

542 1148 691 1222 Adarie;
708 1147 868 1232 Gongae:
887 1150 1024 1224 Donzo;
1040 1150 1291 1214 Mahometani:
1308 1148 1409 1223 Cide,
1426 1150 1598 1224 Lusitani;
1616 1146 1770 1223 Senhor;
1790 1170 1877 1231 quae

543 1266 681 1328 nomina
704 1266 916 1349 singulorum
941 1267 1059 1349 lingua
1081 1268 1258 1329 dominum
1282 1266 1425 1329 innuunt
1440 1276 1476 1328 et
1491 1268 1587 1328 cuius
1606 1268 1750 1348 quisque
1768 1265 1876 1328 natio·

542 1383 604 1453 nis,
629 1383 686 1443 vel
710 1383 908 1463 provinciae
930 1384 987 1455 sit,
1010 1401 1073 1445 suo
1096 1383 1245 1445 elamore
1270 1384 1448 1445 indicatur.

230 1504 342 1557 ludices
365 1508 399 1555 ab
423 1508 515 1571 tmpe-
633 1517 663 1575 7.
687 1497 823 1560 Iudices
854 1499 1054 1580 plerumque
1085 1517 1105 1560 a
1136 1498 1362 1562 clamantibus
1392 1507 1642 1580 exposcuntur3
1674 1497 1788 1578 qualis
1818 1497 1877 1557 ille

195 1586 286 1627 “³⁰³⁸
304 1587 468 1641 mmm*
541 1625 624 1681 erat,
649 1615 692 1676 de
716 1634 784 1695 quo
799 1612 891 1677 filius
907 1614 1060 1677 cordium
1076 1615 1279 1678 sollicitator
1295 1616 1447 1677 dicebat:
1471 1614 1554 1675 Non
1570 1618 1620 1676 est
1634 1613 1696 1696 qui
1710 1618 1742 1676 te
1758 1612 1878 1675 audrbl

541 1729 747 1793 constitutus
769 1749 791 1792 a
814 1728 906 1814 Rege
922 1729 976 1812 (2).
1008 1728 1065 1791 Illi
1092 1739 1205 1791 tamen
1237 1730 1362 1811 quibus
1393 1730 1515 1812 ingens
1546 1729 1686 1810 aliquod
1715 1730 1874 1790 damnum

541 1857 592 1908 est
616 1845 761 1917 illatum,
785 1845 927 1907 clamori
951 1857 1104 1926 parcunt,
1128 1856 1162 1907 et
1185 1856 1344 1927 stuppam
1368 1845 1544 1908 arundinis
1568 1846 1756 1907 summitati
1780 1863 1876 1925 prae-

543 1963 662 2045 ligant,
687 1980 841 2041 eamque,
865 1960 1074 2043 imperatore
1097 1963 1328 2043 conspicante,
1360 1962 1431 2044 igni
1459 1962 1692 2024 devorandam
1719 1961 1874 2022 tradunt:

542 2078 633 2159 quod
664 2075 835 2159 significat
866 2080 986 2139 eodem
1018 2078 1119 2140 modo
1151 2098 1230 2140 suas
1261 2076 1444 2140 facultates
1475 2079 1675 2159 absumptas
1703 2074 1875 2139 insumus

542 2194 679 2257 abiisse.
704 2192 909 2256 Nominatus
932 2195 976 2255 ab
999 2193 1209 2274 Imperatore
1234 2195 1338 2256 iudex
1358 2214 1506 2265 causam,
1524 2213 1590 2255 non
1615 2195 1717 2263 solus,
1741 2194 1801 2256 sed
1817 2212 1875 2253 au·

541 2311 622 2373 ditis
638 2311 680 2372 ad
697 2328 970 2391 unumquemque
987 2310 1167 2372 articulum
1184 2310 1385 2381 senioribus,
1398 2310 1526 2372 decidit
1541 2311 1594 2391 (3).
1611 2309 1672 2371 Ad
1688 2311 1779 2391 quod
1796 2329 1875 2370 con·

542 2426 658 2487 cilium
682 2435 859 2488 accusator
882 2445 977 2487 reum
1000 2426 1176 2507 pertrahit,
1208 2436 1241 2488 et
1273 2438 1454 2506 negantem
1485 2428 1541 2488 vel
1574 2424 1808 2496 affirmantem,
1833 2426 1874 2486 ad

227 2551 331 2603 Nullus
349 2562 392 2603 est
409 2566 511 2611 career,
541 2560 741 2623 sponsorem
765 2538 977 2603 offerendum
1000 2541 1057 2603 vel
1073 2543 1270 2603 sustinenda
1285 2543 1423 2604 vincula
1439 2541 1627 2622 compellit.
1645 2540 1770 2602 Nullus
1786 2542 1874 2620 apud

192 2623 313 2745 εἴ
325 2624 370 2674 *⁰¹
383 2625 454 2674 dm
467 2639 514 2675 ω’
541 2678 601 2719 eos
624 2666 676 2719 est
700 2677 815 2719 carcer
837 2658 1029 2719 vinciendis
1052 2658 1167 2719 noxiis
1190 2658 1395 2731 destinatus;
1420 2659 1480 2720 sed
1498 2659 1520 2719 ii
1538 2657 1803 2727 accusatoribus,
1821 2657 1874 2717 vel

540 2775 590 2837 eis
613 2793 699 2854 quos
723 2782 939 2834 accusatores
962 2771 1104 2855 eligunt,
1129 2792 1218 2835 nunc
1241 2793 1319 2845 una,
1343 2793 1431 2835 nunc
1455 2774 1584 2854 duplici
1609 2782 1730 2834 catena
1758 2791 1876 2833 manus

541 2889 673 2972 alligati
706 2891 894 2951 traduntur.
926 2886 965 2951 Si
996 2890 1157 2951 damnum
1187 2890 1243 2951 vel
1275 2889 1439 2951 delictum
1470 2890 1621 2952 insolens
1643 2886 1717 2959 fuit,
1742 2889 1875 2967 utrique

541 3006 655 3067 manui
679 3017 800 3066 catena
823 3004 981 3075 iniicitur,
1006 3026 1026 3065 a
1044 3006 1169 3085 quibus
1192 3006 1236 3067 ad
1259 3006 1416 3087 geminos
1439 3005 1598 3067 custodes
1620 3003 1722 3066 simul
1741 3002 1876 3063 vinctos

540 3121 584 3183 ad
608 3121 785 3183 dexteram
810 3132 842 3182 et
865 3120 1037 3182 sinistram
1060 3120 1283 3201 protenditur.
1308 3118 1348 3182 Si
1371 3141 1453 3183 vero
1477 3122 1597 3183 unicus
1620 3121 1664 3181 sit
1681 3128 1804 3187 custos
1820 3136 1875 3178 ca·

540 3246 656 3298 terram
674 3238 747 3317 ipse
764 3237 884 3298 laevae
907 3235 1036 3305 inserit,
1054 3220 1197 3298 atreum
1215 3236 1358 3298 dextera
1373 3237 1575 3318 impeditum
1593 3235 1790 3317 compescit.
1808 3235 1875 3296 Hic

543 3352 633 3413 enim
657 3370 795 3432 semper
817 3354 995 3414 dexteram
1019 3353 1245 3435 praeligatum
1269 3350 1377 3421 effert,
1390 3352 1458 3423 vel,
1482 3354 1512 3414 si
1537 3353 1604 3414 duo
1621 3353 1690 3414 sint
1705 3352 1874 3420 custodes

543 3467 630 3527 inter
654 3467 792 3528 eosdem
816 3468 948 3528 medius
971 3468 1130 3547 utrinque
1153 3477 1329 3529 catenatus
1345 3467 1482 3530 incedit.
1499 3466 1601 3529 Unde
1617 3467 1736 3548 colligi
1752 3478 1874 3548 potest.

542 3601 609 3661 quo
632 3591 733 3663 pacto
758 3583 858 3645 divus
882 3582 1002 3646 Petrus
1025 3584 1060 3645 in
1084 3579 1238 3645 *carcere
1262 3584 1424 3646 dormiret
1447 3584 1535 3645 inter
1555 3584 1641 3645 duos
1658 3582 1785 3645 milites
1801 3583 1875 3645 vin·
1914 3596 1931 3643 t.
1953 3602 1991 3648 27.

541 3702 614 3761 clm
630 3699 757 3760 catenis
779 3695 908 3760 duabus
920 3701 963 3780 (4)
979 3717 1121 3780 quarum
1137 3700 1247 3761 altera
1262 3700 1450 3769 dexteram,
1467 3701 1574 3761 altera
1597 3698 1771 3761 sinistram
1795 3718 1874 3760 one·

541 3824 642 3874 rarat.

226 3939 286 3989 8011
313 3941 400 3990 actori
428 3950 513 3991 testes
630 3934 658 3991 8.
685 3928 841 3991 Potiores
865 3932 899 3992 in
924 3930 1045 3993 iuditio
1068 3940 1182 4013 partes
1204 3942 1283 3994 sunt
1307 3933 1442 4004 actoris,
1466 3933 1521 3993 cui
1544 3933 1610 3995 soli
1629 3941 1735 3994 testes
1750 3931 1874 4013 produ·

190 4012 343 4074 producere
365 4011 439 4062 licet.
630 4047 636 4059 .
961 4049 967 4060 .
1431 4049 1437 4061 .
1590 4049 1610 4061 ..
1637 4047 1642 4059 .
1717 4047 1723 4059 .

540 4046 639 4107 cendi
659 4043 805 4108 facultas
829 4048 1034 4117 conceditur,
1059 4066 1118 4109 reo
1141 4055 1272 4109 tantum
1295 4058 1525 4110 recusatrones
1541 4048 1736 4110 obncrendl.
1764 4043 1874 4127 Quem

540 4180 670 4224 morem
694 4181 830 4243 semper
851 4164 1119 4243 reprobavimus,
1143 4171 1178 4225 et
1200 4172 1272 4225 tam
1296 4173 1455 4235 actorem,
1480 4182 1582 4244 quam
1598 4182 1693 4225 reum
1710 4162 1746 4225 in
1762 4163 1874 4224 causis

540 4277 783 4341 ecclesiasticis
798 4279 842 4341 ad
858 4278 1031 4361 legitimas
1046 4280 1264 4360 probationes
1279 4280 1489 4351 admisimus,
1507 4280 1568 4342 sed
1584 4280 1619 4341 in
1642 4279 1873 4341 saecularibus

540 4412 599 4455 eos
624 4413 644 4454 a
666 4412 728 4456 sua
750 4396 996 4457 consuetudine
1018 4395 1169 4457 avellere
1195 4415 1263 4457 non
1294 4395 1475 4476 potuimus.
1506 4391 1688 4457 Scribendi
1710 4393 1746 4456 in
1770 4394 1872 4456 tribu·

510 4536 514 4541 ·
539 4511 674 4572 nalibus
698 4510 811 4571 nullus
835 4520 886 4572 cst
909 4529 1000 4583 usus,
1023 4512 1084 4573 sed
1107 4511 1223 4573 omnia
1233 4511 1316 4573 solo
1334 4512 1513 4572 verborum
1529 4510 1716 4573 certamine
1739 4520 1773 4572 et
1792 4530 1871 4572 exa·

540 4625 632 4687 mine
656 4626 744 4687 inter
767 4634 882 4706 partes
905 4638 939 4687 et
962 4626 1092 4689 iudices
1115 4636 1332 4709 peraguntur.
1356 4625 1387 4688 E
1410 4625 1534 4708 quibus
1564 4624 1735 4687 Umbares
1759 4627 1794 4687 in
1819 4645 1870 4686 ca-

538 4752 695 4812 strorum,
718 4742 807 4803 sicut
830 4740 912 4803 olim
938 4744 971 4804 in
996 4743 1174 4805 civitatum
1202 4744 1322 4823 portis,
1354 4743 1397 4805 ad
1428 4743 1605 4805 dexteram
1633 4751 1667 4804 et
1697 4742 1867 4805 sinistram

539 4857 691 4939 bipartiti
714 4877 793 4920 suas
817 4860 916 4919 sedes
940 4859 1110 4920 collocare
1127 4859 1308 4941 solent(5);
1330 4860 1374 4921 ad
1390 4878 1477 4939 quos
1501 4879 1521 4920 a
1544 4858 1814 4940 provincialibus
1836 4865 1871 4918 ct

626 5020 701 5086 (1l4
722 5020 796 5083 Reg„
816 5018 839 5074 ὁ,
860 5035 884 5070 n,
906 5018 946 5072 26,
973 5049 999 5056 -
1020 5022 1059 5079 (zl
1080 5033 1093 5067 2
1115 5022 1189 5085 Reg„
1213 5030 1251 5081 15,
1272 5031 1295 5081 3.
1316 5049 1349 5057 -
1369 5020 1407 5086 (3)
1433 5023 1521 5075 Dent„
1544 5032 1583 5081 19,
1605 5037 1628 5071 n.
1652 5032 1682 5068 12
1702 5027 1869 5080 ct22,n,15

538 5122 563 5158 ct
578 5120 619 5170 33,
639 5126 663 5161 rr.
684 5120 707 5171 5.
740 5138 745 5144 -
780 5107 820 5175 (4)
839 5110 904 5163 Act„
928 5122 966 5165 12,
988 5124 1010 5159 n.
1031 5108 1055 5161 6,
1082 5139 1105 5145 —
1127 5111 1169 5173 (5)
1189 5111 1277 5165 Dent„
1299 5122 1340 5165 21,
1361 5127 1385 5161 n.
1409 5121 1439 5171 19
1459 5118 1485 5160 et
1505 5120 1546 5171 25,
1566 5127 1590 5161 n.
1612 5118 1634 5168 7.
