4124 6182
211 959 375 1006 Abumrum
396 953 494 1003 libido.

217 2218 499 2279 Pinianusequorum

181 2297 336 2339 manuctor
383 2285 501 2349 patriar·

181 2362 249 2411 chae
267 2358 390 2409 Alionso
402 2359 501 2406 subro-

181 2439 274 2495 gatus.

524 551 566 611 08
857 559 1131 611 EXPEDITIONIS
1154 559 1417 610 AETHIOPICAE
1439 559 1520 610 mc.

522 718 608 781 tunt,
632 728 728 772 reum
751 709 795 771 ad
819 709 1067 772 restitutionem
1094 718 1129 769 et
1159 709 1298 790 insuper
1326 709 1370 771 ad
1400 728 1530 790 paenae
1560 708 1767 771 solutionem
1797 709 1857 771 ob-

522 825 669 909 stringit

617 961 665 1004 12.
690 939 811 1022 Qualis
833 959 951 1003 eorum
974 950 1046 1004 erat
1070 941 1216 1013 inscitia,
1232 941 1312 1003 talis
1327 950 1362 1004 et
1377 941 1469 1004 vitae
1487 940 1654 1004 socordia.
1670 939 1857 1003 Multorum

523 1054 586 1119 filii
616 1067 650 1120 et
679 1055 889 1119 concubinae
916 1057 1152 1119 noscebantur.
1185 1055 1274 1119 Num
1305 1054 1470 1138 episcopi,
1502 1074 1583 1118 num
1608 1055 1803 1137 presbyteri
1824 1065 1858 1117 et

527 1174 595 1234 imo
619 1191 698 1234 num
734 1191 797 1235 nec
831 1170 1028 1253 Presbyteri
1065 1191 1128 1235 nec
1157 1171 1315 1235 monachi
1346 1180 1470 1243 essent,
1502 1172 1721 1235 meritissime
1751 1171 1858 1233 ambi·

524 1289 677 1370 gebatur.
702 1284 864 1369 Synaites
886 1288 1074 1351 monachus
1096 1308 1185 1351 nunc
1208 1288 1306 1359 vivit,
1337 1306 1438 1368 quem
1467 1286 1575 1359 multi,
1602 1297 1681 1369 post
1710 1286 1859 1349 Abunae

526 1401 677 1468 Simonis
699 1404 840 1467 caedem
862 1404 929 1466 huc
951 1405 1143 1487 appulsum,
1167 1424 1243 1467 cum
1271 1423 1338 1467 non
1354 1414 1446 1467 esset
1461 1403 1652 1486 episcopali
1674 1403 1795 1465 ordine
1810 1402 1858 1464 in·

525 1521 683 1603 signitus‚
708 1521 773 1603 ipsi
796 1518 1032 1583 sufficiendum
1056 1523 1230 1584 curabant.
1253 1520 1400 1584 Distulit
1429 1530 1543 1583 tamen
1574 1519 1772 1603 Imperator,
1807 1537 1859 1580 ro·

527 1637 617 1699 mani
641 1637 861 1700 Patriarchae
888 1638 1096 1719 deposcendi
1127 1639 1195 1700 iam
1226 1647 1298 1700 tum
1326 1638 1496 1701 desiderio
1520 1635 1765 1708 inflammatus;
1789 1636 1858 1703 sed.

526 1772 602 1815 cum
625 1753 756 1835 primus
779 1753 875 1816 illum
903 1755 1136 1835 quaerentium
1153 1755 1254 1817 ardor
1269 1751 1471 1823 refrixisset,
1487 1763 1522 1816 et
1537 1752 1695 1815 alludens
1710 1750 1860 1814 humeris

526 1867 730 1950 capillitium
755 1870 1011 1941 insordesceret,
1035 1870 1079 1931 ad
1095 1870 1234 1932 solitum
1251 1866 1444 1941 artificium,
1460 1869 1635 1951 aquariam
1651 1886 1775 1949 nempe
1790 1886 1861 1928 mo·

527 1986 606 2055 lam,
630 1986 726 2047 cuius
748 1985 971 2047 costruendae
986 1984 1115 2067 peritus
1134 1994 1216 2056 erat,
1234 2003 1428 2057 conversus,
1445 2004 1553 2047 uxore
1568 1985 1681 2057 ducta,
1701 1984 1779 2065 plus
1793 1980 1861 2045 fur-

528 2097 612 2163 furis
636 2120 724 2163 nunc
749 2098 841 2171 facit,
863 2120 966 2181 quam
990 2098 1139 2173 larinae;
1164 2119 1226 2163 nec
1249 2100 1357 2171 illum,
1381 2109 1417 2163 ut
1440 2120 1461 2163 a
1483 2109 1554 2163 tam
1581 2102 1672 2182 turpi
1703 2100 1862 2162 molitura

528 2217 719 2289 absisteret,
743 2235 915 2297 nunquam
937 2218 1111 2298 potuimus
1133 2217 1296 2280 emollire.
1321 2215 1366 2287 Is,
1390 2237 1501 2299 quem,
1526 2217 1626 2279 nobis
1653 2218 1689 2278 in
1719 2215 1862 2278 exilium

528 2333 724 2414 compulsis,
748 2334 973 2405 obtruserunt‚
993 2352 1156 2415 equorum
1172 2342 1246 2396 erat
1261 2353 1283 2395 a
1298 2332 1468 2395 Nubianis
1483 2332 1525 2395 ad
1543 2331 1758 2395 Nareaenses
1772 2342 1863 2394 tran·

528 2458 641 2512 sactor
664 2459 781 2531 postea
806 2467 916 2529 caupo
939 2449 1091 2513 vinarius
1113 2460 1147 2511 et
1170 2451 1245 2512 solo
1272 2450 1432 2521 cauterio,
1457 2448 1653 2511 christianis
1679 2448 1769 2510 inter
1792 2446 1862 2509 Ae·

529 2566 670 2647 gyptios
693 2566 729 2627 in
753 2563 889 2627 lacertis
912 2566 993 2627 addi
1016 2565 1130 2638 solito,
1154 2564 1446 2628 commendabilis.
1471 2562 1576 2627 Cuius
1591 2563 1627 2626 in
1642 2563 1862 2645 patriarchali

530 2682 692 2744 cathedra
714 2682 782 2743 iam
806 2682 966 2744 collocati
993 2681 1246 2764 ignobilitatem
1277 2691 1311 2744 et
1335 2679 1540 2762 imperitiam
1563 2699 1640 2742 curn
1664 2679 1862 2761 Aegyptius

530 2799 618 2860 alius
640 2816 750 2860 rerum
774 2798 930 2878 apprime
954 2793 1129 2859 ¹'conscius
1152 2798 1374 2878 praedicaret,
1391 2798 1435 2859 ab
1448 2797 1568 2859 eodem
1585 2806 1636 2859 est
1653 2792 1861 2858 interiectus.
1908 2837 1913 2847 ·
1959 2837 1963 2846 -

530 2909 586 2975 Ob
608 2912 700 2994 quod
722 2911 891 2995 flagitium
914 2920 948 2973 et
972 2921 1087 2974 notam
1111 2911 1358 2994 impudicitiam
1381 2911 1459 2973 loco
1482 2911 1542 2973 ille
1557 2912 1734 2973 submotus
1750 2907 1814 2971 fuit
1828 2920 1861 2970 et

532 3029 566 3090 in
583 3027 661 3091 Del<
678 3030 823 3091 insulam
843 3029 1024 3111 relegatus.
1041 3028 1145 3090 Alius
1160 3047 1271 3110 quem,
1288 3029 1387 3090 nobis
1402 3025 1574 3108 Suaqueni
1591 3027 1771 3097 devinctis,
1784 3027 1862 3088 illuc

531 3165 577 3207 ox
601 3144 766 3226 Aegypto
797 3145 993 3216 intulerunt,
1025 3145 1117 3224 quod
1148 3144 1298 3225 amplam
1322 3142 1521 3205 ancillarum
1548 3151 1583 3205 et
1611 3143 1797 3205 liberorum
1819 3161 1863 3203 ex

532 3263 652 3324 iisdem
675 3261 867 3343 genitorum
892 3257 1057 3323 familiam
1080 3261 1217 3342 publice
1240 3260 1405 3330 ductaret,
1429 3260 1474 3321 ab
1488 3257 1699 3340 Imperatore
1714 3268 1793 3321 ante
1808 3277 1864 3318 an-

533 3397 613 3441 num
637 3378 672 3439 in
694 3389 793 3459 petra
814 3379 989 3440 inaccessa
1011 3377 1111 3439 datus
1133 3388 1184 3439 est
1206 3377 1382 3439 custodiae
1405 3383 1439 3438 et
1462 3374 1550 3437 alius
1565 3376 1610 3437 ab
1625 3372 1863 3436 Alexandrino

533 3496 689 3576 praesule
711 3494 909 3575 postulatus.
