4058 6178
535 584 596 641 140
864 574 1136 625 EXPEDITIONIS
1158 572 1418 624 AETHIOPICAE
1441 573 1521 621 ETC.

531 726 681 788 senatori
704 723 855 788 Lessana
877 722 1031 787 Christds
1053 742 1189 785 suorum
1213 723 1426 803 negotiorum
1450 723 1485 783 in
1509 722 1603 783 curia
1625 720 1751 782 actori:
1778 737 1857 800 quo·

530 860 605 903 rum
627 849 735 902 totum
758 859 879 903 munus
902 849 986 911 erat,
1009 838 1103 901 illius
1125 848 1160 900 et
1184 839 1346 900 comitum
1370 837 1477 899 latera
1496 836 1626 899 vallare
1641 845 1675 898 et
1691 853 1856 898 commea·

533 966 604 1018 turn
628 956 776 1037 undique
799 955 944 1018 concire.
969 952 1176 1037 Stipatorem
1206 974 1244 1017 se
1275 953 1462 1036 adiungere
1492 954 1575 1015 totis
1605 954 1697 1015 votis
1726 953 1855 1033 optavit

531 1091 657 1154 prorex
672 1069 767 1134 Caba
783 1069 946 1141 Christds,
962 1073 1022 1133 sed
1038 1069 1171 1134 obstitit
1186 1069 1407 1152 Imperatoris
1423 1069 1630 1139 mandatum,
1646 1068 1691 1131 ad
1703 1064 1857 1130 Semenis

531 1186 660 1251 bellum
683 1188 869 1268 anticipato
896 1187 1111 1249 accersentia.
1144 1183 1275 1248 Mulam
1305 1195 1421 1248 tamen
1451 1184 1624 1265 argenteis
1652 1182 1802 1265 phaleris
1823 1190 1857 1244 et

532 1303 702 1385 ephippiis
724 1305 902 1366 instratam
927 1301 1148 1365 Patrlarchae
1172 1301 1305 1372 obtulit,
1329 1320 1432 1383 quam
1448 1301 1523 1382 ipse
1540 1319 1607 1363 non
1623 1299 1790 1383 neglexit,
1805 1316 1857 1360 ar·

531 1427 637 1502 gento
660 1427 774 1481 tamen
805 1410 1072 1489 eriauctoratam,
1102 1418 1193 1499 quod
1224 1418 1331 1499 ipsius
1354 1416 1498 1479 instituti
1521 1416 1687 1478 rationem
1715 1415 1777 1477 illa
1806 1433 1858 1476 or·

531 1543 691 1597 namenta
714 1532 959 1596 decolorarent.
974 1530 1061 1595 Cum
1078 1551 1247 1595 summum
1263 1532 1497 1595 Lamalmonis
1512 1531 1687 1601 verticem,
1704 1531 1856 1594 ultimam

531 1649 669 1733 'sigraei
692 1647 789 1731 regni
809 1658 935 1711 metam
951 1658 986 1711 et
1001 1647 1229 1711 Dambaensis
1244 1647 1388 1719 initium,
1401 1648 1576 1718 tenuisset,
1593 1648 1637 1709 ab
1651 1645 1858 1728 Imperatore

531 1766 674 1827 duorum
698 1765 828 1827 dierum
853 1764 1035 1826 intervallo
1058 1765 1137 1827 inde
1160 1765 1311 1833 distanti,
1336 1764 1448 1827 iussus
1470 1774 1522 1825 est
1546 1762 1697 1833 salutari,
1718 1760 1857 1824 ibidem-

531 1899 596 1961 que
621 1877 733 1942 fausta
757 1881 875 1943 nuntia
897 1881 1034 1961 excepit
1055 1877 1117 1942 filii
1140 1877 1319 1961 Capraelis
1341 1898 1362 1941 a
1385 1878 1461 1941 Ras
1480 1875 1561 1941 Sela
1575 1874 1732 1940 Christds
1747 1858 1857 1958 auspi·

532 2006 610 2058 cato
633 1996 807 2059 debellati.
832 1993 933 2059 *Post
964 1996 1104 2057 biduum
1134 1995 1178 2057 ad
1209 1992 1410 2057 Cambinum
1441 1995 1563 2056 obvios
1592 1993 1712 2056 habuit
1727 2002 1857 2075 patrem
1884 1997 1905 2049 f·
1923 1995 1982 2056 ila·
2020 2010 2021 2081 ξ

532 2110 790 2174 Emmanuelem
815 2110 1014 2173 Almeidam
1039 2112 1249 2173 visitatorem
1272 2120 1308 2173 et
1330 2129 1428 2173 suum
1459 2111 1630 2192 quondam
1657 2109 1691 2170 in
1723 2106 1863 2171 Conim-
2020 2112 2021 2125 ¹

532 2229 679 2289 bricensi
690 2228 862 2308 tyrocinio
874 2227 1152 2298 commilitonem,
1165 2237 1298 2308 patrem
1311 2225 1500 2289 Antonium
1513 2225 1741 2288 Fernandium
1753 2223 1858 2305 Ulys-

531 2345 746 2425 siponensem
770 2353 804 2405 et
827 2352 981 2405 coeteros
1003 2352 1120 2424 patres
1142 2340 1366 2405 Goiamenses
1388 2342 1459 2405 suis
1480 2343 1675 2406 residentiis
1699 2341 1742 2404 ad
1762 2341 1858 2403 illurn

532 2478 709 2522 occursum
733 2477 898 2541 egressos.

222 2583 337 2631 Parrum
359 2580 506 2664 soelstarn
622 2594 650 2652 3.
675 2572 771 2655 Quos
793 2575 848 2635 ubi
873 2582 924 2636 est
947 2573 1165 2654 amplexatus
1188 2593 1372 2656 eorumque
1398 2575 1553 2647 maciem,
1584 2573 1717 2637 attritas
1746 2585 1860 2637 vestes

186 2651 506 2775 fflffissm‘fflflfffiss
532 2702 566 2753 et
589 2690 787 2752 circinatam
803 2690 847 2752 ad
863 2688 1049 2752 modestiae
1065 2707 1201 2752 nonnas
1216 2697 1324 2752 totam
1341 2690 1494 2771 corporis
1508 2690 1791 2770 compositionem
1807 2699 1861 2751 est

185 2793 404 2845 mmm·
533 2805 792 2886 contemplatus,
816 2804 901 2866 illud
924 2805 1013 2866 dixit
1036 2805 1128 2884 quod
1154 2802 1258 2866 Iacob
1288 2823 1364 2866 curn
1392 2804 1427 2866 in
1458 2801 1632 2867 confertos
1661 2805 1861 2888 angelorum

533 2922 656 3004 globos
678 2932 768 2983 esset
791 2921 925 2982 illatus:
953 2918 1106 2982 «Castra
1128 2919 1194 2982 Dei
1217 2928 1296 2982 sunt
1317 2920 1432 2982 haec»
1456 2920 1499 3002 (1)
1515 2929 1550 2982 et
1572 2938 1649 2982 cum
1668 2921 1861 3002 praesentia

534 3055 645 3099 rerum
669 3035 940 3099 aestimationem
967 3037 1121 3098 deterere
1143 3036 1252 3098 soleat
1275 3033 1397 3118 (maior
1412 3037 1502 3098 enim
1519 3036 1622 3098 rebus
1637 3054 1656 3097 e
1672 3036 1861 3118 longinquo

533 3153 733 3223 reverentia,
757 3151 845 3214 sicut
868 3152 1024 3232 depictae
1039 3151 1197 3223 tabellae,
1214 3149 1244 3213 si
1259 3151 1400 3232 propius
1416 3149 1648 3232 inspiciantur,
1665 3151 1766 3213 terrei
1782 3159 1861 3213 suut

533 3268 675 3339 colores,
690 3266 719 3329 si
743 3285 762 3328 a
786 3267 889 3348 longe
903 3265 1060 3329 divorum
1076 3277 1179 3347 atque
1198 3266 1339 3328 heroum
1364 3265 1553 3348 imagines),
1578 3276 1757 3348 postquam
1781 3265 1862 3327 illos

534 3382 658 3443 lentius
680 3381 896 3461 introspexit,
921 3380 1052 3462 liquido
1076 3381 1218 3463 agnovit
1240 3381 1462 3444 lectissimum
1485 3382 1575 3444 hunc
1590 3401 1666 3444 esse
1681 3380 1783 3444 totius
1797 3378 1863 3443 So·

532 3498 664 3560 cietatis
688 3495 899 3568 fasciculum,
923 3516 968 3560 ex
992 3494 1173 3560 odoriferis
1195 3499 1346 3561 omnium
1370 3496 1533 3560 virtutum
1556 3495 1697 3560 floribus
1724 3515 1861 3579 compa-

531 3622 634 3684 ctum,
658 3611 912 3695 genuinumque
935 3614 1044 3693 ipsius
1066 3615 1223 3694 spiritum
1248 3613 1371 3677 nullibi
1394 3615 1525 3695 gratior
1546 3632 1700 3678 vernare.
1716 3610 1754 3676 Si
1777 3613 1862 3694 quid

531 3727 657 3789 veroin
671 3727 754 3808 ipsis
769 3738 821 3790 est
837 3728 1031 3799 humanum,
1044 3728 1174 3792 similes
1188 3728 1346 3791 videntur
1362 3728 1528 3791 militibus
1539 3725 1718 3792 'Gedeonis
1729 3728 1784 3812 (2),
1801 3729 1861 3808 qui

531 3844 639 3906 altera
661 3862 763 3905 manu
786 3844 1007 3925 evangelicae
1022 3845 1287 3926 praedicationis
1302 3845 1429 3916 tubam,
1453 3845 1562 3907 altera
1582 3843 1676 3906 urnis
1699 3841 1862 3906 fictilibus

531 3960 642 4022 lucem
664 3960 699 4022 id
723 3968 775 4022 est
799 3978 959 4022 romanae
988 3958 1069 4022 fidei
1099 3958 1279 4023 veritatem
1311 3957 1492 4042 fragilibus
1523 3960 1723 4040 corporibus
1754 3959 1861 4021 inclu-

532 4093 605 4137 sam
640 4072 797 4146 serantes,
832 4084 866 4137 et
900 4074 961 4136 illa
991 4073 1159 4137 continuis
1188 4073 1365 4137 laboribus
1395 4084 1619 4145 conterentes,
1637 4076 1795 4138 eamden.
1824 4075 1860 4135 in

531 4201 705 4253 extremos
727 4189 937 4269 Aethiopiae
962 4187 1047 4252 fines
1076 4186 1295 4252 diffuderunt.
1326 4189 1515 4253 Plurimum
1546 4189 1597 4251 illi
1628 4191 1768 4271 quidem
1797 4209 1860 4251 sua

532 4307 694 4376 doctrina,
712 4305 773 4368 sed
789 4306 897 4366 multo
913 4304 1061 4385 amplius
1077 4306 1229 4367 illibatae
1253 4305 1344 4368 vitae
1367 4307 1537 4388 exemplis
1559 4304 1755 4369 effecerunt.
1778 4301 1860 4368 Scio

533 4420 663 4482 dixisse
685 4421 820 4501 saepius
843 4419 1099 4500 imperatorem,
1124 4421 1234 4483 virum
1259 4441 1325 4484 non
1358 4422 1468 4484 minus
1497 4422 1624 4484 iudicio
1654 4440 1756 4503 quam
1786 4438 1859 4483 sce-

532 4545 609 4617 ptro
632 4554 735 4616 supra
758 4545 912 4598 coeteros
928 4536 1167 4607 excellentem,
1182 4555 1220 4598 se
1236 4556 1296 4618 per
1311 4537 1439 4600 multos
1454 4556 1561 4600 annos
1575 4538 1726 4619 ipsorum
1753 4535 1860 4599 vitam

532 4659 566 4711 et
590 4652 882 4713 conversationem
906 4651 1129 4731 expiscatum,
1162 4671 1223 4714 nec
1254 4654 1432 4715 minimum
1462 4673 1607 4716 naevum
1631 4655 1665 4715 in
1690 4652 1733 4716 iis
1747 4652 1860 4733 dispe·

533 4765 636 4835 nisse,
659 4765 751 4846 quod
774 4766 885 4846 ipsum
909 4766 1092 4837 induxerit,
1120 4776 1157 4829 ut
1187 4777 1360 4839 statueret,
1391 4778 1510 4831 nutare
1537 4788 1604 4831 non
1633 4787 1735 4850 posse
1765 4768 1861 4830 illam

533 4879 647 4954 fidem,
670 4900 757 4962 quae
782 4893 851 4944 tam
874 4879 981 4944 firmis
1004 4902 1144 4963 operum
1168 4886 1353 4947 caementis
1376 4884 1548 4948 niteretur.

621 5130 656 5192 (t)
678 5130 776 5183 Gener..
797 5138 838 5189 32,
858 5145 882 5177 n.
904 5142 926 5180 2.
951 5157 979 5167 —
999 5131 1039 5195 (2)
1058 5131 1127 5186 lud,
1148 5140 1171 5190 7,
1190 5146 1215 5183 n,
1239 5129 1277 5183 16.
