4066 6184
541 641 604 713 270
872 633 1147 698 amanmours
1170 636 1433 699 ammonicus
1458 636 1539 699 stt.

538 815 615 858 curn
638 804 872 867 reverteretur,
898 796 1068 861 redditum
1103 798 1145 861 iri
1180 817 1257 861 cum
1285 799 1437 903 auctario
1470 817 1601 871 munus,
1632 817 1701 880 quo
1731 814 1821 861 nunc
1842 813 1876 860 se

537 911 590 975 sui
612 912 769 994 obsequii
793 931 897 976 causa
919 913 1123 977 abdicasset.
1145 911 1200 986 Et,
1218 923 1255 977 ut
1271 924 1350 995 post
1365 914 1526 997 hyemem
1542 922 1679 996 praesto
1695 922 1788 976 esset
1802 932 1875 995 pro·
2013 996 2014 1009 χ

538 1025 677 1091 fectioni
701 1029 928 1101 adornandae,
953 1029 1051 1093 iussit
1076 1041 1113 1092 ut
1136 1031 1179 1093 ad
1203 1029 1381 1113 Tigraeos‚
1401 1031 1476 1112 ipsa
1503 1031 1649 1101 ineunte,
1667 1039 1871 1111 properaret.
2013 1034 2014 1097 l

536 1142 583 1206 Et
606 1146 717 1208 amico
741 1156 924 1227 antequam
948 1146 1152 1219 discederet,
1176 1146 1324 1229 roganti,
1347 1165 1408 1208 cur
1439 1146 1487 1209 ita
1517 1144 1620 1209 facile
1651 1155 1722 1208 tam
1747 1146 1872 1228 dispari

537 1262 777 1342 permutationi
812 1263 997 1334 annuisset,
1023 1263 1209 1344 respondit,
1233 1263 1321 1325 seire
1344 1283 1381 1326 se
1404 1282 1493 1346 quae
1517 1262 1583 1325 sibi
1607 1264 1642 1324 in
1665 1282 1708 1325 ea
1734 1261 1872 1343 expedi·

537 1376 630 1439 tione
653 1388 773 1458 parata
795 1387 910 1442 essent
933 1399 996 1442 nec
1019 1380 1136 1442 vivum
1159 1400 1205 1442 ex
1229 1379 1290 1442 illa
1312 1398 1558 1463 regressurum,
1582 1378 1653 1452 sed,
1677 1378 1744 1442 sibi
1764 1379 1871 1461 regio

536 1509 610 1554 rum
645 1502 834 1557 castrorum
862 1496 898 1557 in
928 1495 1031 1558 rebus
1062 1492 1142 1558 fidei
1172 1504 1348 1578 torporem
1377 1504 1545 1567 assecuto,
1575 1496 1708 1579 gratius
1739 1515 1814 1558 esse
1839 1496 1870 1557 in

537 1605 649 1672 *illius
672 1607 910 1674 defensionem
932 1611 1181 1675 rusticanorum
1206 1611 1363 1675 manibus
1384 1613 1595 1683 occumbere,
1619 1630 1724 1693 quam
1744 1630 1786 1673 eo
1800 1630 1869 1692 per·
1893 1616 1970 1674 turs.

537 1722 615 1786 duci
627 1732 664 1786 ut
676 1736 857 1808 cogeretur
872 1728 1035 1790 adversus
1051 1747 1110 1790 eos
1126 1727 1250 1808 quibus
1265 1726 1469 1790 nutricatum
1483 1726 1633 1797 deberet,
1645 1726 1716 1789 tela
1728 1726 1870 1788 vibrare.

224 1846 347 1930 niustria
364 1847 429 1898 ndei
451 1863 506 1899 ma·
627 1859 656 1918 3.
673 1837 827 1904 Solemni
843 1842 1065 1906 exaltationis
1081 1840 1199 1906 Crucis
1214 1843 1281 1918 die,
1297 1844 1355 1927 qui
1369 1843 1554 1907 Abassinis
1569 1842 1741 1926 vigesima
1755 1850 1870 1924 quarta

189 1917 346 1970 nimum·
536 1955 743 2035 septembris
766 1958 918 2020 maxima
941 1977 1022 2039 prae
1045 1960 1176 2021 cunctis
1207 1960 1313 2022 totius
1336 1960 1415 2021 anni
1440 1958 1640 2022 celebritate
1663 1959 1817 2027 recurrit,
1838 1967 1871 2019 et

536 2069 653 2151 hyemi
676 2071 866 2136 clausulam
892 2075 1047 2156 imponit,
1078 2072 1302 2158 Tigraeorum
1334 2085 1368 2139 et
1398 2093 1537 2137 suorum
1567 2075 1715 2137 militum
1746 2073 1869 2155 primos

536 2186 579 2249 ad
605 2188 784 2269 opiparum
808 2189 1004 2253 convivium
1027 2191 1205 2265 invitavit;
1230 2212 1249 2254 e
1272 2211 1340 2274 quo
1363 2199 1442 2273 post
1466 2191 1574 2254 multa
1596 2187 1728 2252 fercula
1751 2197 1787 2252 et
1812 2208 1869 2270 pe

536 2302 613 2365 cula
637 2302 672 2365 111
696 2323 821 2385 equum
844 2306 1008 2379 insiliens,
1040 2320 1076 2368 et
1105 2307 1140 2369 in
1175 2303 1403 2369 multiformes
1433 2324 1539 2389 gyros
1568 2303 1635 2368 huc
1665 2304 1748 2367 illue
1780 2301 1868 2366 infle-

535 2427 631 2482 ctens
654 2420 735 2484 illos
758 2421 802 2483 ad
825 2422 1025 2485 certandum
1049 2441 1209 2505 protege
1232 2432 1266 2486 et
1290 2423 1366 2506 lege
1382 2420 1544 2484 Romana
1559 2422 1741 2485 verborum
1762 2420 1868 2483 calca·

534 2534 630 2598 ribus
653 2536 834 2609 incitabat;
858 2538 946 2601 hanc
969 2538 1078 2602 solam
1101 2557 1231 2611 veram,
1247 2539 1416 2601 erroribus
1436 2537 1641 2619 aethiopicis
1657 2534 1867 2605 anteriorem,

534 2648 736 2733 Imperatori
759 2652 909 2736 plurium
942 2655 1163 2717 victoriarum
1194 2662 1228 2717 et
1258 2655 1389 2716 cunctis
1420 2663 1578 2716 aeternae
1608 2651 1729 2715 salutis
1759 2650 1868 2714 conci·

534 2766 700 2830 liatricem
724 2766 908 2844 affirmans,
933 2790 968 2834 se
989 2770 1095 2834 m'tam
1117 2774 1152 2834 et
1172 2769 1261 2835 ar'res
1284 2774 1429 2844 tanturn,
1452 2774 1495 2832 ut
1518 2789 1575 2832 ear
1599 2772 1742 2854 propter
1773 2766 1867 2831 illum

529 2882 693 2967 periculis
715 2883 874 2961 abr'r'cerel,
905 2891 1067 2971 appetere,
1097 2891 1131 2950 et
1159 2891 1297 2950 martem
1324 2892 1389 2971 pro
1420 2884 1486 2948 illa
1509 2883 1678 2972 futuram
1706 2883 1775 2947 sibi
1800 2882 1868 2947 arta

533 2996 723 3064 dulciorem.
749 2999 920 3076 Graviter,
943 3003 1131 3084 inquiebat,
1154 3003 1247 3067 deleo
1274 3002 1364 3087 quod
1384 3001 1489 3064 unius
1511 3000 1602 3064 ar'tae
1630 3000 1696 3064 rr'rn
1726 3005 1867 3086 campen·

534 3114 629 3176 mille
650 3120 800 3200 optarem
823 3120 866 3180 nt
886 3136 998 3180 amnes
1020 3117 1058 3180 in
1081 3117 1179 3180 r'llr’us
1201 3118 1380 3182 retribuam
1402 3122 1437 3182 et
1457 3118 1578 3181 uniet
1606 3116 1726 3181 multr's
1755 3116 1868 3180 r‘ctrlus

532 3229 734 3294 obiectarem,
750 3230 826 3294 Osi
837 3237 954 3295 cuneta
969 3234 1119 3318 corporis
1135 3234 1281 3298 membra
1296 3234 1395 3298 saxis
1409 3234 1645 3304 tunderentur,
1662 3232 1868 3296 mucronrlur

533 3346 729 3410 minutatim
748 3351 988 3433 pungerentur
1010 3353 1043 3412 et
1057 3348 1172 3414 hastis
1194 3348 1538 3437 transadigerentur!
1558 3349 1658 3413 Illud
1670 3370 1722 3413 me
1736 3353 1866 3413 tanturn

532 3462 745 3537 excruciabat,
761 3462 921 3548 sipaucis
931 3463 1133 3528 vulneribus
1145 3465 1334 3550 inscriptus
1345 3465 1539 3529 occumbam.
1551 3464 1614 3528 Ar
1620 3469 1705 3529 cotes
1718 3472 1865 3549 asperen-

533 3581 591 3641 tnr
603 3576 719 3664 gladii
729 3583 764 3643 et
777 3577 916 3642 hastilia
927 3579 1119 3665 poliuntur,
1136 3581 1250 3645 clavae
1264 3582 1415 3645 emnium
1436 3580 1610 3645 rebellium
1625 3585 1661 3645 et
1674 3580 1865 3665 infidelium

533 3694 592 3758 lma
605 3700 706 3780 capnt
719 3696 939 3768 contundunt,
956 3695 1014 3759 lma
1026 3701 1150 3782 guttur
1167 3698 1388 3784 transfigant,
1405 3696 1463 3760 noc
1473 3701 1591 3782 pectus
1601 3697 1805 3782 pervadant,
1821 3699 1866 3759 nr

533 3831 600 3874 non
623 3816 728 3876 erunt
750 3811 837 3875 r‘clus
851 3816 933 3897 qrrat
947 3833 1055 3876 meum
1071 3833 1126 3876 eor
1140 3813 1289 3889 anhelat,
1308 3813 1413 3898 prius
1427 3813 1488 3877 illi
1498 3812 1673 3887 caedenda,
1689 3833 1791 3898 quam
1813 3831 1866 3898 ego

532 3932 565 3991 et
574 3928 751 4012 patienter
763 3932 798 3990 et
810 3926 906 3991 aarile
920 3929 1130 4001 sustinenda,
1147 3929 1378 3994 lassabuntur.
1396 3929 1496 3994 Vivis
1512 3940 1547 3993 et
1563 3930 1765 3993 ardentibus
1784 3931 1864 3993 adeo

532 4045 647 4107 verbis
663 4044 910 4107 catholicorum
934 4047 1037 4109 corda
1054 4048 1284 4129 ignescebaut,
1309 4046 1482 4119 haeretici,
1506 4064 1652 4129 quorum
1675 4047 1779 4111 turba
1801 4065 1863 4108 non

532 4160 657 4232 deerat,
673 4161 832 4224 tacebant
848 4170 882 4224 et
901 4165 1112 4226 aestuabant.
1136 4160 1207 4226 Sed
1230 4162 1289 4225 alii
1313 4182 1360 4225 ex
1376 4164 1500 4234 auim0,
1525 4162 1585 4224 alii
1609 4180 1693 4245 prae
1718 4170 1865 4226 metuet

532 4277 655 4338 rubore
671 4296 708 4339 se
723 4278 768 4339 ad
783 4278 995 4340 moriendum
1011 4287 1089 4340 ante
1106 4279 1212 4360 ipsius
1229 4279 1347 4341 oculos
1363 4279 1398 4340 in
1411 4297 1453 4340 eo
1465 4279 1652 4341 certamine
1665 4275 1862 4341 offerebant.

220 4405 388 4457 tremonem
406 4406 466 4457 11111
477 4416 505 4457 et
621 4413 652 4471 4.
676 4392 785 4456 Paulo
811 4403 889 4475 post
919 4395 953 4456 in
984 4394 1113 4456 bellum
1144 4391 1327 4476 profectus,
1358 4393 1564 4457 Fremonanr
1594 4413 1640 4456 ex
1671 4402 1862 4457 transcursu

184 4478 422 4613 ἓζῗῃωξθέζξῖἕ
443 4479 505 4528 '¹¹¹'
531 4508 615 4571 adiit
638 4519 675 4572 ut
697 4511 872 4591 templum,
897 4509 1121 4573 Beatissimae
1145 4509 1282 4591 Virgini
1306 4531 1353 4573 ex
1376 4511 1471 4573 calce
1495 4519 1530 4573 et
1556 4510 1724 4593 quadrato
1755 4510 1862 4592 lapide

530 4626 601 4687 suis
623 4626 807 4707 impendiis
831 4624 1003 4688 aedificari
1027 4635 1195 4707 coeptum,
1219 4635 1253 4688 et
1275 4635 1389 4708 patres
1411 4645 1570 4708 supremo
1594 4627 1770 4689 inviseret.
1798 4624 1862 4687 Hic

530 4761 551 4804 a
576 4761 609 4825 p.
638 4741 841 4805 Hieronimo
867 4742 964 4823 Lupo
991 4744 1091 4824 petiit
1118 4752 1154 4805 ut
1185 4743 1241 4805 die
1272 4743 1421 4805 crastina
1450 4744 1493 4805 ad
1524 4763 1562 4806 se
1592 4751 1761 4825 pergeret,
1790 4760 1861 4805 cum

530 4877 597 4939 quo
625 4876 686 4940 per
712 4858 861 4920 triduum
887 4878 1020 4921 summa
1045 4857 1248 4922 lentitudine
1275 4860 1425 4922 animum
1453 4856 1669 4922 confessione
1699 4857 1860 4942 expiavit,

530 4974 647 5055 utqui
671 4983 910 5056 praenosceret
936 4974 1001 5037 sibi
1030 4994 1098 5037 nou
1125 4995 1199 5038 esse
1226 4976 1373 5057 amplius
1399 4994 1476 5038 curn
1504 4974 1660 5057 patribus
1682 4976 1858 5058 agendum.

530 5088 688 5172 Illudque
713 5089 777 5154 fuit
800 5093 955 5173 perpetui
980 5091 1094 5154 ieiunii
1118 5110 1225 5173 usque
1241 5092 1285 5153 ad
1301 5091 1422 5154 mortis
1438 5091 1527 5154 diem
1544 5089 1750 5172 auspicium;
1770 5090 1860 5152 nulla

530 5208 631 5280 enirn,
655 5178 810 5290 ericeptis
833 5208 1023 5281 dominicis,
1047 5208 1233 5289 quidquam
1257 5209 1292 5269 in
1315 5228 1355 5271 os
1378 5208 1510 5279 indidit,
1538 5205 1604 5270 nisi
1631 5215 1755 5289 quarta
1779 5206 1859 5269 hora
