4058 6178
629 514 747 563 amaa
769 514 792 572 1,
817 512 942 563 caeur
966 514 1049 565 xv1.
1442 519 1502 578 133

172 679 191 721 a
212 661 389 723 comitatu
403 661 804 743 dissitipnomuims,
825 681 895 724 nec
911 680 1026 743 aquae
1043 661 1178 745 guttula
1200 663 1348 733 inventa,
1368 680 1436 742 qua
1458 662 1504 722 si-

171 777 231 836 tim
253 795 321 839 nos
344 776 605 860 extinguentem
628 787 662 839 et
684 777 762 840 viae
785 778 912 840 duritia
935 787 969 840 et
992 778 1170 840 meridiani
1197 776 1281 839 solis
1311 778 1416 840 radiis
1438 777 1504 859 gli·

171 902 325 954 scentem
348 893 640 976 extingueremus.
672 891 765 956 Huic
795 893 887 954 malo
918 893 1062 955 accessit
1094 892 1325 955 mahometani
1352 902 1504 954 anteam-

171 1006 309 1070 bulonis
332 1029 353 1071 a
376 1019 494 1072 nostro
517 1019 704 1091 conspectu
720 1009 906 1091 digressus,
921 1010 979 1090 qui
995 1010 1095 1071 nobis
1110 1019 1300 1071 extremam
1318 1009 1504 1089 perniciem

170 1125 390 1205 apportabat,
413 1135 558 1207 urgente
581 1125 648 1195 siti,
673 1125 756 1206 quin
780 1124 868 1188 alter
891 1124 1150 1187 mahometanus
1173 1125 1260 1187 duos
1278 1142 1387 1205 aquae
1410 1133 1504 1186 utres

170 1239 279 1302 asello
302 1240 445 1313 vehens,
469 1251 507 1303 ut
530 1239 623 1303 illius
646 1251 781 1324 guttam
804 1238 1004 1310 affunderet,
1035 1259 1136 1323 prece
1161 1241 1219 1303 vel
1246 1241 1357 1322 pretio
1387 1250 1504 1321 posset

170 1356 318 1427 exorari,
344 1357 515 1438 aliquibus
538 1376 583 1418 ex
606 1357 709 1452 sociis
732 1367 765 1419 et
790 1353 1015 1419 familiaribus
1038 1375 1119 1437 prae
1142 1356 1319 1419 debilitate
1344 1367 1377 1419 et
1401 1357 1504 1418 aritu·

170 1470 248 1532 dine
274 1490 312 1533 se
335 1471 370 1532 in
394 1471 528 1552 aliquas
550 1473 706 1535 obiectae
732 1482 844 1535 terrae
874 1474 1101 1542 devexitates,
1131 1473 1228 1554 quasi
1256 1474 1289 1535 in
1313 1472 1503 1554 sepulchra,

73 1626 79 1640 ·
114 1600 133 1642 ·.
169 1588 427 1651 reclinantibus.
439 1584 528 1651 *Hic
548 1590 692 1652 caeteris
707 1590 785 1651 viae
800 1590 949 1661 incertis,
966 1589 1099 1652 subitus
1114 1588 1349 1651 Patriarcham
1365 1590 1505 1671 spiritus

169 1704 273 1766 ardor
295 1713 481 1767 retrorsum
504 1705 540 1766 in
563 1715 714 1768 montem
737 1705 891 1777 abduxit,
916 1705 959 1767 iis
981 1705 1103 1768 rubore
1126 1705 1237 1788 magis
1259 1724 1362 1786 quam
1377 1704 1504 1767 iudicio

168 1819 307 1881 secutis.
332 1817 418 1883 Cum
442 1830 520 1901 post
543 1820 683 1883 brevem
704 1839 833 1882 moram
850 1820 953 1882 homo
968 1822 1107 1903 ignotus
1123 1823 1280 1891 occurrit,
1297 1820 1416 1883 habitu
1432 1821 1504 1901 qui·

168 1934 246 1997 dem
274 1935 542 2007 mahometanus,
555 1936 617 1999 sed
640 1935 752 1999 officio
775 1936 842 1999 Dei
866 1937 1018 2019 angelus,
1043 1938 1101 2018 qui
1129 1955 1232 1998 manu
1253 1936 1404 1999 molliter
1427 1954 1504 2018 pro·

168 2060 269 2112 tensa
293 2051 394 2113 nobis
416 2061 454 2114 ut
477 2052 588 2132 ipsum
611 2070 831 2133 sequeremur
853 2053 982 2123 annuit,
1006 2072 1074 2115 non
1105 2053 1179 2115 sine
1206 2052 1396 2133 aliquorum
1424 2052 1505 2114 reli·

166 2167 283 2248 gione,
300 2167 413 2248 ipsum
430 2186 493 2229 nos
514 2166 605 2229 velle
621 2169 655 2230 in
671 2167 829 2230 insidiam
842 2169 987 2239 trudere,
1000 2168 1263 2249 suspicantibus.
1275 2164 1355 2239 Sed,
1368 2167 1504 2229 modico

168 2282 357 2346 intervallo
379 2282 536 2353 decurso,
560 2302 624 2344 nos
654 2282 698 2345 ad
721 2282 913 2363 pellucidae
941 2302 1050 2364 aquae
1077 2294 1217 2363 puteum
1247 2284 1420 2365 perduxit,
1452 2282 1504 2343 illi

167 2419 234 2461 non
261 2398 442 2468 absimilis,
466 2399 509 2460 de
532 2416 601 2477 qua
627 2397 763 2459 divinus
794 2396 940 2469 Psaltes,
964 2400 1009 2460 ob
1040 2398 1256 2461 dulcedinem
1287 2408 1321 2461 et
1348 2398 1504 2461 sedatum

167 2525 367 2596 opportune
390 2514 425 2576 in
449 2533 582 2577 summa
605 2515 808 2576 necessitate
832 2524 867 2576 et
890 2516 996 2577 eremi
1016 2516 1171 2577 siccitate
1186 2514 1345 2586 calorem,
1368 2517 1504 2598 petram

165 2628 204 2694 da
226 2629 331 2693 malla
353 2629 553 2711 appellavit,
577 2639 613 2693 ut
640 2630 775 2711 probati
800 2640 956 2693 auctores
972 2632 1238 2712 interpretantur
1255 2628 1308 2713 (ι).
1325 2629 1383 2692 Ad
1401 2649 1503 2712 quam

164 2748 222 2808 ubi
247 2742 381 2808 fuimus
404 2745 551 2827 appulsi,
575 2764 617 2807 en
642 2755 780 2827 repente
804 2765 849 2808 ex
873 2757 989 2809 nostro
1013 2747 1177 2809 comitatu
1196 2746 1397 2809 adolescens
1423 2765 1504 2808 exa·

164 2862 274 2924 nimis
297 2862 333 2923 in
360 2870 486 2924 terram
517 2860 712 2923 devolvitur
742 2871 777 2923 et
807 2870 940 2923 mortuo
971 2862 1094 2925 similis
1124 2862 1222 2933 iacet,
1246 2862 1364 2933 donec,
1393 2858 1505 2923 infusa

163 2978 333 3062 guttatim
358 2978 392 3039 in
416 2996 455 3039 os
478 2987 512 3039 et
535 2986 654 3059 guttur
685 2997 782 3058 aqua,
812 2978 1010 3059 respiravit;
1035 2988 1068 3041 et
1099 2977 1203 3040 dubio
1234 2979 1352 3058 procul
1382 2977 1503 3048 obiret,

163 3097 192 3158 si
217 3112 303 3158 eum
329 3093 414 3155 illud
438 3093 543 3154 animi
566 3092 754 3173 deliquium
779 3092 916 3176 longius
940 3113 961 3155 a
983 3104 1088 3173 puteo
1111 3095 1303 3157 invasisset.

258 3214 291 3274 6.
318 3207 403 3271 Inde
427 3227 550 3290 aquam
574 3209 616 3269 iis
638 3209 867 3279 submisimus,
891 3211 950 3290 qui
977 3210 1011 3271 in
1039 3211 1096 3270 via
1126 3210 1342 3272 semianimes
1372 3227 1504 3289 reman·
1566 3214 1689 3275 0⁸um
1716 3226 1733 3260 ⁸
1759 3208 1851 3261 0²¹¹*ss

162 3336 296 3397 serant,
321 3343 447 3405 eosque
470 3323 637 3406 paulatim
661 3343 794 3388 summo
817 3343 894 3387 cum
917 3327 1044 3408 gaudio
1074 3325 1287 3408 collegimus,
1311 3335 1503 3388 moerentes
1530 3282 1852 3420 {ffffssfffflbu'
1953 3348 1954 3351 ¹

163 3445 301 3506 interea
324 3442 370 3503 ob
391 3442 495 3503 trium
518 3438 701 3513 defectum,
725 3460 811 3521 quos
834 3442 933 3504 nobis
955 3443 1076 3522 prima,
1101 3461 1176 3503 cum
1200 3442 1407 3503 camelorum
1432 3459 1503 3503 sar-

162 3559 265 3631 cinis,
282 3576 356 3620 nox
372 3557 519 3619 reduxit.
536 3553 702 3620 Celeriter
716 3558 795 3620 inde
811 3558 1084 3628 convasavimus,
1100 3576 1143 3619 ne
1159 3554 1280 3629 Gallis,
1300 3557 1504 3620 inhumanae

163 3675 312 3741 nationi,
337 3684 372 3735 et
395 3671 599 3754 Imperatori
629 3691 764 3753 semper
794 3673 926 3743 rebelli,
957 3674 1105 3753 praedae
1137 3691 1299 3742 essemus,
1330 3674 1389 3753 qui
1420 3671 1504 3734 illuc

162 3790 310 3872 saepius
331 3789 501 3850 ventitant
524 3788 569 3849 ad
591 3788 808 3869 occupandos
830 3790 980 3851 viatores
1007 3806 1115 3870 aquae
1139 3789 1251 3871 gratia
1274 3789 1308 3850 in
1336 3807 1414 3850 eum
1444 3806 1504 3868 pu·

161 3919 262 3970 teum
287 3902 509 3967 confluentes.
533 3902 631 3966 Licet
654 3912 768 3966 autem
791 3924 916 3966 nervos
938 3923 1057 3966 omnes
1072 3903 1335 3975 intenderemus,
1352 3914 1388 3966 ut
1404 3915 1505 3966 nocte

161 4024 406 4086 traiiceremus
428 4037 598 4101 campum,
623 4017 820 4099 frequenter
843 4021 993 4100 ipsorum
1013 4020 1201 4082 latrociniis
1217 4016 1389 4089 infestum,
1407 4038 1505 4100 supe·

162 4159 242 4202 rare
268 4156 339 4199 non
363 4136 545 4216 potuimus,
566 4136 632 4197 nisi
648 4136 704 4198 die
719 4136 885 4215 sequenti,
902 4136 1002 4197 tertia
1018 4145 1096 4216 post
1112 4136 1196 4197 solis
1211 4152 1386 4217 egressum
1402 4135 1505 4208 hora;

162 4255 339 4335 illumque
363 4252 556 4314 invenimus
578 4269 696 4313 eorum
719 4251 763 4313 ad
786 4260 922 4313 centum
937 4262 973 4312 et
989 4251 1171 4333 sexaginta
1185 4250 1410 4313 cadaveribus
1425 4269 1506 4312 con·

162 4387 338 4453 spersum,
362 4367 421 4448 qui
445 4376 524 4429 ante
547 4367 671 4448 viginti
695 4366 769 4428 dies
792 4366 899 4428 salem
923 4376 1157 4448 exportantes,
1184 4367 1219 4427 in
1242 4385 1358 4428 eorum
1390 4364 1506 4429 ferita-

161 4500 236 4550 tem
265 4484 470 4553 inciderunt,
495 4491 530 4544 et
554 4501 600 4544 ex
623 4481 816 4545 recentibus
838 4500 983 4564 gregum
999 4483 1156 4563 vestigiis
1172 4482 1292 4545 eadem
1309 4492 1409 4545 nocte
1425 4482 1506 4545 illac

160 4600 350 4665 transiisse
373 4597 667 4680 deprehendimus.
693 4596 775 4669 Nos,
800 4599 887 4660 actis
909 4596 986 4659 Deo
1009 4598 1141 4680 gratiis,
1166 4598 1200 4660 in
1231 4607 1393 4660 montana
1422 4618 1506 4680 quo·

161 4737 242 4782 rum
271 4715 340 4797 ipsi
364 4713 550 4776 insolentes
574 4723 663 4783 sunt,
688 4713 957 4783 conscendimus,
983 4724 1016 4775 et
1040 4713 1208 4794 reliquum
1232 4713 1325 4775 illius
1348 4713 1417 4775 diei
1433 4732 1506 4776 cor·

160 4853 252 4917 pora
278 4841 314 4893 et
345 4831 496 4892 iumenta
518 4825 710 4900 refecimus,
734 4846 853 4890 secura
877 4830 943 4890 iam
971 4839 1006 4890 et
1037 4829 1281 4892 iucundissima
1307 4832 1506 4909 praeterito-

160 4970 241 5014 rum
268 4947 429 5010 laborum
451 4945 617 5007 memoria
639 4943 794 5007 recreati.

259 5082 298 5144 (1)
317 5078 401 5128 Divus
420 5077 561 5143 Chrysost„
581 5075 715 5141 Euthym,
732 5078 806 5129 Psal.
824 5077 866 5136 80,
886 5094 910 5128 n.
933 5086 972 5136 17.
