4124 6182
548 578 589 635 40
879 569 1153 619 EXPEDITIONIS
1177 568 1440 618 AETHIOPICAE
1464 568 1545 617 ETC.

545 718 658 780 didior
688 718 886 799 plerumque
917 716 1022 789 color,
1053 726 1087 780 et
1118 717 1252 797 aliquas
1282 738 1328 779 ex
1360 715 1584 779 nobilioribus
1615 716 1745 777 lacteus
1777 714 1880 776 etiam

228 841 396 923 ingenium¹
417 839 518 903 puris·
546 834 771 896 commendat.
803 831 984 916 Ingenium
1016 831 1148 896 cunctis
1178 851 1329 914 peracre,
1362 832 1517 895 limatum
1540 842 1576 894 et
1603 831 1688 893 nulli
1719 831 1754 892 in
1786 839 1882 891 tanta

194 928 248 976 ‘¹¹¹⁹
261 923 364 962 neerei
377 912 516 962 limatum.
545 948 679 1011 urbium
703 950 869 1031 parcitate
892 950 1110 1011 rusticanum.
1134 946 1311 1010 imberbes
1341 947 1588 1010 adolescentuli
1620 946 1780 1008 herorum
1804 964 1879 1007 suo-

544 1084 618 1126 rum
643 1066 803 1127 mandata
826 1065 876 1126 sic
900 1061 1059 1136 referunt,
1083 1074 1117 1126 et
1134 1063 1169 1126 in
1186 1061 1414 1126 tribunalibus
1436 1072 1606 1144 perorant,
1623 1082 1664 1125 ac
1687 1065 1717 1125 si
1741 1062 1879 1126 Romae

543 1182 600 1243 vel
624 1179 775 1243 Athenis
798 1190 912 1243 essent
936 1179 1069 1243 eruditi.
1095 1179 1237 1243 Nullum
1265 1198 1320 1241 me
1351 1179 1509 1241 intuitum
1540 1180 1656 1241 recolo
1678 1199 1780 1262 quern
1804 1180 1882 1242 bar·

544 1299 623 1359 dum
647 1298 704 1359 vel
728 1296 917 1359 morionem
940 1297 1137 1359 iudicarem.
1162 1294 1344 1358 Litteraria
1367 1294 1561 1357 rudimenta
1580 1295 1695 1376 paucii
1720 1316 1742 1358 n
1760 1316 1879 1378 paren·

543 1424 615 1474 tum
639 1414 750 1483 tectis
773 1413 911 1494 plurimi
936 1412 970 1474 in
994 1412 1172 1474 coenobiis
1194 1410 1376 1474 addiscunt
1400 1430 1463 1473 nec
1486 1411 1557 1472 illis
1580 1422 1714 1492 praeter
1744 1411 1881 1474 divinos

543 1528 680 1590 codices
704 1528 773 1590 aliu
795 1536 931 1609 praesto
949 1537 1029 1590 sunt
1045 1530 1279 1597 instrumenta,
1295 1527 1419 1608 quibus
1435 1528 1483 1589 ita
1498 1536 1709 1599 exteruntur,
1725 1537 1763 1590 ut
1779 1528 1879 1609 pauci

542 1665 588 1706 ex
611 1643 816 1725 primoribus
840 1652 974 1705 nostros
997 1644 1054 1705 vel
1078 1662 1146 1705 non
1169 1650 1314 1723 aequent
1338 1641 1394 1704 vel
1418 1660 1485 1704 non
1508 1643 1763 1705 transcendant.

230 1769 516 1850 Reginaesmavul-
634 1781 661 1823 2.
686 1761 769 1823 Post
792 1760 932 1842 longam
959 1770 1151 1840 temporum
1182 1759 1387 1842 vertiginem
1419 1759 1606 1820 masculam
1631 1759 1665 1819 in
1688 1757 1879 1839 Aethiopia

194 1850 362 1961 {giffim‘e'
391 1855 441 1890 ⁸⁰⁸
471 1840 515 1889 ui·
543 1874 725 1940 faeminam
750 1895 912 1959 regnasse
935 1875 1097 1958 gentilitii
1121 1876 1263 1938 annales
1285 1884 1320 1937 et
1343 1875 1484 1937 traditio
1500 1873 1653 1936 omnium
1677 1873 1806 1957 linguis
1825 1891 1879 1935 ro·

542 1992 662 2054 borata
685 2000 904 2062 contestatur,
927 2011 1030 2073 quarn
1054 1991 1120 2073 ipsi
1136 1991 1353 2073 Maquedam,
1371 1991 1429 2054 alii
1448 1991 1630 2053 Nicaulam
1646 1991 1774 2053 dicunt.
1791 1988 1877 2051 Eam

542 2126 624 2168 vero
649 2108 828 2187 ipsammet
853 2104 969 2179 fuisse,
985 2126 1073 2187 quae
1093 2109 1137 2169 ad
1152 2104 1373 2170 Salomonem
1389 2126 1465 2169 eum
1483 2106 1689 2177 muneribus
1707 2107 1876 2188 vigesimo

542 2223 649 2304 ipsius
665 2214 770 2304 'regni
794 2241 883 2285 anno
907 2232 941 2285 et
964 2222 1081 2284 mundi
1107 2240 1202 2301 2979,
1233 2223 1436 2294 ascenderit,
1468 2222 1643 2304 ipsiusque
1673 2221 1875 2303 sapientiam

542 2339 735 2420 periclitata
757 2346 791 2401 et
815 2339 992 2411 admirata,
1017 2336 1125 2400 filium
1148 2358 1195 2401 ex
1217 2340 1337 2401 eodem
1360 2346 1562 2419 conceptum
1586 2335 1726 2399 rediens
1757 2338 1792 2398 in
1824 2337 1879 2397 iti·

543 2474 623 2516 nere
645 2455 815 2535 pepererit
838 2464 873 2515 et
896 2452 1099 2525 Menilehec‚
1124 2455 1213 2517 idest
1236 2454 1381 2517 alterum
1401 2453 1524 2535 ipsum,
1541 2453 1679 2525 dixerit,
1702 2452 1795 2534 quod
1820 2472 1879 2534 pa·

541 2579 671 2631 rentem
692 2570 874 2632 indiscreta
889 2569 1113 2632 similitudine
1129 2568 1288 2643 referret3
1305 2589 1450 2651 eumque
1473 2579 1655 2651 postquam
1675 2569 1719 2630 ab
1734 2569 1879 2649 ephebis

542 2686 757 2756 excessisset,
781 2687 825 2747 ad
849 2686 1007 2748 eumdem
1030 2686 1218 2757 remiserit;
1246 2686 1305 2747 ille
1336 2705 1419 2748 vero
1449 2684 1550 2747 donis
1580 2694 1718 2746 auctum
1742 2693 1776 2746 et
1800 2683 1876 2745 oleo

541 2820 639 2863 sacro
662 2800 800 2884 Regem
824 2800 1051 2882 aethiopicum
1076 2801 1111 2863 in
1134 2802 1264 2883 templo
1291 2800 1528 2884 inauguratum
1558 2797 1612 2862 *et
1642 2798 1818 2862 Davidem
1843 2798 1875 2859 in
1926 2850 1931 2860 .
1972 2848 1980 2859 .

542 2918 598 2978 avi
611 2917 809 2980 memoriam
827 2919 1038 2981 nominatum
1053 2926 1088 2980 et
1104 2920 1273 2981 mosaicae
1290 2917 1379 3001 legis
1391 2917 1589 2980 doctoribus
1610 2925 1712 2998 atque
1734 2915 1879 2977 hebreae

542 3034 640 3095 aulae
663 3032 862 3096 ministeriis
886 3044 919 3095 et
936 3033 1192 3117 magistratibus
1208 3034 1408 3096 instructum
1426 3035 1526 3096 matri
1542 3031 1780 3104 redonaverit;
1798 3049 1878 3111 quo·

543 3167 617 3210 rum
640 3148 800 3230 princeps
824 3148 978 3219 Azarias
1003 3146 1117 3211 Sadoc
1140 3149 1329 3212 sacerdotis
1351 3146 1451 3219 filius,
1468 3158 1603 3229 raptam
1624 3167 1669 3209 ex
1685 3146 1877 3210 sanctuario

542 3265 752 3327 Testamenti
787 3283 902 3327 arcam
924 3264 1112 3346 quadrigae
1136 3264 1335 3346 imposuerit
1365 3274 1400 3327 et
1430 3284 1507 3327 cum
1535 3263 1652 3326 David
1675 3264 1711 3325 in
1735 3262 1878 3325 Aethio·

543 3381 635 3461 piam
659 3380 898 3451 transvexerit,
922 3400 1093 3461 unamque
1115 3401 1161 3442 ex
1184 3381 1273 3463 legis
1303 3381 1430 3442 tabulis
1460 3379 1655 3461 portatilem
1688 3400 1777 3443 nunc
1805 3399 1879 3442 esse

544 3514 638 3557 aram
654 3496 774 3576 templi
792 3495 1020 3568 Auximitani,
1035 3497 1127 3578 quod
1143 3515 1276 3577 semper
1291 3495 1446 3558 habitum
1470 3504 1521 3559 est
1541 3496 1776 3570 ecclesiarum,
1794 3497 1880 3559 sicut

544 3620 579 3672 et
602 3609 767 3672 Auxuma
790 3613 926 3692 imperii
950 3613 1157 3693 metropolis.

231 3739 517 3802 Veritatimulnple-
635 3746 663 3804 3.
689 3727 915 3808 Nugamentis
940 3729 1052 3810 (quale
1075 3737 1127 3790 est
1151 3729 1236 3790 illud
1260 3730 1302 3790 de
1327 3748 1407 3790 arca
1430 3740 1462 3790 et
1490 3728 1599 3791 altera
1634 3728 1724 3811 legis
1752 3729 1880 3811 tabula)

196 3820 517 3932 {gffifffflnugm‘m
544 3843 780 3905 auctoritatem
805 3842 989 3907 conciliare
1025 3845 1131 3907 nostri
1162 3863 1230 3905 non
1261 3853 1314 3906 est
1344 3843 1448 3906 animi
1482 3863 1592 3924 neque
1624 3845 1782 3907 instituti.
1812 3842 1880 3908 Sed

545 3959 633 4020 sicut
661 3956 696 4018 in
730 3977 870 4019 romana
896 3958 1039 4021 historia
1069 3961 1161 4021 veris
1189 3957 1278 4022 falsa
1309 3969 1387 4022 sunt
1418 3962 1581 4032 intersita,
1618 3970 1655 4023 ut
1686 3961 1729 4024 de
1759 3960 1880 4024 Martis

545 4093 621 4135 cum
652 4072 754 4135 Rhea
785 4074 908 4136 vestali
936 4075 1163 4138 collocutione
1191 4085 1225 4137 et
1248 4077 1329 4156 lupa
1355 4076 1516 4158 gemellis
1542 4077 1647 4138 ubera
1676 4078 1882 4157 praebente;

546 4209 623 4251 cum
640 4199 751 4252 tamen
768 4192 858 4272 apud
874 4210 992 4253 omnes
1004 4192 1049 4253 sit
1066 4190 1303 4263 indubitatum,
1319 4191 1470 4254 Romam
1487 4213 1507 4254 a
1523 4191 1678 4253 Romulo
1694 4192 1880 4264 conditam,

546 4324 691 4386 eumque
713 4307 799 4368 tanti
824 4304 929 4368 fuisse
952 4308 1089 4388 imperii
1112 4306 1317 4379 molitorem,
1338 4309 1386 4369 ita
1402 4308 1506 4370 credo
1522 4317 1659 4370 caetera
1682 4307 1880 4385 resecanda,

546 4421 607 4482 sed
632 4422 678 4502 (ut
702 4421 785 4482 mihi
816 4421 859 4484 sit
890 4422 1025 4484 interim
1048 4441 1125 4484 cum
1149 4423 1224 4483 viro
1255 4422 1455 4484 doctissimo
1486 4430 1521 4484 et
1551 4422 1763 4484 amicissimo
1795 4423 1878 4484 veli·

230 4546 341 4629 aegina
371 4548 444 4596 Saba
471 4561 518 4596 ae·
545 4536 698 4619 tatio)(1)
723 4539 914 4609 tenendum,
939 4536 1113 4620 Reginam
1137 4537 1231 4599 illam
1260 4535 1351 4599 Saba
1369 4537 1496 4600 dietam
1520 4537 1751 4619 aethiopicam
1776 4536 1882 4600 fuisse

196 4620 330 4738 ffiffm'
365 4632 424 4668 ⁰⁰¹²
457 4632 518 4667 ω’
545 4661 578 4713 et
603 4651 816 4713 nullatenens
840 4654 1011 4716 arabicam
1036 4651 1115 4737 (nisi
1139 4652 1215 4733 quis
1240 4655 1326 4715 velit
1348 4653 1456 4734 ipsius
1474 4650 1561 4738 [sic],
1584 4653 1676 4734 quod
1704 4655 1781 4735 ipse
1813 4672 1877 4715 non

546 4766 683 4829 omnino
708 4769 845 4847 respuit,
862 4768 1017 4830 eamdem
1033 4768 1242 4849 Aethiopiae
1258 4779 1359 4849 atque
1374 4768 1537 4841 Arabiae,
1556 4769 1590 4830 in
1610 4789 1678 4850 qua
1695 4768 1803 4851 ipsius
1821 4787 1880 4850 pa·

545 4892 673 4944 storum
691 4882 840 4962 mapalia
857 4892 1093 4955 monstrantur,
1108 4885 1181 4945 iura
1193 4883 1341 4967 dedisse)
1358 4894 1391 4946 et
1407 4904 1426 4945 a
1443 4881 1628 4947 Salomone
1647 4885 1879 4966 gravidatam

635 5131 675 5199 (1)
697 5132 845 5188 Pineda,
874 5132 914 5180 De
932 5134 1009 5180 rebus
1029 5134 1135 5191 Saloni,
1155 5134 1200 5186 lib.
1221 5148 1244 5198 5,
1264 5151 1321 5199 cap.
1343 5146 1383 5196 14,
1402 5143 1464 5186 sect.
1484 5146 1514 5198 5;
1534 5134 1606 5191 ibid,
1626 5141 1688 5186 sect.
1709 5147 1734 5196 4,
1754 5148 1778 5184 n.
1801 5143 1839 5198 19.
