4066 6184
609 618 726 668 unsis
749 619 789 678 11,
811 619 938 668 cinus
961 620 1031 669 xx.
1420 626 1480 688 ²97

152 762 263 827 risonis
285 764 352 828 tibi
367 764 548 850 gratulari
565 764 756 850 obsequium
773 766 990 851 populorum,
1012 766 1075 850 qui
1092 786 1267 851 nunquam
1289 788 1312 830 a
1331 766 1486 854 religioso

151 877 305 964 principe
326 879 523 956 desciscunt,
546 879 625 945 dum
648 878 804 945 militant
822 881 882 947 sub
903 881 1029 946 uexillo
1053 881 1180 946 Crucis.
1200 882 1339 948 Datum
1357 884 1486 949 Romae

152 996 249 1081 apud
284 995 449 1061 Sanctum
483 997 627 1062 Petrum
667 996 726 1061 sub
767 998 899 1062 annulo
938 997 1133 1075 Piscatores,
1171 996 1231 1063 ‹li'e'
1256 1000 1282 1063 I
1308 998 1489 1087 februarii

153 1111 342 1177 MDCXX
345 1112 430 1189 VII,
447 1112 672 1199 pontificatus
694 1114 809 1177 nostri
827 1133 917 1178 anno
939 1119 1069 1199 quarto.
1264 1136 1266 1139 ·

242 1227 396 1310 Principi
412 1227 603 1302 Faciladas,
620 1232 693 1293 sive
709 1228 865 1303 Basilidi,
882 1227 1046 1294 Pontifex
1062 1230 1127 1294 hoc
1139 1233 1305 1296 sermonis
1320 1241 1486 1301 contextu

151 1344 196 1408 ad
219 1345 386 1426 pietatem
409 1345 556 1409 calcaria
578 1347 756 1410 submittit.

245 1481 274 1524 2.
302 1459 461 1524 Urbanus
477 1466 572 1546 papa
593 1461 711 1525 VIII.
735 1461 964 1527 Dilectissimo
986 1463 1025 1526 in
1049 1461 1187 1527 Christo
1205 1464 1408 1548 fili‘rsostcr,
1431 1485 1485 1528 sa·

152 1576 257 1640 lutcus
279 1580 316 1640 et
336 1576 552 1661 apostolicam
571 1577 838 1642 benedictionem.
865 1577 1050 1662 Opulentia
1071 1578 1159 1643 Nili
1177 1580 1262 1655 fluit
1282 1579 1486 1666 adglorians

154 1693 303 1757 nominis
326 1693 384 1758 tui
402 1698 436 1757 et
447 1693 557 1778 filius
577 1693 759 1779 aethiopici
777 1694 998 1780 Imperatoris
1019 1695 1180 1760 adolescis
1201 1696 1240 1760 i'n
1257 1701 1348 1781 spem
1369 1701 1486 1781 poten-

154 1809 287 1874 tissimi
307 1809 535 1896 principatus.
559 1809 773 1875 Intellexisti
792 1816 916 1886 tauron,
939 1811 1012 1876 Deo
1034 1811 1177 1886 docente,
1200 1816 1233 1876 te
1254 1812 1486 1877 miserrimum

147 1925 232 2013 fore
252 1926 329 1990 nisi
339 1927 480 2009 fluenta
501 1926 673 2012 evangelii
691 1948 710 1990 c
731 1926 910 1992 catholicae
931 1927 1100 1992 Ecclesiae
1114 1926 1218 2014 fonte
1238 1932 1384 2013 potares,
1415 1928 1491 1992 nisi

152 2042 285 2107 beatum
306 2042 452 2107 Petrum
474 2043 514 2107 in
536 2043 691 2107 Romano
707 2043 917 2129 pontificatu
939 2043 1057 2119 colens,
1076 2043 1324 2130 nuncupareris
1345 2048 1381 2108 et
1400 2064 1487 2109 esses

145 2157 252 2244 filius
274 2157 475 2234 Boionius
492 2158 741 2244 patrimonium
764 2164 866 2245 atque
888 2160 1060 2246 opificium
1076 2165 1127 2224 est
1139 2160 1301 2225 uninersa
1314 2160 1404 2236 coeli,
1419 2166 1485 2225 ter·

154 2293 337 2359 rarumque
363 2280 542 2361 compages.
573 2274 719 2339 Plaudit
745 2274 784 2338 in
807 2274 966 2339 Romana
987 2276 1136 2340 Ecclesia
1160 2275 1244 2361 pius
1269 2276 1485 2361 regnantium

153 2390 362 2454 scandatum
385 2394 419 2455 ct
439 2390 683 2475 obsequentium
709 2391 888 2455 nationum
917 2391 1047 2467 chorus,
1076 2391 1272 2456 christianis
1301 2391 1486 2456 m'rtutibus

153 2505 271 2570 sobolis
293 2504 332 2569 in
354 2504 539 2593 Aethiopia
561 2506 799 2593 imperaturae.
823 2507 935 2571 Porro
957 2512 1070 2571 autem
1091 2508 1227 2594 gaudet,
1254 2507 1317 2571 tibi
1344 2528 1485 2594 regnum

149 2620 315 2708 porario
337 2641 400 2707 quo
422 2621 647 2708 triumphals
663 2627 767 2708 pater
788 2623 903 2687 volens
924 2628 1090 2709 sceptrum
1114 2623 1255 2708 imperii
1280 2623 1399 2688 haberi
1416 2625 1485 2688 oi'r·

150 2758 232 2824 gam
253 2736 449 2802 directionis
470 2742 505 2801 ct
517 2736 697 2824 franciam
718 2739 797 2814 Dei,
816 2739 987 2826 profligat
1015 2759 1204 2831 synagogas
1224 2739 1387 2804 Satanae.
1414 2739 1485 2804 Da-

155 2853 292 2919 inestica
313 2857 430 2918 tantae
450 2853 595 2918 virtutis
616 2854 807 2919 imitatione
828 2854 995 2931 cruditus,
1024 2856 1062 2919 i'n
1091 2875 1132 2919 ea
1160 2855 1305 2920 statisne
1333 2856 1486 2932 excubas,

154 2969 194 3034 in
215 2989 317 3055 quam
338 2974 582 3035 conuertuntur
603 2971 695 3035 oculi
720 2971 807 3036 coeli
832 2976 868 3035 et
895 2976 1007 3036 terrae
1035 2972 1206 3059 exigentes
1227 2993 1250 3035 a
1272 2975 1329 3035 tuo
1350 2971 1486 3057 ingenio

153 3084 310 3161 conicio,
332 3107 416 3173 qnae
437 3086 627 3153 habeantur
650 3087 783 3151 lumina
804 3088 964 3172 Spiritus
977 3088 1103 3152 Sancti
1113 3093 1148 3152 et
1161 3086 1325 3175 fulmina
1339 3087 1487 3151 coelestis

155 3202 309 3269 ultionis.
331 3203 392 3268 Ita
415 3209 474 3278 cst,
496 3203 710 3268 dilectissime
723 3203 797 3288 fili,
820 3205 1044 3290 conquiescere
1065 3204 1104 3267 in
1121 3209 1271 3291 paterna
1292 3203 1387 3291 regia
1417 3224 1486 3267 non

153 3316 255 3394 debes,
277 3317 379 3383 donec
400 3319 584 3404 Aethiopia
606 3321 765 3386 unincrsa
788 3321 836 3384 ad
849 3319 951 3407 pedes
970 3322 1062 3385 bcati
1080 3321 1183 3385 Petri
1192 3320 1388 3405 procunibat
1400 3323 1436 3384 et
1449 3319 1487 3383 in

162 3434 326 3500 Vaticano
349 3434 504 3500 inueniat
523 3436 658 3500 coelum.
682 3436 851 3501 Doctrina
873 3438 963 3502 enim
986 3437 1195 3521 Pontificum
1210 3438 1281 3522 fiet
1297 3435 1397 3499 isthic
1419 3454 1487 3499 non

33 3556 51 3606 f·
67 3567 125 3619 ¹4¹·
154 3548 249 3615 modo
270 3556 345 3636 spes
365 3551 501 3626 salutis,
522 3553 583 3616 scd
600 3553 703 3617 etiam
726 3553 873 3617 anchora
896 3552 1160 3638 tranquillitates
1185 3557 1220 3616 et
1240 3551 1368 3616 *tutelo
1385 3551 1487 3637 prin·

154 3665 300 3751 inpetres.
326 3664 599 3752 Complectimur'
613 3673 646 3732 te
673 3668 820 3732 machus
848 3668 1047 3754 apostolisce
1075 3667 1267 3732 dilectionis
1291 3672 1487 3732 coronatum

153 3787 249 3846 scuto
269 3782 371 3846 bonae
399 3782 596 3859 voluntatis,
626 3784 841 3850 dilectissime
862 3784 938 3868 fili,
968 3785 1027 3848 cui
1052 3785 1261 3870 obsequentes
1289 3783 1428 3869 populos
1453 3789 1489 3849 et

146 3897 311 3986 smentes
343 3898 474 3963 coelites
507 3899 600 3964 inter
628 3920 802 3964 armorum
825 3900 986 3985 trophaea
1008 3905 1044 3964 et
1060 3901 1190 3987 gaudia
1205 3897 1391 3987 felicitatis
1407 3906 1486 3986 pre-

153 4034 293 4087 camnr‚·
316 4013 438 4099 ti'biqice
455 4019 639 4100 paternam
661 4015 915 4080 benedictionem
937 4020 1089 4080 nostram
1106 4015 1226 4080 intimo
1240 4016 1349 4080 cordis
1363 4018 1488 4103 affectu

153 4130 382 4216 impertimur.
409 4131 542 4195 Datum
565 4131 694 4195 Romae
716 4132 810 4216 apud
828 4131 994 4195 Sanctum
1021 4131 1164 4195 Petrum
1186 4131 1247 4194 sub
1272 4132 1402 4195 annulo
1424 4130 1486 4195 Pi·

152 4245 295 4310 statoris
317 4244 370 4311 di’e
392 4248 434 4310 28
454 4246 633 4311 decembris
656 4246 802 4312 MDCX
800 4247 881 4322 XX,
905 4267 994 4310 anna
1004 4247 1227 4332 pontificatus
1241 4247 1355 4311 nostri
1365 4251 1486 4311 octavo.

243 4360 425 4427 Pontificia
440 4363 485 4426 ad
500 4362 734 4427 Patriarcham
750 4362 895 4445 epistola
911 4363 946 4425 in
961 4362 1047 4427 haec
1064 4365 1170 4426 verba
1185 4383 1252 4426 non
1265 4363 1377 4427 minus
1387 4363 1487 4447 gravi

153 4480 289 4544 tollitur
311 4479 487 4543 cothurn0.

245 4613 275 4674 3.
304 4593 466 4659 Urbanus
482 4600 576 4680 papa
606 4595 707 4660 VIII
726 4595 912 4660 venerabili
923 4594 1043 4683 fratri
1069 4594 1242 4679 Alphonsa
1266 4595 1488 4681 patriarchae

152 4700 365 4796 Aethiopiae.
397 4709 605 4775 Venerabilis
621 4710 752 4798 frater,
774 4710 917 4775 salntem
939 4716 973 4775 et
986 4711 1199 4797 apostolicam
1221 4710 1488 4776 benedictionem.

161 4826 259 4892 Vivit
293 4827 391 4891 Deus
420 4847 538 4913 regum
568 4827 697 4892 arbiter
723 4834 759 4893 et
787 4829 965 4893 nationum
997 4827 1175 4893 dominus:
1210 4833 1333 4913 regnat
1365 4827 1490 4893 Petrus

152 4944 251 5010 cuius
273 4943 458 5010 auctoritas
481 4945 520 5011 in
542 4945 710 5009 Romanis
733 4945 959 5030 Pontificibus
982 4966 1049 5010 non
1072 4945 1189 5031 deficit
1210 4949 1244 5008 et
1272 4943 1319 5008 ad
1338 4945 1490 5008 omnium

152 5061 233 5126 iura
256 5081 438 5149 regiicrum
460 5061 626 5128 coelestem
648 5062 812 5129 ditionem
827 5063 1002 5135 extendit,-
1018 5062 1211 5147 tri‘umphat
1226 5061 1347 5148 relegis
1362 5060 1490 5147 disper·

151 5177 262 5243 siones
283 5177 428 5242 Israelis
449 5198 653 5266 congregans
674 5185 709 5243 et
733 5179 835 5268 fores
868 5180 1082 5245 aeternitatis
1104 5178 1226 5268 generi
1252 5177 1401 5242 humano
1426 5183 1490 5263 pa·

234 5316 262 5362 C.
276 5317 385 5362 Essem.
399 5318 458 5363 Rer.
470 5318 538 5363 Aeci.
552 5318 644 5375 Scri‘pt.
659 5331 705 5363 occ.
720 5320 788 5365 inid.
802 5339 828 5352 -
842 5317 910 5362 VIII.
1386 5319 1412 5371 38
