4066 6184
600 608 720 660 111111
742 610 782 670 11,
805 609 931 660 cneus
953 609 1052 661 xvrr.
1424 614 1488 678 ²79

147 754 188 822 Si
211 754 395 841 parentum
417 758 502 822 vitia
524 759 560 821 in
574 754 665 821 filios
680 766 867 831 transeunt,
880 775 940 820 cur
953 776 1022 820 non
1039 758 1073 820 in
1089 767 1227 842 gentem
1247 758 1486 842 aethiopicam,

147 872 237 956 quae
260 872 298 938 se
322 894 343 938 a
366 871 475 938 Cham
497 874 712 958 progenitam
735 871 869 947 fatetur,
899 872 985 938 haec
1008 874 1104 939 illius
1129 876 1290 960 contagio
1313 895 1390 939 cum
1413 877 1486 960 ipse

31 1032 37 1044 ·
148 990 285 1055 dicatur
306 991 437 1074 primus
459 989 595 1075 magiae
617 999 773 1072 repertor
795 998 830 1054 et
849 989 943 1054 illius
962 1000 1145 1074 praecepta
1160 992 1275 1056 aeneis
1289 990 1435 1066 laminis,
1452 1001 1487 1056 et

149 1105 298 1189 lapideis
319 1105 447 1171 tabulis
477 1106 594 1179 incisa,
618 1125 662 1169 ne
692 1105 824 1170 diluvio
846 1104 1007 1189 perirent,
1036 1106 1072 1169 in
1102 1125 1217 1171 arcam
1247 1107 1412 1180 intulisse,
1443 1127 1485 1171 ne

148 1221 236 1287 illud
250 1223 391 1308 generis
411 1221 552 1287 humani
575 1223 710 1306 asylum
726 1222 791 1286 hac
806 1231 902 1305 peste
922 1224 1075 1287 careret?
1088 1221 1143 1308 (1).
1167 1222 1247 1286 Non
1263 1224 1375 1286 minus
1390 1231 1486 1287 certo
1592 1222 1595 1227 '

147 1336 247 1405 suam
261 1339 431 1425 originem
447 1340 482 1402 in
495 1337 747 1423 Jerosolymam
762 1337 928 1403 Abassini
943 1337 1104 1414 referunt,
1120 1340 1216 1404 cuius
1230 1340 1361 1403 incolas
1375 1337 1486 1403 Isaiae

147 1465 252 1521 vocat
265 1455 370 1542 filios
391 1455 622 1543 auguram‘ctlr
647 1453 809 1538 eam‘que
836 1456 921 1519 dicit
943 1456 1147 1539 gravissime
1172 1455 1381 1540 puniendam
1406 1474 1485 1538 pro·

149 1582 229 1657 pter
251 1569 505 1638 multandam
528 1593 667 1637 satorum
690 1571 935 1658 maleficiorum
947 1573 1001 1657 (1).

239 1707 271 1769 7.
294 1687 382 1752 Cum
411 1708 468 1754 res
496 1690 607 1754 oculis
636 1698 755 1773 patent
785 1687 946 1774 (addebat
976 1690 1187 1773 Patrlarcha)
1211 1692 1295 1773 quid
1318 1711 1404 1775 opus
1431 1702 1484 1758 est

146 1806 287 1871 aliunde
309 1806 531 1889 probationes
553 1804 759 1870 laboriosius
781 1807 919 1870 rimari?
940 1803 1032 1889 Quid
1055 1816 1189 1871 nostrae
1212 1808 1306 1871 domi
1322 1810 1484 1875 acciderit

145 1922 371 1988 considerate.
387 1919 554 2005 Quamvis
569 1922 769 1987 adolescens
795 1923 866 1997 ille,
882 1924 942 2006 qui
958 1924 1089 1987 duobus
1103 1925 1176 1987 vini
1192 1924 1325 2007 poculis
1348 1946 1370 1988 a
1384 1922 1485 1989 fabro

146 2037 291 2104 ferrario
313 2059 334 2104 e
356 2040 482 2104 mentis
510 2048 602 2105 statu
632 2036 697 2104 fuit
720 2040 929 2115 deturbatus,
960 2061 981 2104 a
1011 2040 1128 2105 multis
1150 2043 1305 2106 ebriosus
1330 2051 1483 2125 putatum

144 2156 300 2239 crapula,
322 2156 381 2219 ubi
404 2156 627 2231 obdormitur,
650 2157 834 2222 evanescit.
857 2156 957 2221 Illius
971 2154 1096 2221 furoris
1119 2176 1245 2241 magna
1267 2154 1332 2222 fuit
1355 2157 1485 2222 diutur-

144 2272 245 2336 nitas
269 2269 369 2336 Ebril
390 2272 483 2356 quod
506 2282 586 2337 ante
608 2273 713 2356 pedes
735 2282 788 2338 est
810 2293 879 2337 non
902 2274 1030 2346 vident,
1046 2274 1247 2338 adolescens
1262 2276 1323 2338 ille
1338 2273 1484 2348 fabrum,

144 2408 215 2452 non
237 2398 319 2472 post
333 2409 438 2454 unum
453 2398 595 2463 tantum,
612 2399 649 2454 ut
664 2389 805 2463 linceus,
822 2391 884 2454 sed
895 2399 974 2472 post
988 2391 1164 2474 triplicem
1180 2392 1357 2475 parietem,
1377 2393 1485 2455 intue-

144 2505 256 2570 batur.
279 2504 340 2569 Illi
361 2506 480 2569 vinum
502 2515 537 2570 et
559 2526 637 2570 cum
660 2506 723 2570 illo
746 2526 853 2580 escas,
869 2527 958 2590 quae
973 2526 1035 2590 per
1051 2526 1091 2570 os
1106 2516 1184 2571 sunt
1200 2507 1386 2591 ingressae,
1403 2528 1486 2572 non·

145 2640 333 2705 numquam
357 2631 520 2687 evomunt
525 2642 534 2698 ;
557 2624 623 2686 iste
645 2642 795 2705 pannum
815 2633 850 2688 et
865 2623 1031 2687 carbones
1046 2623 1092 2687 ab
1106 2624 1285 2688 stomacho
1300 2624 1484 2707 provolvit,

143 2738 238 2802 sicut
259 2737 320 2801 alii
343 2737 463 2803 clavos
485 2749 521 2803 et
543 2758 718 2803 nummos:
742 2759 828 2822 quos
850 2740 928 2822 quis
951 2739 1134 2804 introrsum
1159 2739 1303 2804 occultis
1319 2741 1486 2805 meatibus

143 2853 311 2918 inducere
326 2864 470 2937 poterat,
485 2856 553 2919 1111
569 2856 737 2920 daemon?
761 2854 862 2920 Unde
877 2854 1036 2920 tabificae
1052 2857 1133 2921 illae
1149 2866 1359 2921 caeterorum
1375 2857 1485 2940 aegri·

144 2969 294 3044 tudines,
317 2990 395 3035 cum
418 2990 482 3035 uec
497 2968 593 3035 febre
609 2972 831 3047 calescerent,
847 2992 910 3037 nec
934 2971 1065 3058 frigore
1080 2973 1312 3059 rigescerent?
1331 2972 1391 3036 Ad
1407 2973 1486 3036 illas

144 3086 372 3171 depellendas
393 3107 482 3171 quae
504 3088 683 3172 placentae
706 3089 751 3152 ab
778 3108 881 3173 aegra
896 3090 1078 3154 conditae?
1101 3087 1199 3173 Quae
1214 3089 1307 3172 sputi
1326 3098 1359 3153 et
1374 3097 1485 3152 tactus

143 3222 252 3288 sagae
274 3204 405 3267 virtus?
428 3202 576 3267 Caecum
600 3225 621 3268 a
644 3204 824 3269 nativitate
847 3204 1005 3271 Christus
1020 3205 1111 3289 sputi
1127 3214 1161 3269 et
1177 3205 1240 3269 luti
1256 3206 1485 3288 applicatione

143 3319 283 3383 11111111
304 3320 386 3402 quia
407 3317 446 3384 in
471 3318 605 3385 1111111111
621 3319 738 3407 patras
759 3320 820 3386 1111
837 3326 983 3395 venerat,
1007 3332 1043 3386 et
1065 3322 1101 3385 in
1124 3331 1215 3386 eoet
1237 3319 1364 3384 virtute
1383 3320 1485 3384 abeo

144 3435 304 3500 derivata
326 3454 433 3519 opera
455 3438 653 3519 praestabat
665 3436 719 3522 (3).
744 3435 795 3502 At
819 3437 881 3502 1111
903 3437 1161 3523 praestigiatrix
1184 3438 1219 3500 in
1239 3437 1375 3501 nomine
1391 3438 1485 3521 regis

144 3550 312 3625 Abollae,
335 3552 372 3616 id
394 3562 448 3617 est
463 3553 650 3626 daemonis,
667 3573 729 3637 per
743 3556 835 3637 quod
851 3557 986 3628 iuravit,
1002 3555 1096 3618 etad
1112 3553 1209 3618 cuius
1231 3555 1484 3617 invocationem

145 3666 244 3731 Deus
267 3686 371 3750 opem
394 3687 461 3731 non
484 3678 557 3732 erat
579 3670 777 3734 collaturus.
794 3668 886 3753 Quid
901 3669 988 3734 cinis
1011 3690 1099 3753 aqua
1114 3679 1304 3733 maceratus
1327 3670 1371 3732 ad
1388 3670 1483 3732 illam

144 3772 406 3865 expiationem?
441 3778 543 3848 Unde
573 3786 821 3851 insanientibus
848 3795 919 3850 tam
949 3795 1042 3850 certa
1071 3786 1264 3850 occultatae
1295 3785 1484 3849 medicinae

144 3897 365 3982 conquisitio,
389 3901 541 3965 inventio
565 3910 600 3965 et
622 3902 825 3983 obsequium
849 3920 932 3986 erga
955 3901 1225 3965 mendicantem?
1259 3900 1383 3986 Nugae
1406 3910 1484 3965 sunt

143 4014 232 4079 haec
255 4016 373 4079 omnia
395 4024 430 4080 et
460 4018 689 4080 certissimum
719 4016 877 4100 impliciti
908 4037 986 4081 cum
1016 4018 1183 4082 daemone
1212 4018 1316 4101 pacti,
1346 4029 1417 4082 tam
1449 4017 1482 4081 in

146 4132 278 4196 morbis
301 4128 498 4206 inferendis,
521 4152 623 4216 quam
648 4133 683 4197 in
713 4133 886 4207 tollendis,
918 4144 1167 4217 argumentum.
1199 4134 1354 4198 Daemon
1381 4136 1483 4207 enim,

144 4247 204 4329 qul
227 4247 294 4311 sub
316 4246 435 4312 11111111
458 4249 586 4314 dormit
606 4250 645 4314 in
675 4254 798 4315 secreto
820 4251 948 4314 calami
962 4250 1016 4336 (4),
1042 4252 1255 4315 umbriatiles
1285 4270 1420 4335 semper
1449 4262 1485 4315 et

144 4363 353 4428 arundineas
374 4367 639 4431 exercitationes
669 4366 793 4451 diligit,
825 4375 860 4430 et
890 4367 1047 4431 inanibus
1078 4367 1354 4431 contentionibus
1381 4386 1418 4431 se
1442 4368 1484 4430 li·

144 4479 280 4552 beuter,
303 4480 429 4544 nedum
452 4483 625 4555 invitatus,
649 4482 829 4545 immiscet.
853 4480 939 4546 Cum
964 4480 1069 4566 igitur
1093 4484 1207 4545 omnia
1229 4484 1405 4566 superiora
1421 4502 1483 4545 nec

144 4594 267 4658 divina
289 4598 444 4679 potentia
467 4617 529 4661 nec
560 4598 756 4662 hominibus
779 4599 897 4662 innata
919 4599 1080 4671 nitantur,
1104 4598 1244 4680 planum
1268 4610 1319 4663 est
1343 4599 1438 4661 illam
1462 4619 1483 4661 a

144 4709 318 4776 daemone
347 4723 545 4779 mutuatam.
579 4714 737 4779 Convicti
767 4714 936 4778 dictorum
967 4715 1149 4787 evidentia,
1177 4715 1297 4778 eodem
1328 4714 1482 4778 revolve·

143 4826 280 4901 bantru,
303 4837 341 4891 ut
371 4830 500 4894 centies
530 4830 684 4894 dicerent
711 4831 948 4895 Patriarcham
975 4840 1010 4894 et
1033 4839 1148 4913 patres
1174 4831 1317 4893 duomm
1340 4831 1481 4893 deorum

143 4963 223 5009 esse
251 4942 472 5021 formatores;
498 4956 533 5011 et
560 4967 681 5032 magos
711 4948 897 5030 aliquando
924 4946 1041 5021 fuisse,
1065 4949 1127 5011 sed
1151 4949 1218 5010 iam
1246 4968 1264 5010 e
1291 4945 1428 5018 mundo,
1452 4947 1482 5009 si

171 5142 174 5147 -
211 5134 215 5141 ·
235 5096 282 5175 (1)
294 5106 477 5171 Cassian,
495 5108 585 5163 collat.
604 5109 628 5168 8,
647 5124 705 5175 cap.
719 5121 761 5163 11.
776 5137 808 5148 -
822 5108 861 5178 (1)
875 5111 948 5169 Isari,
961 5119 1004 5175 47,
1016 5126 1043 5163 1.
1056 5121 1072 5172 9
1086 5116 1112 5160 et
1125 5117 1167 5172 57,
1179 5123 1205 5161 n.
1219 5088 1481 5176 3.-(4)Ιοα11.’»9,

143 5213 170 5254 n,
190 5195 221 5256 6;
244 5198 329 5256 loun„
350 5208 375 5264 5,
394 5214 419 5251 1.
439 5209 473 5265 43
493 5209 518 5249 et
540 5210 580 5261 10,
599 5214 625 5254 n.
645 5207 687 5263 15.
707 5226 740 5238 -
760 5198 799 5267 (4)
819 5200 882 5258 Iob„
900 5212 943 5266 40,
963 5215 988 5252 n.
1010 5198 1049 5252 16.

1547 1702 1651 1752 Probat
1677 1716 1711 1753 ex
1736 1702 1833 1754 (111111-

1510 1771 1590 1823 utici·
1607 1773 1726 1825 11111111.
