4166 6182
553 601 589 642 12
888 591 1161 642 EXPEDITIONIS
1186 591 1447 640 AETHIOPICAE
1471 591 1551 640 ETC.

549 742 736 805 necessitas
759 762 821 803 nos
838 752 937 823 urget
953 750 990 802 ut
1006 740 1084 801 illas
1101 740 1162 801 toti
1180 740 1307 801 mundo
1324 738 1554 819 dispiciendas
1577 758 1816 819 proponamus,
1833 759 1885 805 ne.

551 859 703 920 inaudita
726 877 838 927 causa,
864 857 1061 919 iudicemur.
1087 855 1284 936 Praecipue,
1301 875 1378 917 cum
1395 855 1612 925 audierimus
1636 856 1681 917 ab
1704 855 1884 936 aliquibus,

549 994 694 1056 quorum
718 972 849 1055 pectori
873 975 1024 1035 innatum
1050 982 1102 1034 est
1125 972 1244 1053 nigrae
1268 972 1421 1053 loliginis
1444 980 1680 1041 atramentum,
1700 981 1827 1032 temere
1851 972 1884 1032 in

548 1089 688 1171 Europa
712 1091 980 1160 disseminatum,
998 1087 1084 1149 nihil
1108 1090 1142 1148 in
1159 1086 1349 1167 Aethiopia
1371 1087 1545 1157 amissum,
1561 1087 1641 1168 quia
1665 1107 1685 1148 a
1703 1083 1885 1148 Societatis

549 1206 714 1287 operariis
748 1205 833 1267 nihil
857 1216 956 1268 antea
984 1206 1017 1266 in
1042 1224 1082 1266 ea
1105 1213 1252 1284 gestum,
1275 1204 1332 1265 vel
1355 1203 1533 1265 Ecclesiae
1557 1223 1716 1265 romanae
1740 1213 1883 1284 partum,

548 1334 584 1384 et
615 1322 850 1384 Patriarcham
882 1331 915 1383 et
946 1330 1061 1402 patres
1084 1323 1129 1382 ab
1156 1342 1205 1391 ea,
1231 1341 1299 1382 non
1322 1321 1558 1401 persecutione
1588 1321 1793 1400 compulsos,
1824 1320 1884 1380 sed

550 1439 782 1500 clementioris
805 1437 894 1500 coeli
921 1449 954 1499 et
981 1437 1207 1519 opulentioris
1230 1437 1295 1498 soli
1318 1436 1499 1498 dulcedine
1522 1437 1675 1507 allectos,
1692 1433 1830 1501 exiisse,
1850 1444 1884 1496 et

549 1556 578 1616 si
595 1575 663 1635 qua
685 1554 733 1615 ibi
757 1552 949 1634 persecutio
972 1554 1107 1623 saeviit,
1121 1573 1187 1614 non
1212 1554 1248 1614 in
1264 1571 1425 1614 romanae
1441 1550 1529 1621 fidei,
1548 1551 1608 1612 sed
1633 1553 1666 1612 in
1683 1550 1881 1612 Iesuitarum

549 1670 665 1733 odium
697 1671 878 1733 exarsisse.
910 1668 1011 1749 Quod
1041 1690 1094 1730 me
1126 1668 1263 1749 impulit
1294 1669 1337 1729 ad
1369 1686 1479 1729 meam
1506 1667 1595 1728 hanc
1618 1665 1881 1746 Expeditionem

548 1787 760 1847 exarandam
784 1796 818 1847 et
841 1786 968 1847 mundo
984 1785 1241 1867 divulgandam,
1257 1795 1294 1846 ut
1309 1804 1396 1865 quae
1419 1784 1580 1864 privatim
1597 1792 1695 1864 gesta
1718 1790 1806 1849 sunt,
1823 1800 1883 1861 pu-

551 1901 642 1962 blice
659 1901 883 1973 innotescant,
908 1912 942 1962 et
965 1909 1092 1982 quanta
1117 1897 1219 1961 fuerit
1243 1899 1337 1961 illius
1360 1899 1526 1960 ecclesiae
1542 1899 1648 1967 ruina,
1665 1917 1710 1959 ex
1731 1896 1883 1958 veritatis

547 2020 686 2090 trutina,
718 2038 785 2078 uon
810 2037 855 2078 ex
880 2017 1143 2079 obtrectantium
1167 2015 1409 2077 maledicentia
1431 2023 1660 2095 pernoscatur.

638 2132 754 2194 Minus
779 2133 916 2212 quidem
940 2141 1098 2214 suspecta
1122 2133 1230 2193 videri
1256 2140 1371 2212 posset
1405 2130 1491 2192 haec
1518 2131 1605 2192 ratio
1635 2150 1695 2191 seu
1723 2130 1881 2197 narratio,

546 2251 578 2310 si
602 2251 708 2311 alium
732 2251 934 2330 scriptorem
961 2228 1148 2319 sortiretur,
1173 2268 1240 2309 non
1266 2248 1373 2317 illum,
1394 2249 1428 2308 in
1448 2266 1549 2329 quem
1566 2248 1747 2308 multarum
1773 2264 1881 2306 rerum

550 2383 725 2445 perperam
759 2376 931 2447 gestarum
954 2365 1056 2445 culpa
1086 2361 1232 2425 conferri
1255 2373 1377 2444 potest.
1410 2360 1535 2424 Sumus
1566 2363 1656 2423 enim
1684 2361 1881 2441 plerumque

547 2481 583 2541 in
608 2481 710 2541 rebus
740 2479 888 2561 propriis
919 2478 1053 2551 suffeni,
1078 2491 1111 2541 et
1135 2480 1235 2541 nobis
1260 2481 1293 2541 in
1318 2480 1403 2560 ipsis
1438 2478 1609 2540 erroribus
1632 2476 1880 2538 abblandimur.

547 2594 616 2657 Sed
642 2597 737 2658 nulla
760 2598 884 2658 certior
899 2596 1044 2658 historia
1066 2615 1167 2676 quam
1189 2595 1282 2657 illius
1305 2615 1406 2675 quem
1423 2615 1463 2656 ea
1483 2614 1571 2675 quae
1596 2603 1786 2662 narrantur,
1809 2592 1881 2653 sive

549 2731 713 2792 prospera
735 2714 809 2774 sive
839 2714 994 2784 adversa,
1019 2713 1144 2792 ubique
1168 2723 1381 2802 praesentem
1414 2710 1648 2791 *repererunt;
1679 2730 1741 2770 nec
1773 2708 1881 2787 minus
1907 2714 1990 2768 tur,

549 2829 697 2889 creditur
721 2826 810 2889 Iulio
835 2825 973 2890 Caesari
997 2827 1031 2889 in
1057 2827 1099 2889 iis
1122 2847 1209 2909 quae
1233 2826 1306 2908 ipse
1334 2827 1377 2889 de
1408 2847 1444 2889 se
1467 2827 1502 2888 in
1526 2828 1597 2888 suis
1619 2818 1882 2887 Commentariis

546 2943 675 3014 scribit,
700 2963 803 3025 quam
827 2945 869 3006 iis
892 2963 980 3024 quae
1002 2942 1101 3006 Titus
1132 2943 1252 3006 Livius
1282 2953 1317 3006 et
1347 2943 1550 3006 Plutarchus
1580 2942 1623 3004 de
1654 2943 1729 3023 ipso
1754 2940 1787 3002 in
1812 2940 1881 3001 suis

548 3060 776 3122 monumentis
788 3061 1058 3142 promulgarunt.
1076 3060 1148 3121 Nec
1166 3061 1281 3141 magni
1301 3058 1483 3121 Athanasii
1503 3057 1630 3119 veritas
1647 3057 1801 3128 labascit,
1815 3056 1882 3116 imo

545 3178 806 3238 commendatur
828 3197 875 3237 ex
899 3177 941 3238 iis
965 3196 1051 3257 quae
1076 3176 1149 3257 ipse
1173 3177 1215 3237 de
1239 3194 1276 3236 se
1299 3185 1465 3236 memorat
1490 3176 1522 3235 in
1547 3176 1618 3235 suis
1637 3171 1833 3255 Apologiis,
1851 3182 1882 3233 et

546 3293 582 3353 in
607 3290 765 3372 Epistola
788 3292 832 3354 ad
856 3292 1045 3354 solitariam
1070 3294 1177 3354 vitam
1201 3302 1352 3373 agentes,
1376 3312 1439 3354 nec
1462 3290 1546 3353 fides
1563 3291 1615 3353 illi
1632 3288 1772 3352 inferior
1789 3290 1881 3351 adhi-

547 3408 656 3479 betur,
679 3428 782 3489 quam
806 3408 967 3469 historiae
991 3408 1245 3471 ecclesiasticae
1265 3410 1532 3479 contextoribuS,
1549 3410 1607 3489 qui
1631 3408 1729 3489 plura
1753 3427 1797 3468 ex
1814 3405 1882 3468 illis

545 3534 626 3585 sunt
642 3525 796 3585 mutuati.
814 3523 886 3585 Nec
904 3521 1063 3605 Gregorii
1080 3524 1287 3586 Nazianzeni
1302 3521 1387 3586 fides
1403 3526 1566 3595 elevatur,
1583 3526 1673 3606 quod
1691 3523 1764 3605 ipse
1776 3532 1881 3585 totam

548 3639 655 3700 vitam
688 3659 784 3701 suam
808 3640 1012 3701 exhametro
1035 3640 1196 3710 carmine,
1221 3650 1256 3702 et
1280 3641 1313 3702 in
1338 3642 1491 3702 oratione
1515 3641 1558 3702 de
1583 3642 1740 3703 laudibus
1768 3650 1880 3700 contu-

546 3755 697 3816 bernalis
721 3757 773 3816 sui
797 3754 918 3817 Basilii
941 3757 1170 3836 descripserit.
1196 3757 1336 3818 Recens
1351 3775 1487 3836 quoque
1504 3757 1670 3819 habemus
1686 3756 1880 3837 exemplum

547 3872 770 3932 illustrissimi
794 3880 828 3932 et
851 3872 1125 3934 reverendissimi
1141 3872 1263 3934 Alexii
1286 3871 1433 3934 Menesii
1455 3872 1703 3953 archiepiscopi
1723 3870 1834 3935 Goani
1849 3883 1881 3934 et

546 3986 667 4048 indiae
691 3988 855 4067 primatie,
873 3988 929 4068 qui
956 3988 1191 4050 lustrationem
1214 4009 1310 4050 suam
1334 3987 1582 4050 Malabaricam
1606 3988 1788 4050 lusitanice
1811 3988 1881 4050 vul·

548 4102 656 4183 gavit,
681 4121 757 4163 cum
782 4098 900 4163 Sancti
917 4100 1070 4163 Thomae
1087 4103 1300 4176 christianos
1321 4124 1342 4166 a
1357 4103 1637 4166 Nestorianorum
1655 4101 1751 4165 faece
1768 4122 1880 4185 repur-

545 4226 655 4298 gatos,
680 4237 840 4279 romanae
870 4217 1048 4281 Ecclesiae
1079 4220 1262 4300 copulavit.
1288 4220 1400 4282 Nemo
1423 4222 1514 4283 enim
1546 4219 1669 4283 melius
1691 4240 1746 4282 res
1778 4222 1879 4290 novit,

545 4353 649 4414 quam
678 4334 739 4406 illi,
767 4354 854 4416 quos
881 4336 1062 4396 continuae
1094 4336 1248 4396 laborum
1280 4335 1406 4407 stillae,
1437 4336 1492 4397 vel
1525 4334 1687 4417 frequens
1720 4334 1880 4399 fluctuum

547 4449 735 4511 incursatio
766 4450 917 4512 extrivit.
949 4450 1001 4511 Ne
1025 4459 1139 4512 tamen
1164 4451 1198 4512 in
1222 4453 1325 4513 rebus
1355 4452 1572 4533 gravissimis
1602 4461 1720 4514 nostro
1751 4462 1879 4514 tantum

545 4565 641 4626 dicto
657 4575 775 4639 stetur,
791 4563 986 4646 pontificias
1009 4576 1042 4627 et
1066 4568 1210 4628 duorum
1228 4565 1477 4647 Imperatorum
1494 4570 1657 4649 epistolas
1672 4568 1752 4631 huic
1769 4568 1879 4649 Expe-

545 4679 671 4742 ditioni
705 4684 901 4753 atteximus,
930 4694 977 4753 ut,
1002 4684 1030 4744 si
1061 4684 1138 4764 quis
1169 4683 1203 4745 in
1231 4693 1347 4745 nostra
1382 4682 1449 4745 fide
1480 4685 1713 4756 haesitaverit,
1747 4684 1879 4746 illarum

548 4795 704 4867 lectione,
729 4799 930 4860 auctoritate
953 4799 1127 4860 solidetur.

635 4911 681 4975 Et
697 4923 734 4975 ut
751 4935 771 4975 a
787 4916 893 4995 priori
916 4916 1088 4978 calumnia
1111 4916 1273 4977 diluenda
1289 4916 1503 4998 incipiamus,
1516 4919 1612 4980 nullo
1628 4919 1662 4979 in
1679 4936 1764 5001 agro
1780 4935 1878 4979 exco-

548 5029 650 5091 lendo
673 5039 708 5091 et
731 5032 905 5092 runcando
932 5032 1131 5094 attentiores
1154 5042 1187 5094 et
1214 5035 1442 5095 cunctatiores
1471 5031 1566 5094 fuere
1595 5030 1781 5096 Societatis
1804 5052 1879 5113 ope·

550 5146 630 5206 rarii
653 5165 755 5227 quam
779 5148 813 5207 in
839 5146 1041 5228 aethiopico,
1071 5167 1172 5227 quem
1196 5157 1232 5210 ut
1252 5168 1332 5211 vere
1356 5149 1487 5211 romani
1511 5150 1659 5211 concilio
1682 5169 1744 5213 suo
1767 5160 1801 5212 et
1823 5167 1878 5230 pa-
