4066 6174
619 698 735 748 LIBER
758 699 797 758 11,
821 697 946 747 CAPUT
969 697 1080 748 XXVI.
1450 700 1510 763 337

184 846 379 927 impleatur.
401 845 636 909 hauriendum.
659 844 833 926 Princeps,
856 846 885 908 si
912 853 1026 926 patres
1049 863 1116 906 non
1146 844 1332 917 damnaret,
1357 851 1514 926 patruum

184 962 229 1023 ob
251 972 463 1044 pungentem
486 961 627 1026 interius
657 960 806 1024 invidiae
828 959 982 1023 aculeum
1013 979 1081 1022 non
1105 959 1314 1022 absolvebat.
1339 957 1514 1041 Quotquot

184 1079 218 1139 in
243 1076 442 1141 Romanam
464 1076 567 1140 fidem
591 1079 715 1141 acerbo
739 1086 836 1140 erant
858 1077 984 1149 anime,
1007 1075 1104 1138 illum
1128 1084 1199 1138 tam
1222 1076 1314 1138 intus
1337 1075 1422 1138 etin
1438 1084 1515 1138 cute

183 1210 363 1255 romanum
387 1193 584 1267 credebant,
610 1202 647 1256 ut
674 1193 825 1256 dicerent
849 1191 947 1255 nihili
970 1192 1060 1273 apud
1091 1210 1170 1254 eum
1193 1209 1267 1253 esse
1290 1192 1424 1272 imperii
1447 1192 1516 1253 rui-

182 1327 272 1379 nam,
297 1310 378 1371 dum
402 1308 465 1371 illa
486 1309 630 1393 vigeret.
648 1308 688 1371 Id
712 1327 805 1381 vero,
829 1327 897 1371 non
920 1308 1034 1370 studio
1057 1306 1194 1368 divinae
1217 1306 1349 1388 gloriae
1371 1303 1515 1387 amplifi·

182 1424 324 1496 candae,
348 1424 409 1486 sed
432 1424 575 1505 privatis
591 1425 781 1487 commodis
802 1407 1006 1487 tribuebant.
1030 1419 1273 1505 Suspicacibus
1288 1434 1380 1485 certe
1396 1442 1515 1506 regum

181 1538 306 1602 animis
330 1539 386 1601 vel
409 1549 529 1603 tenues
551 1538 703 1604 affectati
726 1542 770 1603 ab
793 1539 872 1603 aliis
898 1539 1037 1621 Imperii
1059 1540 1200 1601 umbrae
1219 1538 1365 1601 lemures
1387 1548 1517 1602 suntet

182 1656 340 1718 nocturni
363 1665 397 1718 et
420 1656 551 1730 diurni3
576 1656 718 1738 ipsaque
741 1657 884 1727 somnia,
909 1656 990 1717 lieet
1012 1655 1167 1736 puerilia,
1183 1654 1341 1736 tyrannis
1363 1673 1515 1736 praeme-

182 1771 301 1844 ditata,
324 1772 370 1834 ob
392 1792 480 1852 quae
502 1772 638 1854 Iosephi
662 1769 785 1835 fratres
807 1774 918 1854 ipsum
942 1781 1104 1853 paternae
1127 1771 1248 1833 domus
1270 1778 1306 1833 et
1335 1790 1417 1833 suae
1439 1788 1514 1853 ger·

182 1886 358 1950 manitatis
380 1896 554 1951 extorrem
578 1888 613 1950 in
636 1887 828 1971 Aegiptum
852 1888 1088 1960 vendiderunt,
1169 1948 1174 1955 .

275 2022 331 2065 ro:
350 2002 399 2065 Hi
414 2004 638 2086 sIngulorum,
665 2023 726 2066 seu
742 2003 903 2075 virorum,
919 2001 993 2065 sive
1008 2003 1165 2064 ordinum
1182 2011 1302 2064 contra
1316 2000 1514 2064 Romanam
1577 2008 1711 2059 omnium
1736 2008 1767 2059 ln
1791 2006 1864 2058 snu-

132 2164 139 2178 .
181 2116 285 2181 fidem
308 2127 406 2193 erant
421 2119 562 2191 stimuli,
578 2120 640 2181 sed
655 2138 774 2182 omnes
789 2118 973 2181 universim
990 2118 1161 2181 immissos
1176 2118 1220 2180 ab
1236 2116 1341 2180 *aevo
1356 2117 1514 2179 Alexan·
1541 2080 1804 2205 {ffimffiffdim
1835 2089 1864 2129 θ’

181 2235 257 2297 dria
279 2236 471 2317 episcopos,
503 2245 538 2298 et
567 2233 720 2318 linguam
750 2234 946 2317 aegyptiam
978 2253 1024 2295 ex
1054 2232 1191 2308 vicinia,
1222 2242 1255 2296 et
1279 2234 1312 2295 in
1336 2233 1449 2295 avitos
1479 2241 1514 2295 et

179 2369 298 2413 secum
321 2369 478 2433 egressos
501 2352 656 2414 abutere
672 2369 794 2424 mores,
810 2352 921 2413 acrius
936 2349 1138 2433 singillatim
1162 2350 1198 2411 in
1220 2348 1514 2412 circumcisionem

179 2475 215 2529 et
238 2467 476 2550 polygamiam
498 2486 594 2529 amor
616 2467 782 2531 trahebat.
806 2466 897 2530 Illud
913 2484 1048 2547 semper
1070 2464 1183 2528 fumus
1206 2465 1249 2527 ad
1265 2475 1439 2546 stuporem
1455 2466 1514 2527 de-

180 2582 306 2654 mirati,
321 2583 424 2664 quod,
440 2601 518 2645 cum
535 2583 635 2646 divus
651 2582 771 2647 Petrus
786 2583 915 2644 dixerit
939 2581 1232 2644 circumcisionem
1256 2582 1373 2663 iugum
1398 2578 1514 2653 fuisse,

180 2699 274 2780 quod
298 2717 407 2781 neque
430 2696 561 2772 Iudaei,
584 2699 642 2781 qui
666 2708 747 2762 tunc
770 2698 945 2770 vivebant,
968 2717 1078 2780 neque
1098 2716 1214 2760 eorum
1238 2706 1354 2779 patres
1379 2707 1515 2779 portare

179 2812 434 2898 potuerunt(1),
457 2812 656 2875 AbassInisi
671 2814 780 2875 nolita
796 2814 1003 2876 consuetudo
1019 2814 1066 2876 ita
1091 2812 1229 2876 verterit
1244 2813 1277 2875 in
1295 2822 1461 2885 naturam,
1478 2823 1515 2876 ut

179 2929 217 2992 in
232 2928 327 2992 illius
342 2927 543 2992 confusione
558 2931 706 3012 gloriam
722 2938 756 2991 et
771 2929 1060 3011 pulchritudinem
1076 2930 1178 2991 sitam
1194 2937 1331 3011 putent;
1348 2947 1410 2991 nec
1427 2927 1515 2992 inter

179 3045 262 3108 illos
285 3046 419 3126 turpius
442 3046 486 3108 sit
501 3045 733 3128 opprobrium,
751 3063 851 3125 quam
876 3046 905 3106 si
928 3044 1005 3126 quis
1020 3042 1151 3116 Colafa,
1169 3044 1203 3106 id
1231 3054 1283 3107 est
1303 3046 1439 3107 clausus
1454 3063 1515 3106 seu

180 3159 439 3224 incircumcisus
473 3161 673 3242 appelletur.
698 3160 822 3224 Paucis
845 3161 1039 3242 persuaderi
1070 3170 1194 3242 potest,
1218 3161 1248 3223 si
1271 3161 1324 3223 vir
1346 3168 1404 3222 aut
1427 3179 1515 3223 uxor

179 3277 225 3339 ab
248 3277 406 3340 hostibus
437 3277 471 3339 in
502 3278 701 3340 servitutem
728 3276 927 3350 abducatur,
950 3286 1009 3338 aut
1041 3276 1177 3339 illorum
1209 3276 1296 3338 alter
1326 3277 1449 3359 quovis
1479 3277 1514 3339 in

179 3394 323 3477 longum
335 3403 470 3474 tempus
485 3389 642 3466 facessat,
658 3394 791 3474 utrique
807 3410 875 3453 non
891 3392 994 3455 licere
1011 3391 1115 3455 alium
1132 3410 1326 3473 comparem
1343 3410 1513 3472 quaerere,

178 3510 363 3592 praecipue
386 3506 547 3572 foeminis
570 3529 590 3572 a
612 3528 681 3592 quo
704 3511 848 3573 alantur.

270 3623 386 3687 Melea
413 3623 578 3697 Christds‚
606 3624 721 3706 regius
751 3626 811 3688 ille
841 3643 1047 3688 aeconomus
1077 3634 1111 3688 et
1141 3622 1423 3706 consanguineus,
1454 3623 1516 3685 ali·

178 3742 320 3823 quando
343 3740 578 3804 Patriarcham
602 3760 715 3804 coram
733 3742 811 3804 aliis
834 3741 1038 3822 primoribus
1058 3740 1201 3822 rogavit,
1225 3740 1285 3822 qui
1299 3736 1372 3801 fieri
1389 3716 1514 3820 posset,

178 3866 215 3920 ut
226 3856 331 3918 horno
347 3858 391 3919 ad
403 3857 503 3920 unius
514 3865 647 3920 tantum
664 3854 834 3920 foeminae
850 3857 1091 3919 commercium
1107 3854 1388 3936 restringeretur?
1405 3851 1515 3935 Quem

178 3972 251 4044 ille,
275 3983 309 4035 et
332 3973 457 4044 socios,
481 3981 519 4035 ut
543 3973 577 4035 in
601 3974 760 4035 ruborem
791 3972 986 4043 coniiceret,
1010 3972 1162 4034 vicissim
1191 3980 1430 4051 percunctatus
1452 3980 1515 4043 est,

181 4108 263 4151 num
288 4090 361 4170 ipse
385 4107 463 4150 cum
486 4107 551 4150 sex
575 4088 630 4150 vel
657 4097 788 4170 septem
806 4086 999 4150 christianis
1022 4106 1159 4149 ancum
1182 4086 1325 4150 totidem
1342 4085 1515 4149 mahome-

178 4205 271 4267 tanis
301 4205 515 4285 loqueretur;
547 4222 692 4285 cumque
723 4222 842 4266 omnes
872 4203 1117 4284 responderent
1152 4222 1200 4274 se,
1243 4201 1309 4264 Dei
1339 4199 1516 4273 beneficio,

177 4321 385 4382 christianos
407 4339 493 4391 esse,
510 4319 655 4382 subiecit
671 4318 888 4381 Patriarcha:
906 4317 1139 4380 Mahometani
1156 4317 1333 4380 libidinem
1351 4316 1384 4378 in
1401 4315 1516 4398 plures

179 4435 326 4518 vulgant
339 4433 516 4507 foeminas,
530 4435 610 4516 quia
622 4435 800 4516 legislator
812 4452 927 4495 eorum
940 4431 1168 4506 Mahometus,
1181 4452 1386 4514 quamquam
1399 4442 1517 4496 contra

178 4550 317 4613 divinas
338 4551 542 4621 sanctiones
574 4549 663 4612 hanc
687 4549 922 4631 impunitatem
954 4548 1037 4629 ipsis
1061 4549 1218 4621 indulsit;
1251 4544 1407 4610 Christus
1433 4566 1516 4609 vero

178 4666 257 4749 lege
281 4684 344 4728 sua
372 4664 597 4737 sanctissima,
629 4683 717 4746 quae
741 4683 808 4726 non
832 4665 944 4726 earnis
967 4671 1018 4726 est
1041 4664 1102 4725 sed
1125 4664 1273 4744 spiritus.
1302 4681 1382 4725 suos
1408 4673 1516 4725 secta·

177 4790 273 4843 tores
296 4781 355 4842 uni
378 4780 573 4851 adstrinxit,
590 4799 652 4842 nec
668 4800 726 4842 eos
749 4780 838 4842 ultra
854 4779 950 4842 illam
966 4779 1074 4860 palari
1090 4779 1253 4858 permisit.
1270 4778 1386 4840 Pudor
1397 4796 1516 4840 omnes

178 4895 291 4960 tenuit
314 4906 348 4960 et
370 4907 508 4960 senator
523 4895 621 4969 Tine,
638 4896 696 4978 qui
719 4896 846 4968 aderat,
870 4906 947 4977 post
963 4895 1153 4978 digressum
1170 4894 1205 4957 in
1222 4903 1514 4975 percunctatorem

176 5012 375 5085 excanduit,
392 5012 483 5094 quod
499 5012 717 5075 Patriarchae
733 5030 832 5074 aures
847 5020 918 5073 tam
934 5010 1059 5092 ineptis
1074 5009 1330 5091 quaestionibus
1349 5010 1514 5090 oppleret.

270 5264 311 5322 (1)
329 5261 396 5319 Act,
418 5270 458 5324 15,
477 5275 502 5312 n.
522 5258 546 5312 6.

258 5381 288 5425 C.
301 5381 412 5424 lancem.
424 5382 483 5423 Rer.
492 5381 562 5423 Aah.
575 5381 669 5433 Sm'pt.
683 5393 729 5422 occ.
743 5380 808 5421 r'ned.
826 5402 849 5410 -
864 5379 931 5422 VIII.
