<?xml version="1.0" encoding="UTF-8"?>
<!DOCTYPE html PUBLIC "-//W3C//DTD XHTML 1.0 Transitional//EN"
    "http://www.w3.org/TR/xhtml1/DTD/xhtml1-transitional.dtd">
<html xmlns="http://www.w3.org/1999/xhtml" xml:lang="en" lang="en">
 <head>
  <title>
</title>
<meta http-equiv="Content-Type" content="text/html;charset=utf-8" />
  <meta name='ocr-system' content='tesseract 3.04.00' />
  <meta name='ocr-capabilities' content='ocr_page ocr_carea ocr_par ocr_line ocrx_word'/>
</head>
<body>
  <div class='ocr_page' id='page_1' title='image "./rerumaethiopica00beccgoog_0174.png"; bbox 0 0 4124 6182; ppageno 0'>
   <div class='ocr_carea' id='block_1_1' title="bbox 667 504 1526 571">
    <p class='ocr_par' dir='ltr' id='par_1_1' title="bbox 667 504 1526 571">
     <span class='ocr_line' id='line_1_1' title="bbox 667 504 1526 571; baseline 0.003 -18"><span class='ocrx_word' id='word_1_1' title='bbox 667 505 782 553; x_wconf 75' lang='lat' dir='ltr'><strong>crana</strong></span> <span class='ocrx_word' id='word_1_2' title='bbox 806 507 829 564; x_wconf 90' lang='lat'><strong>1,</strong></span> <span class='ocrx_word' id='word_1_3' title='bbox 853 504 978 554; x_wconf 71' lang='lat' dir='ltr'><strong>capus</strong></span> <span class='ocrx_word' id='word_1_4' title='bbox 1002 506 1056 556; x_wconf 81' lang='lat' dir='ltr'><strong>xi.</strong></span> <span class='ocrx_word' id='word_1_5' title='bbox 1466 513 1526 571; x_wconf 79' lang='lat'><strong>103</strong></span> 
     </span>
    </p>
   </div>
   <div class='ocr_carea' id='block_1_2' title="bbox 181 647 1527 3054">
    <p class='ocr_par' dir='ltr' id='par_1_2' title="bbox 187 647 1527 2007">
     <span class='ocr_line' id='line_1_2' title="bbox 191 647 1526 734; baseline 0.003 -23"><span class='ocrx_word' id='word_1_6' title='bbox 191 652 251 712; x_wconf 88' lang='lat' dir='ltr'><strong>liti.</strong></span> <span class='ocrx_word' id='word_1_7' title='bbox 277 648 410 712; x_wconf 91' lang='lat' dir='ltr'><strong>Abuna</strong></span> <span class='ocrx_word' id='word_1_8' title='bbox 433 650 489 713; x_wconf 91' lang='lat' dir='ltr'><strong>die</strong></span> <span class='ocrx_word' id='word_1_9' title='bbox 513 652 661 714; x_wconf 88' lang='lat' dir='ltr'><strong>crastina</strong></span> <span class='ocrx_word' id='word_1_10' title='bbox 684 651 729 714; x_wconf 89' lang='lat' dir='ltr'><strong>ad</strong></span> <span class='ocrx_word' id='word_1_11' title='bbox 752 647 834 714; x_wconf 69' lang='lat' dir='ltr'><strong>Sela</strong></span> <span class='ocrx_word' id='word_1_12' title='bbox 856 649 1011 715; x_wconf 84' lang='lat' dir='ltr'><strong>Christds</strong></span> <span class='ocrx_word' id='word_1_13' title='bbox 1027 669 1139 734; x_wconf 83' lang='lat' dir='ltr'><strong>genua</strong></span> <span class='ocrx_word' id='word_1_14' title='bbox 1153 653 1380 733; x_wconf 83' lang='lat' dir='ltr'><strong>procumbens</strong></span> <span class='ocrx_word' id='word_1_15' title='bbox 1396 654 1526 725; x_wconf 88' lang='lat' dir='ltr'><strong>orabat,</strong></span> 
     </span>
     <span class='ocr_line' id='line_1_3' title="bbox 191 765 1527 848; baseline 0.003 -21"><span class='ocrx_word' id='word_1_16' title='bbox 191 779 225 828; x_wconf 90' lang='lat' dir='ltr'><strong>ut</strong></span> <span class='ocrx_word' id='word_1_17' title='bbox 249 767 375 830; x_wconf 88' lang='lat' dir='ltr'><strong>saltem</strong></span> <span class='ocrx_word' id='word_1_18' title='bbox 406 768 519 830; x_wconf 80' lang='lat' dir='ltr'>neutri</span> <span class='ocrx_word' id='word_1_19' title='bbox 543 768 691 848; x_wconf 90' lang='lat' dir='ltr'><strong>partium</strong></span> <span class='ocrx_word' id='word_1_20' title='bbox 723 765 865 831; x_wconf 88' lang='lat' dir='ltr'><strong>faveret.</strong></span> <span class='ocrx_word' id='word_1_21' title='bbox 896 766 967 830; x_wconf 92' lang='lat' dir='ltr'><strong>Sed</strong></span> <span class='ocrx_word' id='word_1_22' title='bbox 997 768 1066 840; x_wconf 92' lang='lat' dir='ltr'><strong>ille,</strong></span> <span class='ocrx_word' id='word_1_23' title='bbox 1097 769 1281 832; x_wconf 88' lang='lat' dir='ltr'><strong>adamante</strong></span> <span class='ocrx_word' id='word_1_24' title='bbox 1312 767 1450 840; x_wconf 88' lang='lat' dir='ltr'><strong>firmior,</strong></span> <span class='ocrx_word' id='word_1_25' title='bbox 1475 787 1527 831; x_wconf 92' lang='lat' dir='ltr'><strong>re·</strong></span> 
     </span>
     <span class='ocr_line' id='line_1_4' title="bbox 190 859 1527 968; baseline 0.004 -27"><span class='ocrx_word' id='word_1_26' title='bbox 190 883 339 962; x_wconf 88' lang='lat' dir='ltr'><strong>spondit,</strong></span> <span class='ocrx_word' id='word_1_27' title='bbox 364 884 394 945; x_wconf 89' lang='lat' dir='ltr'><strong>si</strong></span> <span class='ocrx_word' id='word_1_28' title='bbox 418 898 538 946; x_wconf 72' lang='lat' dir='ltr'><strong>munus</strong></span> <span class='ocrx_word' id='word_1_29' title='bbox 562 884 680 965; x_wconf 87' lang='lat' dir='ltr'><strong>patris,</strong></span> <span class='ocrx_word' id='word_1_30' title='bbox 704 884 760 946; x_wconf 90' lang='lat' dir='ltr'><strong>vel</strong></span> <span class='ocrx_word' id='word_1_31' title='bbox 789 885 908 948; x_wconf 89' lang='lat' dir='ltr'><strong>matris</strong></span> <span class='ocrx_word' id='word_1_32' title='bbox 937 904 1019 947; x_wconf 90' lang='lat' dir='ltr'><strong>suae</strong></span> <span class='ocrx_word' id='word_1_33' title='bbox 1049 885 1215 968; x_wconf 81' lang='lat' dir='ltr'><strong>sanguine</strong></span> <span class='ocrx_word' id='word_1_34' title='bbox 1246 859 1465 956; x_wconf 77' lang='lat' dir='ltr'><strong>cruentasset,</strong></span> <span class='ocrx_word' id='word_1_35' title='bbox 1490 904 1527 947; x_wconf 91' lang='lat' dir='ltr'><strong>se</strong></span> 
     </span>
     <span class='ocr_line' id='line_1_5' title="bbox 190 995 1526 1073; baseline 0.002 -14"><span class='ocrx_word' id='word_1_36' title='bbox 190 995 293 1061; x_wconf 86' lang='lat' dir='ltr'><strong>facile</strong></span> <span class='ocrx_word' id='word_1_37' title='bbox 329 999 608 1069; x_wconf 81' lang='lat' dir='ltr'><strong>condonaturum,</strong></span> <span class='ocrx_word' id='word_1_38' title='bbox 637 1002 698 1062; x_wconf 91' lang='lat' dir='ltr'><strong>sed</strong></span> <span class='ocrx_word' id='word_1_39' title='bbox 728 999 818 1073; x_wconf 90' lang='lat' dir='ltr'><strong>fidei,</strong></span> <span class='ocrx_word' id='word_1_40' title='bbox 849 1019 889 1063; x_wconf 90' lang='lat' dir='ltr'><strong>ac</strong></span> <span class='ocrx_word' id='word_1_41' title='bbox 920 1002 1075 1063; x_wconf 88' lang='lat' dir='ltr'><strong>veritatis</strong></span> <span class='ocrx_word' id='word_1_42' title='bbox 1106 1019 1280 1064; x_wconf 87' lang='lat' dir='ltr'><strong>versuram</strong></span> <span class='ocrx_word' id='word_1_43' title='bbox 1311 999 1424 1063; x_wconf 87' lang='lat' dir='ltr'><strong>facere</strong></span> <span class='ocrx_word' id='word_1_44' title='bbox 1458 1018 1526 1063; x_wconf 92' lang='lat' dir='ltr'><strong>non</strong></span> 
     </span>
     <span class='ocr_line' id='line_1_6' title="bbox 189 1110 1525 1197; baseline 0.004 -24"><span class='ocrx_word' id='word_1_45' title='bbox 189 1131 300 1192; x_wconf 92' lang='lat' dir='ltr'><strong>posse.</strong></span> <span class='ocrx_word' id='word_1_46' title='bbox 327 1110 405 1194; x_wconf 86' lang='lat' dir='ltr'><strong>Quo</strong></span> <span class='ocrx_word' id='word_1_47' title='bbox 428 1128 593 1195; x_wconf 88' lang='lat' dir='ltr'><strong>responso</strong></span> <span class='ocrx_word' id='word_1_48' title='bbox 616 1114 745 1178; x_wconf 89' lang='lat' dir='ltr'><strong>Abuna</strong></span> <span class='ocrx_word' id='word_1_49' title='bbox 768 1117 920 1178; x_wconf 90' lang='lat' dir='ltr'><strong>irritatus</strong></span> <span class='ocrx_word' id='word_1_50' title='bbox 943 1116 1134 1179; x_wconf 89' lang='lat' dir='ltr'><strong>haereticos</strong></span> <span class='ocrx_word' id='word_1_51' title='bbox 1162 1117 1206 1178; x_wconf 92' lang='lat' dir='ltr'><strong>ad</strong></span> <span class='ocrx_word' id='word_1_52' title='bbox 1236 1115 1458 1197; x_wconf 89' lang='lat' dir='ltr'><strong>Imperatoris</strong></span> <span class='ocrx_word' id='word_1_53' title='bbox 1491 1127 1525 1178; x_wconf 92' lang='lat' dir='ltr'><strong>et</strong></span> 
     </span>
     <span class='ocr_line' id='line_1_7' title="bbox 189 1226 1525 1313; baseline 0.003 -24"><span class='ocrx_word' id='word_1_54' title='bbox 189 1226 291 1290; x_wconf 90' lang='lat' dir='ltr'><strong>Selae</strong></span> <span class='ocrx_word' id='word_1_55' title='bbox 317 1227 484 1303; x_wconf 81' lang='lat' dir='ltr'><strong>Christds,</strong></span> <span class='ocrx_word' id='word_1_56' title='bbox 507 1231 612 1294; x_wconf 90' lang='lat' dir='ltr'><strong>animi</strong></span> <span class='ocrx_word' id='word_1_57' title='bbox 634 1231 792 1294; x_wconf 88' lang='lat' dir='ltr'><strong>solvendi</strong></span> <span class='ocrx_word' id='word_1_58' title='bbox 809 1233 921 1313; x_wconf 83' lang='lat' dir='ltr'><strong>gratia</strong></span> <span class='ocrx_word' id='word_1_59' title='bbox 936 1233 970 1293; x_wconf 93' lang='lat' dir='ltr'><strong>in</strong></span> <span class='ocrx_word' id='word_1_60' title='bbox 991 1251 1148 1313; x_wconf 89' lang='lat' dir='ltr'><strong>campum</strong></span> <span class='ocrx_word' id='word_1_61' title='bbox 1165 1233 1261 1294; x_wconf 84' lang='lat' dir='ltr'><strong>exire</strong></span> <span class='ocrx_word' id='word_1_62' title='bbox 1277 1232 1525 1303; x_wconf 84' lang='lat' dir='ltr'>meditantium,</span> 
     </span>
     <span class='ocr_line' id='line_1_8' title="bbox 189 1345 1526 1430; baseline 0.003 -27"><span class='ocrx_word' id='word_1_63' title='bbox 189 1345 330 1406; x_wconf 86' lang='lat' dir='ltr'><strong>caedem</strong></span> <span class='ocrx_word' id='word_1_64' title='bbox 355 1345 546 1429; x_wconf 81' lang='lat' dir='ltr'><strong>instigavit.</strong></span> <span class='ocrx_word' id='word_1_65' title='bbox 570 1346 626 1408; x_wconf 93' lang='lat' dir='ltr'><strong>Illi</strong></span> <span class='ocrx_word' id='word_1_66' title='bbox 648 1356 765 1409; x_wconf 83' lang='lat' dir='ltr'><strong>tamen</strong></span> <span class='ocrx_word' id='word_1_67' title='bbox 789 1359 971 1428; x_wconf 82' lang='lat' dir='ltr'><strong>praecaute</strong></span> <span class='ocrx_word' id='word_1_68' title='bbox 987 1367 1127 1430; x_wconf 88' lang='lat' dir='ltr'><strong>egressu</strong></span> <span class='ocrx_word' id='word_1_69' title='bbox 1142 1348 1377 1410; x_wconf 91' lang='lat' dir='ltr'><strong>abstinuerunt</strong></span> <span class='ocrx_word' id='word_1_70' title='bbox 1393 1367 1414 1409; x_wconf 90' lang='lat' dir='ltr'><strong>a</strong></span> <span class='ocrx_word' id='word_1_71' title='bbox 1429 1357 1526 1427; x_wconf 89' lang='lat' dir='ltr'><strong>patre</strong></span> 
     </span>
     <span class='ocr_line' id='line_1_9' title="bbox 189 1458 1526 1543; baseline 0.003 -23"><span class='ocrx_word' id='word_1_72' title='bbox 189 1458 313 1522; x_wconf 90' lang='lat' dir='ltr'><strong>Paesio</strong></span> <span class='ocrx_word' id='word_1_73' title='bbox 330 1461 508 1533; x_wconf 85' lang='lat' dir='ltr'><strong>admoniti,</strong></span> <span class='ocrx_word' id='word_1_74' title='bbox 533 1472 580 1533; x_wconf 90' lang='lat' dir='ltr'><strong>ut,</strong></span> <span class='ocrx_word' id='word_1_75' title='bbox 605 1462 742 1543; x_wconf 91' lang='lat' dir='ltr'><strong>quando</strong></span> <span class='ocrx_word' id='word_1_76' title='bbox 758 1464 888 1525; x_wconf 90' lang='lat' dir='ltr'><strong>viribus</strong></span> <span class='ocrx_word' id='word_1_77' title='bbox 904 1464 947 1526; x_wconf 91' lang='lat' dir='ltr'><strong>ad</strong></span> <span class='ocrx_word' id='word_1_78' title='bbox 965 1461 1187 1525; x_wconf 77' lang='lat' dir='ltr'><strong>fraenandam</strong></span> <span class='ocrx_word' id='word_1_79' title='bbox 1203 1463 1451 1526; x_wconf 90' lang='lat' dir='ltr'><strong>haereticorum</strong></span> <span class='ocrx_word' id='word_1_80' title='bbox 1468 1483 1526 1524; x_wconf 92' lang='lat' dir='ltr'><strong>au-</strong></span> 
     </span>
     <span class='ocr_line' id='line_1_10' title="bbox 187 1575 1525 1660; baseline 0.004 -25"><span class='ocrx_word' id='word_1_81' title='bbox 187 1575 324 1638; x_wconf 88' lang='lat' dir='ltr'><strong>daciam</strong></span> <span class='ocrx_word' id='word_1_82' title='bbox 355 1578 629 1651; x_wconf 82' lang='lat' dir='ltr'><strong>destituerentur,</strong></span> <span class='ocrx_word' id='word_1_83' title='bbox 653 1589 789 1660; x_wconf 88' lang='lat' dir='ltr'><strong>tempus</strong></span> <span class='ocrx_word' id='word_1_84' title='bbox 816 1579 1047 1641; x_wconf 79' lang='lat' dir='ltr'><strong>interficerent</strong></span> <span class='ocrx_word' id='word_1_85' title='bbox 1074 1589 1108 1641; x_wconf 93' lang='lat' dir='ltr'><strong>et</strong></span> <span class='ocrx_word' id='word_1_86' title='bbox 1133 1590 1332 1651; x_wconf 87' lang='lat' dir='ltr'><strong>assererent,</strong></span> <span class='ocrx_word' id='word_1_87' title='bbox 1365 1578 1398 1640; x_wconf 88' lang='lat' dir='ltr'><strong>in</strong></span> <span class='ocrx_word' id='word_1_88' title='bbox 1429 1589 1525 1641; x_wconf 91' lang='lat' dir='ltr'><strong>tanta</strong></span> 
     </span>
     <span class='ocr_line' id='line_1_11' title="bbox 187 1692 1524 1776; baseline 0.003 -25"><span class='ocrx_word' id='word_1_89' title='bbox 187 1692 389 1772; x_wconf 91' lang='lat' dir='ltr'><strong>opinionum</strong></span> <span class='ocrx_word' id='word_1_90' title='bbox 413 1694 614 1757; x_wconf 90' lang='lat' dir='ltr'><strong>dissidentia</strong></span> <span class='ocrx_word' id='word_1_91' title='bbox 637 1713 704 1756; x_wconf 90' lang='lat' dir='ltr'><strong>non</strong></span> <span class='ocrx_word' id='word_1_92' title='bbox 728 1710 831 1775; x_wconf 86' lang='lat' dir='ltr'><strong>posse</strong></span> <span class='ocrx_word' id='word_1_93' title='bbox 847 1696 931 1757; x_wconf 78' lang='lat' dir='ltr'><strong>certi</strong></span> <span class='ocrx_word' id='word_1_94' title='bbox 947 1695 1132 1776; x_wconf 91' lang='lat' dir='ltr'><strong>quidquam</strong></span> <span class='ocrx_word' id='word_1_95' title='bbox 1149 1694 1183 1756; x_wconf 91' lang='lat' dir='ltr'><strong>in</strong></span> <span class='ocrx_word' id='word_1_96' title='bbox 1199 1714 1361 1776; x_wconf 88' lang='lat' dir='ltr'><strong>praesens</strong></span> <span class='ocrx_word' id='word_1_97' title='bbox 1377 1692 1524 1766; x_wconf 89' lang='lat' dir='ltr'><strong>definiri;</strong></span> 
     </span>
     <span class='ocr_line' id='line_1_12' title="bbox 187 1807 1524 1893; baseline 0.003 -24"><span class='ocrx_word' id='word_1_98' title='bbox 187 1807 230 1869; x_wconf 88' lang='lat' dir='ltr'><strong>ad</strong></span> <span class='ocrx_word' id='word_1_99' title='bbox 254 1808 363 1871; x_wconf 91' lang='lat' dir='ltr'><strong>libros</strong></span> <span class='ocrx_word' id='word_1_100' title='bbox 387 1812 574 1873; x_wconf 90' lang='lat' dir='ltr'><strong>versandos</strong></span> <span class='ocrx_word' id='word_1_101' title='bbox 598 1831 693 1873; x_wconf 90' lang='lat' dir='ltr'><strong>mora</strong></span> <span class='ocrx_word' id='word_1_102' title='bbox 716 1829 802 1892; x_wconf 89' lang='lat' dir='ltr'><strong>opus</strong></span> <span class='ocrx_word' id='word_1_103' title='bbox 820 1828 905 1881; x_wconf 87' lang='lat' dir='ltr'><strong>esse,</strong></span> <span class='ocrx_word' id='word_1_104' title='bbox 923 1829 1024 1890; x_wconf 91' lang='lat' dir='ltr'><strong>quam</strong></span> <span class='ocrx_word' id='word_1_105' title='bbox 1041 1809 1221 1893; x_wconf 82' lang='lat' dir='ltr'><strong>Agaorum</strong></span> <span class='ocrx_word' id='word_1_106' title='bbox 1238 1809 1330 1873; x_wconf 89' lang='lat' dir='ltr'><strong>bella</strong></span> <span class='ocrx_word' id='word_1_107' title='bbox 1345 1830 1414 1873; x_wconf 93' lang='lat' dir='ltr'><strong>non</strong></span> <span class='ocrx_word' id='word_1_108' title='bbox 1429 1822 1524 1892; x_wconf 92' lang='lat' dir='ltr'><strong>pate·</strong></span> 
     </span>
     <span class='ocr_line' id='line_1_13' title="bbox 187 1925 1524 2007; baseline 0.005 -24"><span class='ocrx_word' id='word_1_109' title='bbox 187 1935 322 1997; x_wconf 87' lang='lat' dir='ltr'><strong>rentur;</strong></span> <span class='ocrx_word' id='word_1_110' title='bbox 340 1927 384 1988; x_wconf 89' lang='lat' dir='ltr'><strong>iis</strong></span> <span class='ocrx_word' id='word_1_111' title='bbox 399 1945 482 1989; x_wconf 92' lang='lat' dir='ltr'><strong>vero</strong></span> <span class='ocrx_word' id='word_1_112' title='bbox 498 1925 614 1997; x_wconf 88' lang='lat' dir='ltr'><strong>finitis,</strong></span> <span class='ocrx_word' id='word_1_113' title='bbox 631 1946 733 2007; x_wconf 92' lang='lat' dir='ltr'><strong>posse</strong></span> <span class='ocrx_word' id='word_1_114' title='bbox 749 1928 1018 1989; x_wconf 88' lang='lat' dir='ltr'><strong>controversiam</strong></span> <span class='ocrx_word' id='word_1_115' title='bbox 1034 1926 1121 1988; x_wconf 91' lang='lat' dir='ltr'><strong>adeo</strong></span> <span class='ocrx_word' id='word_1_116' title='bbox 1137 1927 1321 2007; x_wconf 87' lang='lat' dir='ltr'><strong>ancipitem</strong></span> <span class='ocrx_word' id='word_1_117' title='bbox 1337 1927 1524 1990; x_wconf 87' lang='lat' dir='ltr'><strong>terminari.</strong></span> 
     </span>
    </p>

    <p class='ocr_par' dir='ltr' id='par_1_3' title="bbox 181 2037 1524 3054">
     <span class='ocr_line' id='line_1_14' title="bbox 275 2037 1524 2123; baseline 0.001 -20"><span class='ocrx_word' id='word_1_118' title='bbox 275 2037 326 2103; x_wconf 88' lang='grc'><strong>*8.</strong></span> <span class='ocrx_word' id='word_1_119' title='bbox 347 2038 419 2104; x_wconf 87' lang='lat' dir='ltr'><strong>Sed</strong></span> <span class='ocrx_word' id='word_1_120' title='bbox 436 2062 551 2104; x_wconf 89' lang='lat' dir='ltr'><strong>morae</strong></span> <span class='ocrx_word' id='word_1_121' title='bbox 569 2043 752 2122; x_wconf 89' lang='lat' dir='ltr'><strong>impatiens</strong></span> <span class='ocrx_word' id='word_1_122' title='bbox 772 2041 901 2105; x_wconf 84' lang='lat' dir='ltr'><strong>Abuna</strong></span> <span class='ocrx_word' id='word_1_123' title='bbox 916 2040 1164 2122; x_wconf 88' lang='lat' dir='ltr'><strong>Imperatorem</strong></span> <span class='ocrx_word' id='word_1_124' title='bbox 1181 2042 1266 2104; x_wconf 87' lang='lat' dir='ltr'><strong>adiit</strong></span> <span class='ocrx_word' id='word_1_125' title='bbox 1282 2042 1401 2123; x_wconf 90' lang='lat' dir='ltr'><strong>quinto</strong></span> <span class='ocrx_word' id='word_1_126' title='bbox 1418 2063 1524 2105; x_wconf 90' lang='lat' dir='ltr'><strong>nonas</strong></span> 
     </span>
     <span class='ocr_line' id='line_1_15' title="bbox 186 2156 1524 2241; baseline 0.004 -26"><span class='ocrx_word' id='word_1_127' title='bbox 186 2156 358 2228; x_wconf 88' lang='lat' dir='ltr'><strong>octobres,</strong></span> <span class='ocrx_word' id='word_1_128' title='bbox 383 2159 419 2219; x_wconf 92' lang='lat' dir='ltr'><strong>in</strong></span> <span class='ocrx_word' id='word_1_129' title='bbox 443 2159 518 2239; x_wconf 88' lang='lat' dir='ltr'><strong>ipso</strong></span> <span class='ocrx_word' id='word_1_130' title='bbox 542 2159 613 2220; x_wconf 93' lang='lat' dir='ltr'><strong>divi</strong></span> <span class='ocrx_word' id='word_1_131' title='bbox 631 2157 805 2221; x_wconf 88' lang='lat' dir='ltr'><strong>Francisci</strong></span> <span class='ocrx_word' id='word_1_132' title='bbox 820 2157 1013 2241; x_wconf 86' lang='lat' dir='ltr'><strong>pervigilio,</strong></span> <span class='ocrx_word' id='word_1_133' title='bbox 1035 2158 1159 2220; x_wconf 87' lang='lat' dir='ltr'><strong>acriter</strong></span> <span class='ocrx_word' id='word_1_134' title='bbox 1174 2160 1393 2230; x_wconf 90' lang='lat' dir='ltr'><strong>contendens,</strong></span> <span class='ocrx_word' id='word_1_135' title='bbox 1411 2170 1446 2220; x_wconf 93' lang='lat' dir='ltr'><strong>ut</strong></span> <span class='ocrx_word' id='word_1_136' title='bbox 1463 2179 1524 2220; x_wconf 88' lang='lat' dir='ltr'><strong>ex·</strong></span> 
     </span>
     <span class='ocr_line' id='line_1_16' title="bbox 185 2273 1524 2357; baseline 0.002 -24"><span class='ocrx_word' id='word_1_137' title='bbox 185 2273 318 2354; x_wconf 83' lang='lat' dir='ltr'><strong>templo</strong></span> <span class='ocrx_word' id='word_1_138' title='bbox 343 2274 474 2335; x_wconf 88' lang='lat' dir='ltr'><strong>iuberet</strong></span> <span class='ocrx_word' id='word_1_139' title='bbox 499 2274 623 2337; x_wconf 90' lang='lat' dir='ltr'><strong>nodum</strong></span> <span class='ocrx_word' id='word_1_140' title='bbox 655 2275 753 2336; x_wconf 94' lang='lat' dir='ltr'><strong>illum</strong></span> <span class='ocrx_word' id='word_1_141' title='bbox 778 2275 955 2356; x_wconf 90' lang='lat' dir='ltr'><strong>plusquam</strong></span> <span class='ocrx_word' id='word_1_142' title='bbox 985 2273 1187 2357; x_wconf 83' lang='lat' dir='ltr'><strong>gordianum</strong></span> <span class='ocrx_word' id='word_1_143' title='bbox 1219 2275 1393 2337; x_wconf 89' lang='lat' dir='ltr'><strong>dissecari.</strong></span> <span class='ocrx_word' id='word_1_144' title='bbox 1424 2274 1524 2337; x_wconf 91' lang='lat' dir='ltr'><strong>Duae</strong></span> 
     </span>
     <span class='ocr_line' id='line_1_17' title="bbox 184 2387 1523 2471; baseline 0.001 -22"><span class='ocrx_word' id='word_1_145' title='bbox 184 2388 259 2450; x_wconf 89' lang='lat' dir='ltr'><strong>dies</strong></span> <span class='ocrx_word' id='word_1_146' title='bbox 283 2401 469 2469; x_wconf 88' lang='lat' dir='ltr'><strong>sequentes</strong></span> <span class='ocrx_word' id='word_1_147' title='bbox 499 2390 733 2452; x_wconf 84' lang='lat' dir='ltr'><strong>dissertationi</strong></span> <span class='ocrx_word' id='word_1_148' title='bbox 763 2388 937 2471; x_wconf 84' lang='lat' dir='ltr'><strong>praefixae</strong></span> <span class='ocrx_word' id='word_1_149' title='bbox 966 2392 1000 2452; x_wconf 91' lang='lat' dir='ltr'><strong>iu</strong></span> <span class='ocrx_word' id='word_1_150' title='bbox 1031 2390 1154 2471; x_wconf 90' lang='lat' dir='ltr'><strong>quibus</strong></span> <span class='ocrx_word' id='word_1_151' title='bbox 1184 2387 1263 2452; x_wconf 78' lang='lat' dir='ltr'><strong>Sela</strong></span> <span class='ocrx_word' id='word_1_152' title='bbox 1297 2388 1450 2452; x_wconf 84' lang='lat' dir='ltr'><strong>Christds</strong></span> <span class='ocrx_word' id='word_1_153' title='bbox 1477 2409 1523 2451; x_wconf 80' lang='lat' dir='ltr'><strong>ex</strong></span> 
     </span>
     <span class='ocr_line' id='line_1_18' title="bbox 184 2503 1524 2588; baseline 0.002 -24"><span class='ocrx_word' id='word_1_154' title='bbox 184 2505 265 2565; x_wconf 88' lang='lat' dir='ltr'><strong>divo</strong></span> <span class='ocrx_word' id='word_1_155' title='bbox 282 2503 490 2578; x_wconf 88' lang='lat' dir='ltr'><strong>Athanasio,</strong></span> <span class='ocrx_word' id='word_1_156' title='bbox 507 2505 649 2577; x_wconf 81' lang='lat' dir='ltr'><strong>Basilio,</strong></span> <span class='ocrx_word' id='word_1_157' title='bbox 667 2503 925 2588; x_wconf 88' lang='lat' dir='ltr'><strong>Chrysostom0,</strong></span> <span class='ocrx_word' id='word_1_158' title='bbox 939 2506 1083 2588; x_wconf 91' lang='lat' dir='ltr'><strong>aliisque</strong></span> <span class='ocrx_word' id='word_1_159' title='bbox 1099 2504 1259 2569; x_wconf 90' lang='lat' dir='ltr'><strong>Patribus</strong></span> <span class='ocrx_word' id='word_1_160' title='bbox 1275 2505 1524 2588; x_wconf 91' lang='lat' dir='ltr'><strong>antiquioribus</strong></span> 
     </span>
     <span class='ocr_line' id='line_1_19' title="bbox 183 2618 1523 2703; baseline 0.001 -22"><span class='ocrx_word' id='word_1_161' title='bbox 183 2622 348 2692; x_wconf 90' lang='lat' dir='ltr'><strong>ostendit,</strong></span> <span class='ocrx_word' id='word_1_162' title='bbox 374 2622 459 2684; x_wconf 90' lang='lat' dir='ltr'><strong>duas</strong></span> <span class='ocrx_word' id='word_1_163' title='bbox 482 2624 516 2683; x_wconf 94' lang='lat' dir='ltr'><strong>in</strong></span> <span class='ocrx_word' id='word_1_164' title='bbox 540 2618 677 2684; x_wconf 90' lang='lat' dir='ltr'><strong>Christo</strong></span> <span class='ocrx_word' id='word_1_165' title='bbox 701 2633 839 2684; x_wconf 88' lang='lat' dir='ltr'><strong>naturas</strong></span> <span class='ocrx_word' id='word_1_166' title='bbox 855 2624 912 2684; x_wconf 92' lang='lat' dir='ltr'><strong>uni</strong></span> <span class='ocrx_word' id='word_1_167' title='bbox 929 2643 1094 2703; x_wconf 87' lang='lat' dir='ltr'><strong>personae</strong></span> <span class='ocrx_word' id='word_1_168' title='bbox 1110 2625 1276 2686; x_wconf 84' lang='lat' dir='ltr'><strong>subnixas</strong></span> <span class='ocrx_word' id='word_1_169' title='bbox 1292 2623 1433 2685; x_wconf 88' lang='lat' dir='ltr'><strong>radiare.</strong></span> <span class='ocrx_word' id='word_1_170' title='bbox 1450 2621 1523 2702; x_wconf 91' lang='lat' dir='ltr'><strong>Ipsi</strong></span> 
     </span>
     <span class='ocr_line' id='line_1_20' title="bbox 181 2737 1523 2819; baseline 0.001 -21"><span class='ocrx_word' id='word_1_171' title='bbox 181 2755 266 2799; x_wconf 89' lang='lat' dir='ltr'><strong>vero</strong></span> <span class='ocrx_word' id='word_1_172' title='bbox 290 2755 420 2819; x_wconf 85' lang='lat' dir='ltr'><strong>negare</strong></span> <span class='ocrx_word' id='word_1_173' title='bbox 444 2738 581 2800; x_wconf 89' lang='lat' dir='ltr'><strong>illorum</strong></span> <span class='ocrx_word' id='word_1_174' title='bbox 605 2739 802 2801; x_wconf 88' lang='lat' dir='ltr'><strong>auctoritati</strong></span> <span class='ocrx_word' id='word_1_175' title='bbox 825 2758 861 2800; x_wconf 90' lang='lat' dir='ltr'><strong>se</strong></span> <span class='ocrx_word' id='word_1_176' title='bbox 884 2739 976 2801; x_wconf 86' lang='lat' dir='ltr'><strong>velle</strong></span> <span class='ocrx_word' id='word_1_177' title='bbox 999 2741 1145 2810; x_wconf 89' lang='lat' dir='ltr'><strong>credere,</strong></span> <span class='ocrx_word' id='word_1_178' title='bbox 1162 2740 1223 2801; x_wconf 92' lang='lat' dir='ltr'><strong>sed</strong></span> <span class='ocrx_word' id='word_1_179' title='bbox 1239 2739 1350 2800; x_wconf 94' lang='lat' dir='ltr'><strong>solum</strong></span> <span class='ocrx_word' id='word_1_180' title='bbox 1367 2737 1523 2800; x_wconf 89' lang='lat' dir='ltr'><strong>veritatis</strong></span> 
     </span>
     <span class='ocr_line' id='line_1_21' title="bbox 183 2852 1522 2937; baseline 0.001 -23"><span class='ocrx_word' id='word_1_181' title='bbox 183 2855 390 2936; x_wconf 81' lang='lat' dir='ltr'><strong>magistrum</strong></span> <span class='ocrx_word' id='word_1_182' title='bbox 413 2852 618 2917; x_wconf 88' lang='lat' dir='ltr'><strong>Dioscorum</strong></span> <span class='ocrx_word' id='word_1_183' title='bbox 642 2873 837 2937; x_wconf 85' lang='lat' dir='ltr'><strong>agnoscere.</strong></span> <span class='ocrx_word' id='word_1_184' title='bbox 862 2854 923 2916; x_wconf 92' lang='lat' dir='ltr'><strong>Ad</strong></span> <span class='ocrx_word' id='word_1_185' title='bbox 947 2856 1175 2936; x_wconf 81' lang='lat' dir='ltr'><strong>evangelium,</strong></span> <span class='ocrx_word' id='word_1_186' title='bbox 1199 2856 1308 2937; x_wconf 90' lang='lat' dir='ltr'><strong>inquit</strong></span> <span class='ocrx_word' id='word_1_187' title='bbox 1329 2852 1409 2916; x_wconf 77' lang='lat' dir='ltr'><strong>Sela</strong></span> <span class='ocrx_word' id='word_1_188' title='bbox 1426 2853 1522 2918; x_wconf 91' lang='lat' dir='ltr'><strong>Chri-</strong></span> 
     </span>
     <span class='ocr_line' id='line_1_22' title="bbox 181 2968 1522 3054; baseline 0 -23"><span class='ocrx_word' id='word_1_189' title='bbox 181 2970 266 3041; x_wconf 80' lang='lat' dir='ltr'><strong>stds,</strong></span> <span class='ocrx_word' id='word_1_190' title='bbox 284 2971 433 3052; x_wconf 84' lang='lat' dir='ltr'><strong>gradum</strong></span> <span class='ocrx_word' id='word_1_191' title='bbox 450 2982 703 3033; x_wconf 80' lang='lat' dir='ltr'><strong>convertamus:</strong></span> <span class='ocrx_word' id='word_1_192' title='bbox 720 2972 754 3032; x_wconf 91' lang='lat' dir='ltr'><strong>in</strong></span> <span class='ocrx_word' id='word_1_193' title='bbox 772 2991 813 3032; x_wconf 89' lang='lat' dir='ltr'><strong>eo</strong></span> <span class='ocrx_word' id='word_1_194' title='bbox 828 2971 994 3033; x_wconf 89' lang='lat' dir='ltr'><strong>habemus</strong></span> <span class='ocrx_word' id='word_1_195' title='bbox 1009 2972 1233 3054; x_wconf 74' lang='lat' dir='ltr'><strong>sanguineum</strong></span> <span class='ocrx_word' id='word_1_196' title='bbox 1247 2989 1292 3031; x_wconf 85' lang='lat' dir='ltr'><strong>ex</strong></span> <span class='ocrx_word' id='word_1_197' title='bbox 1308 2980 1383 3033; x_wconf 90' lang='lat' dir='ltr'><strong>toto</strong></span> <span class='ocrx_word' id='word_1_198' title='bbox 1395 2968 1522 3033; x_wconf 87' lang='lat' dir='ltr'><strong>Christi</strong></span> 
     </span>
    </p>
   </div>
   <div class='ocr_carea' id='block_1_3' title="bbox 181 3084 1523 3168">
    <p class='ocr_par' dir='ltr' id='par_1_4' title="bbox 181 3084 1523 3168">
     <span class='ocr_line' id='line_1_23' title="bbox 181 3084 1523 3168; baseline 0 -21"><span class='ocrx_word' id='word_1_199' title='bbox 181 3104 330 3168; x_wconf 84' lang='lat' dir='ltr'><strong>corpore</strong></span> <span class='ocrx_word' id='word_1_200' title='bbox 354 3085 512 3147; x_wconf 90' lang='lat' dir='ltr'><strong>sudorem</strong></span> <span class='ocrx_word' id='word_1_201' title='bbox 536 3084 719 3157; x_wconf 84' lang='lat' dir='ltr'><strong>effluxisse,</strong></span> <span class='ocrx_word' id='word_1_202' title='bbox 745 3088 897 3148; x_wconf 87' lang='lat' dir='ltr'><strong>vinctum</strong></span> <span class='ocrx_word' id='word_1_203' title='bbox 922 3084 1036 3157; x_wconf 88' lang='lat' dir='ltr'><strong>fuisse,</strong></span> <span class='ocrx_word' id='word_1_204' title='bbox 1061 3087 1289 3157; x_wconf 86' lang='lat' dir='ltr'><strong>verberatum,</strong></span> <span class='ocrx_word' id='word_1_205' title='bbox 1314 3085 1404 3148; x_wconf 90' lang='lat' dir='ltr'><strong>cruci</strong></span> <span class='ocrx_word' id='word_1_206' title='bbox 1431 3084 1523 3149; x_wconf 87' lang='lat' dir='ltr'><strong>suffi-</strong></span> 
     </span>
    </p>
   </div>
   <div class='ocr_carea' id='block_1_4' title="bbox 178 3199 1523 4905">
    <p class='ocr_par' dir='ltr' id='par_1_5' title="bbox 178 3199 1523 4558">
     <span class='ocr_line' id='line_1_24' title="bbox 179 3199 1522 3285; baseline 0 -22"><span class='ocrx_word' id='word_1_207' title='bbox 179 3222 267 3264; x_wconf 87' lang='lat' dir='ltr'><strong>xum</strong></span> <span class='ocrx_word' id='word_1_208' title='bbox 292 3211 327 3263; x_wconf 88' lang='lat' dir='ltr'><strong>et</strong></span> <span class='ocrx_word' id='word_1_209' title='bbox 351 3202 395 3263; x_wconf 91' lang='lat' dir='ltr'><strong>ad</strong></span> <span class='ocrx_word' id='word_1_210' title='bbox 419 3200 555 3263; x_wconf 90' lang='lat' dir='ltr'><strong>Patrem</strong></span> <span class='ocrx_word' id='word_1_211' title='bbox 572 3202 756 3264; x_wconf 89' lang='lat' dir='ltr'><strong>clamasse:</strong></span> <span class='ocrx_word' id='word_1_212' title='bbox 781 3202 878 3264; x_wconf 77' lang='lat' dir='ltr'><strong>Deus</strong></span> <span class='ocrx_word' id='word_1_213' title='bbox 901 3222 1003 3273; x_wconf 79' lang='lat' dir='ltr'><strong>meur,</strong></span> <span class='ocrx_word' id='word_1_214' title='bbox 1020 3201 1117 3263; x_wconf 80' lang='lat' dir='ltr'><strong>Deus</strong></span> <span class='ocrx_word' id='word_1_215' title='bbox 1132 3222 1234 3276; x_wconf 82' lang='lat' dir='ltr'><strong>meus,</strong></span> <span class='ocrx_word' id='word_1_216' title='bbox 1250 3202 1390 3285; x_wconf 79' lang='lat' dir='ltr'><strong>utquid</strong></span> <span class='ocrx_word' id='word_1_217' title='bbox 1405 3199 1522 3265; x_wconf 77' lang='lat' dir='ltr'><strong>dereli-</strong></span> 
     </span>
     <span class='ocr_line' id='line_1_25' title="bbox 180 3314 1522 3402; baseline -0.001 -22"><span class='ocrx_word' id='word_1_218' title='bbox 180 3318 296 3402; x_wconf 79' lang='lat' dir='ltr'><strong>quisti</strong></span> <span class='ocrx_word' id='word_1_219' title='bbox 316 3314 454 3398; x_wconf 75' lang='lat' dir='ltr'><strong>me?(1)</strong></span> <span class='ocrx_word' id='word_1_220' title='bbox 479 3318 632 3380; x_wconf 87' lang='lat' dir='ltr'><strong>Rursum</strong></span> <span class='ocrx_word' id='word_1_221' title='bbox 656 3317 838 3400; x_wconf 90' lang='lat' dir='ltr'><strong>Apostolis</strong></span> <span class='ocrx_word' id='word_1_222' title='bbox 853 3320 1038 3381; x_wconf 91' lang='lat' dir='ltr'><strong>renuntiari</strong></span> <span class='ocrx_word' id='word_1_223' title='bbox 1056 3320 1212 3381; x_wconf 89' lang='lat' dir='ltr'><strong>iussisse:</strong></span> <span class='ocrx_word' id='word_1_224' title='bbox 1236 3315 1387 3380; x_wconf 79' lang='lat' dir='ltr'><strong>Ascendo</strong></span> <span class='ocrx_word' id='word_1_225' title='bbox 1402 3318 1450 3380; x_wconf 82' lang='lat' dir='ltr'><strong>ad</strong></span> <span class='ocrx_word' id='word_1_226' title='bbox 1459 3322 1522 3400; x_wconf 80' lang='lat' dir='ltr'><strong>pa·</strong></span> 
     </span>
     <span class='ocr_line' id='line_1_26' title="bbox 180 3430 1522 3517; baseline 0 -21"><span class='ocrx_word' id='word_1_227' title='bbox 180 3438 269 3497; x_wconf 84' lang='lat' dir='ltr'><strong>trem</strong></span> <span class='ocrx_word' id='word_1_228' title='bbox 295 3454 406 3497; x_wconf 73' lang='lat' dir='ltr'><strong>merem</strong></span> <span class='ocrx_word' id='word_1_229' title='bbox 428 3437 463 3496; x_wconf 80' lang='lat' dir='ltr'><strong>et</strong></span> <span class='ocrx_word' id='word_1_230' title='bbox 479 3438 616 3517; x_wconf 78' lang='lat' dir='ltr'><strong>patrem</strong></span> <span class='ocrx_word' id='word_1_231' title='bbox 647 3439 807 3506; x_wconf 79' lang='lat' dir='ltr'><strong>vestrum,</strong></span> <span class='ocrx_word' id='word_1_232' title='bbox 833 3434 945 3498; x_wconf 82' lang='lat' dir='ltr'><strong>Deum</strong></span> <span class='ocrx_word' id='word_1_233' title='bbox 970 3454 1079 3495; x_wconf 82' lang='lat' dir='ltr'><strong>meum</strong></span> <span class='ocrx_word' id='word_1_234' title='bbox 1109 3437 1145 3495; x_wconf 79' lang='lat' dir='ltr'><strong>et</strong></span> <span class='ocrx_word' id='word_1_235' title='bbox 1167 3432 1280 3495; x_wconf 82' lang='lat' dir='ltr'><strong>Deum</strong></span> <span class='ocrx_word' id='word_1_236' title='bbox 1303 3436 1451 3495; x_wconf 78' lang='lat' dir='ltr'><strong>vestrum</strong></span> <span class='ocrx_word' id='word_1_237' title='bbox 1467 3430 1522 3515; x_wconf 81' lang='lat'><strong>(2).</strong></span> 
     </span>
     <span class='ocr_line' id='line_1_27' title="bbox 179 3548 1522 3632; baseline 0 -21"><span class='ocrx_word' id='word_1_238' title='bbox 179 3548 332 3631; x_wconf 78' lang='lat' dir='ltr'><strong>Quando</strong></span> <span class='ocrx_word' id='word_1_239' title='bbox 356 3548 441 3611; x_wconf 90' lang='lat' dir='ltr'><strong>haec</strong></span> <span class='ocrx_word' id='word_1_240' title='bbox 465 3549 635 3611; x_wconf 91' lang='lat' dir='ltr'><strong>Dominus</strong></span> <span class='ocrx_word' id='word_1_241' title='bbox 659 3550 862 3630; x_wconf 88' lang='lat' dir='ltr'><strong>loquebatur</strong></span> <span class='ocrx_word' id='word_1_242' title='bbox 885 3558 920 3611; x_wconf 93' lang='lat' dir='ltr'><strong>et</strong></span> <span class='ocrx_word' id='word_1_243' title='bbox 942 3551 1146 3632; x_wconf 89' lang='lat' dir='ltr'><strong>patiebatur,</strong></span> <span class='ocrx_word' id='word_1_244' title='bbox 1179 3550 1291 3613; x_wconf 93' lang='lat' dir='ltr'><strong>Deum</strong></span> <span class='ocrx_word' id='word_1_245' title='bbox 1322 3571 1359 3612; x_wconf 93' lang='lat' dir='ltr'><strong>se</strong></span> <span class='ocrx_word' id='word_1_246' title='bbox 1389 3570 1433 3611; x_wconf 92' lang='lat' dir='ltr'><strong>an</strong></span> <span class='ocrx_word' id='word_1_247' title='bbox 1462 3549 1522 3611; x_wconf 93' lang='lat' dir='ltr'><strong>ho-</strong></span> 
     </span>
     <span class='ocr_line' id='line_1_28' title="bbox 179 3664 1522 3748; baseline 0 -22"><span class='ocrx_word' id='word_1_248' title='bbox 179 3667 313 3728; x_wconf 91' lang='lat' dir='ltr'><strong>minem</strong></span> <span class='ocrx_word' id='word_1_249' title='bbox 337 3665 585 3745; x_wconf 81' lang='lat' dir='ltr'><strong>expromebat?</strong></span> <span class='ocrx_word' id='word_1_250' title='bbox 609 3664 807 3737; x_wconf 90' lang='lat' dir='ltr'><strong>Hominem,</strong></span> <span class='ocrx_word' id='word_1_251' title='bbox 835 3666 1002 3745; x_wconf 91' lang='lat' dir='ltr'><strong>inquiunt.</strong></span> <span class='ocrx_word' id='word_1_252' title='bbox 1035 3665 1176 3728; x_wconf 90' lang='lat' dir='ltr'><strong>Duabus</strong></span> <span class='ocrx_word' id='word_1_253' title='bbox 1207 3685 1289 3748; x_wconf 82' lang='lat' dir='ltr'><strong>ergo</strong></span> <span class='ocrx_word' id='word_1_254' title='bbox 1320 3667 1449 3728; x_wconf 89' lang='lat' dir='ltr'><strong>naturis</strong></span> <span class='ocrx_word' id='word_1_255' title='bbox 1472 3666 1522 3726; x_wconf 91' lang='lat' dir='ltr'><strong>in-</strong></span> 
     </span>
     <span class='ocr_line' id='line_1_29' title="bbox 179 3780 1522 3863; baseline 0 -20"><span class='ocrx_word' id='word_1_256' title='bbox 179 3790 336 3843; x_wconf 87' lang='lat' dir='ltr'><strong>structus</strong></span> <span class='ocrx_word' id='word_1_257' title='bbox 360 3790 449 3843; x_wconf 89' lang='lat' dir='ltr'><strong>erat:</strong></span> <span class='ocrx_word' id='word_1_258' title='bbox 473 3780 623 3843; x_wconf 90' lang='lat' dir='ltr'><strong>humana</strong></span> <span class='ocrx_word' id='word_1_259' title='bbox 653 3800 741 3863; x_wconf 88' lang='lat' dir='ltr'><strong>quae</strong></span> <span class='ocrx_word' id='word_1_260' title='bbox 766 3782 907 3844; x_wconf 88' lang='lat' dir='ltr'><strong>iniurias</strong></span> <span class='ocrx_word' id='word_1_261' title='bbox 935 3781 1134 3853; x_wconf 87' lang='lat' dir='ltr'><strong>sustinebat,</strong></span> <span class='ocrx_word' id='word_1_262' title='bbox 1166 3792 1201 3844; x_wconf 93' lang='lat' dir='ltr'><strong>et</strong></span> <span class='ocrx_word' id='word_1_263' title='bbox 1224 3783 1341 3844; x_wconf 89' lang='lat' dir='ltr'><strong>divina</strong></span> <span class='ocrx_word' id='word_1_264' title='bbox 1368 3800 1454 3861; x_wconf 92' lang='lat' dir='ltr'><strong>quae</strong></span> <span class='ocrx_word' id='word_1_265' title='bbox 1478 3782 1522 3843; x_wconf 95' lang='lat' dir='ltr'><strong>ab</strong></span> 
     </span>
     <span class='ocr_line' id='line_1_30' title="bbox 180 3896 1523 3980; baseline 0.001 -22"><span class='ocrx_word' id='word_1_266' title='bbox 180 3896 243 3958; x_wconf 90' lang='lat' dir='ltr'><strong>illo</strong></span> <span class='ocrx_word' id='word_1_267' title='bbox 269 3914 458 3978; x_wconf 87' lang='lat' dir='ltr'><strong>numquam</strong></span> <span class='ocrx_word' id='word_1_268' title='bbox 482 3896 689 3959; x_wconf 88' lang='lat' dir='ltr'><strong>discedebat.</strong></span> <span class='ocrx_word' id='word_1_269' title='bbox 711 3896 848 3980; x_wconf 82' lang='lat' dir='ltr'><strong>Negant</strong></span> <span class='ocrx_word' id='word_1_270' title='bbox 865 3897 916 3958; x_wconf 93' lang='lat' dir='ltr'><strong>illi</strong></span> <span class='ocrx_word' id='word_1_271' title='bbox 933 3898 1225 3960; x_wconf 88' lang='lat' dir='ltr'><strong>consecutionem:</strong></span> <span class='ocrx_word' id='word_1_272' title='bbox 1249 3907 1327 3979; x_wconf 92' lang='lat' dir='ltr'><strong>post</strong></span> <span class='ocrx_word' id='word_1_273' title='bbox 1346 3899 1523 3976; x_wconf 85' lang='lat' dir='ltr'><strong>utriusque</strong></span> 
     </span>
     <span class='ocr_line' id='line_1_31' title="bbox 179 4011 1521 4085; baseline 0 -11"><span class='ocrx_word' id='word_1_274' title='bbox 179 4032 262 4074; x_wconf 92' lang='lat' dir='ltr'><strong>cum</strong></span> <span class='ocrx_word' id='word_1_275' title='bbox 287 4013 398 4075; x_wconf 89' lang='lat' dir='ltr'><strong>altera</strong></span> <span class='ocrx_word' id='word_1_276' title='bbox 422 4031 559 4085; x_wconf 83' lang='lat' dir='ltr'><strong>nexum,</strong></span> <span class='ocrx_word' id='word_1_277' title='bbox 585 4011 653 4075; x_wconf 90' lang='lat' dir='ltr'><strong>iarn</strong></span> <span class='ocrx_word' id='word_1_278' title='bbox 677 4032 742 4075; x_wconf 92' lang='lat' dir='ltr'><strong>non</strong></span> <span class='ocrx_word' id='word_1_279' title='bbox 768 4013 853 4076; x_wconf 91' lang='lat' dir='ltr'><strong>duas</strong></span> <span class='ocrx_word' id='word_1_280' title='bbox 879 4015 940 4076; x_wconf 91' lang='lat' dir='ltr'><strong>sed</strong></span> <span class='ocrx_word' id='word_1_281' title='bbox 971 4033 1072 4076; x_wconf 92' lang='lat' dir='ltr'><strong>unam</strong></span> <span class='ocrx_word' id='word_1_282' title='bbox 1104 4023 1302 4077; x_wconf 86' lang='lat' dir='ltr'><strong>astruentes.</strong></span> <span class='ocrx_word' id='word_1_283' title='bbox 1334 4012 1521 4075; x_wconf 92' lang='lat' dir='ltr'><strong>Vobiscum</strong></span> 
     </span>
     <span class='ocr_line' id='line_1_32' title="bbox 179 4125 1522 4212; baseline 0.001 -24"><span class='ocrx_word' id='word_1_284' title='bbox 179 4126 334 4209; x_wconf 88' lang='lat' dir='ltr'><strong>ipsimet,</strong></span> <span class='ocrx_word' id='word_1_285' title='bbox 359 4128 470 4207; x_wconf 91' lang='lat' dir='ltr'><strong>inquit</strong></span> <span class='ocrx_word' id='word_1_286' title='bbox 492 4125 574 4190; x_wconf 73' lang='lat' dir='ltr'><strong>Sela</strong></span> <span class='ocrx_word' id='word_1_287' title='bbox 597 4128 762 4199; x_wconf 74' lang='lat' dir='ltr'><strong>Christos,</strong></span> <span class='ocrx_word' id='word_1_288' title='bbox 786 4129 956 4212; x_wconf 83' lang='lat' dir='ltr'><strong>pugnatis.</strong></span> <span class='ocrx_word' id='word_1_289' title='bbox 980 4127 1018 4190; x_wconf 88' lang='lat' dir='ltr'><strong>Si</strong></span> <span class='ocrx_word' id='word_1_290' title='bbox 1041 4129 1133 4191; x_wconf 91' lang='lat' dir='ltr'><strong>enim</strong></span> <span class='ocrx_word' id='word_1_291' title='bbox 1156 4130 1318 4201; x_wconf 87' lang='lat' dir='ltr'><strong>asseritis,</strong></span> <span class='ocrx_word' id='word_1_292' title='bbox 1346 4138 1423 4210; x_wconf 90' lang='lat' dir='ltr'><strong>post</strong></span> <span class='ocrx_word' id='word_1_293' title='bbox 1453 4130 1522 4190; x_wconf 87' lang='lat' dir='ltr'><strong>coi·</strong></span> 
     </span>
     <span class='ocr_line' id='line_1_33' title="bbox 179 4242 1523 4326; baseline 0.001 -21"><span class='ocrx_word' id='word_1_294' title='bbox 179 4245 315 4306; x_wconf 90' lang='lat' dir='ltr'><strong>tionem</strong></span> <span class='ocrx_word' id='word_1_295' title='bbox 340 4262 444 4306; x_wconf 91' lang='lat' dir='ltr'><strong>unum</strong></span> <span class='ocrx_word' id='word_1_296' title='bbox 475 4263 552 4306; x_wconf 89' lang='lat' dir='ltr'><strong>esse</strong></span> <span class='ocrx_word' id='word_1_297' title='bbox 581 4242 765 4316; x_wconf 88' lang='lat' dir='ltr'><strong>Christum,</strong></span> <span class='ocrx_word' id='word_1_298' title='bbox 796 4253 929 4306; x_wconf 89' lang='lat' dir='ltr'><strong>vestras</strong></span> <span class='ocrx_word' id='word_1_299' title='bbox 960 4246 994 4307; x_wconf 95' lang='lat' dir='ltr'><strong>in</strong></span> <span class='ocrx_word' id='word_1_300' title='bbox 1025 4254 1142 4326; x_wconf 89' lang='lat' dir='ltr'><strong>partes</strong></span> <span class='ocrx_word' id='word_1_301' title='bbox 1172 4244 1405 4307; x_wconf 91' lang='lat' dir='ltr'><strong>concedimus:</strong></span> <span class='ocrx_word' id='word_1_302' title='bbox 1438 4245 1523 4307; x_wconf 92' lang='lat' dir='ltr'><strong>duas</strong></span> 
     </span>
     <span class='ocr_line' id='line_1_34' title="bbox 178 4358 1522 4441; baseline 0.001 -20"><span class='ocrx_word' id='word_1_303' title='bbox 178 4360 277 4421; x_wconf 89' lang='lat' dir='ltr'><strong>enim</strong></span> <span class='ocrx_word' id='word_1_304' title='bbox 303 4369 442 4421; x_wconf 88' lang='lat' dir='ltr'><strong>naturas</strong></span> <span class='ocrx_word' id='word_1_305' title='bbox 463 4358 567 4421; x_wconf 91' lang='lat' dir='ltr'><strong>habet</strong></span> <span class='ocrx_word' id='word_1_306' title='bbox 590 4361 648 4422; x_wconf 90' lang='lat' dir='ltr'><strong>uni</strong></span> <span class='ocrx_word' id='word_1_307' title='bbox 675 4378 842 4441; x_wconf 89' lang='lat' dir='ltr'><strong>personae</strong></span> <span class='ocrx_word' id='word_1_308' title='bbox 873 4360 1067 4441; x_wconf 89' lang='lat' dir='ltr'><strong>copulatas;</strong></span> <span class='ocrx_word' id='word_1_309' title='bbox 1099 4360 1129 4422; x_wconf 92' lang='lat' dir='ltr'><strong>si</strong></span> <span class='ocrx_word' id='word_1_310' title='bbox 1159 4379 1240 4423; x_wconf 90' lang='lat' dir='ltr'><strong>vero</strong></span> <span class='ocrx_word' id='word_1_311' title='bbox 1271 4359 1407 4432; x_wconf 88' lang='lat' dir='ltr'><strong>additis,</strong></span> <span class='ocrx_word' id='word_1_312' title='bbox 1438 4361 1522 4422; x_wconf 92' lang='lat' dir='ltr'><strong>duas</strong></span> 
     </span>
     <span class='ocr_line' id='line_1_35' title="bbox 178 4474 1520 4558; baseline 0 -21"><span class='ocrx_word' id='word_1_313' title='bbox 178 4476 264 4537; x_wconf 89' lang='lat' dir='ltr'><strong>illas</strong></span> <span class='ocrx_word' id='word_1_314' title='bbox 281 4485 420 4537; x_wconf 88' lang='lat' dir='ltr'><strong>naturas</strong></span> <span class='ocrx_word' id='word_1_315' title='bbox 437 4474 471 4537; x_wconf 91' lang='lat' dir='ltr'><strong>in</strong></span> <span class='ocrx_word' id='word_1_316' title='bbox 487 4495 589 4538; x_wconf 89' lang='lat' dir='ltr'><strong>unam</strong></span> <span class='ocrx_word' id='word_1_317' title='bbox 607 4475 784 4557; x_wconf 82' lang='lat' dir='ltr'><strong>coaluisse,</strong></span> <span class='ocrx_word' id='word_1_318' title='bbox 798 4477 1000 4538; x_wconf 83' lang='lat' dir='ltr'><strong>mixtionem</strong></span> <span class='ocrx_word' id='word_1_319' title='bbox 1017 4486 1050 4538; x_wconf 92' lang='lat' dir='ltr'><strong>et</strong></span> <span class='ocrx_word' id='word_1_320' title='bbox 1067 4475 1302 4538; x_wconf 89' lang='lat' dir='ltr'><strong>confusionem</strong></span> <span class='ocrx_word' id='word_1_321' title='bbox 1319 4477 1520 4558; x_wconf 87' lang='lat' dir='ltr'><strong>importatis.</strong></span> 
     </span>
    </p>

    <p class='ocr_par' dir='ltr' id='par_1_6' title="bbox 178 4590 1521 4905">
     <span class='ocr_line' id='line_1_36' title="bbox 274 4590 1521 4685; baseline 0.002 -33"><span class='ocrx_word' id='word_1_322' title='bbox 274 4610 306 4669; x_wconf 84' lang='lat'><strong>9.</strong></span> <span class='ocrx_word' id='word_1_323' title='bbox 332 4590 432 4653; x_wconf 88' lang='lat' dir='ltr'><strong>Duos</strong></span> <span class='ocrx_word' id='word_1_324' title='bbox 454 4592 534 4653; x_wconf 91' lang='lat' dir='ltr'><strong>illos</strong></span> <span class='ocrx_word' id='word_1_325' title='bbox 557 4592 631 4685; x_wconf 79' lang='lat' dir='ltr'><strong>dies</strong></span> <span class='ocrx_word' id='word_1_326' title='bbox 655 4593 847 4655; x_wconf 89' lang='lat' dir='ltr'><strong>obstinatae</strong></span> <span class='ocrx_word' id='word_1_327' title='bbox 871 4593 1101 4655; x_wconf 88' lang='lat' dir='ltr'><strong>dissensiones</strong></span> <span class='ocrx_word' id='word_1_328' title='bbox 1121 4601 1156 4654; x_wconf 92' lang='lat' dir='ltr'><strong>et</strong></span> <span class='ocrx_word' id='word_1_329' title='bbox 1172 4593 1338 4654; x_wconf 87' lang='lat' dir='ltr'><strong>clamores</strong></span> <span class='ocrx_word' id='word_1_330' title='bbox 1354 4593 1521 4654; x_wconf 89' lang='lat' dir='ltr'><strong>contrive-</strong></span> 
     </span>
     <span class='ocr_line' id='line_1_37' title="bbox 178 4706 1520 4788; baseline -0.001 -18"><span class='ocrx_word' id='word_1_331' title='bbox 178 4716 271 4779; x_wconf 89' lang='lat' dir='ltr'><strong>runt,</strong></span> <span class='ocrx_word' id='word_1_332' title='bbox 297 4716 333 4769; x_wconf 91' lang='lat' dir='ltr'><strong>et</strong></span> <span class='ocrx_word' id='word_1_333' title='bbox 355 4716 435 4787; x_wconf 91' lang='lat' dir='ltr'><strong>post</strong></span> <span class='ocrx_word' id='word_1_334' title='bbox 457 4725 517 4768; x_wconf 90' lang='lat' dir='ltr'><strong>eos</strong></span> <span class='ocrx_word' id='word_1_335' title='bbox 540 4725 577 4768; x_wconf 89' lang='lat' dir='ltr'><strong>se</strong></span> <span class='ocrx_word' id='word_1_336' title='bbox 604 4707 639 4768; x_wconf 92' lang='lat' dir='ltr'><strong>in</strong></span> <span class='ocrx_word' id='word_1_337' title='bbox 668 4725 781 4788; x_wconf 82' lang='lat' dir='ltr'><strong>genua</strong></span> <span class='ocrx_word' id='word_1_338' title='bbox 811 4726 926 4770; x_wconf 91' lang='lat' dir='ltr'><strong>coram</strong></span> <span class='ocrx_word' id='word_1_339' title='bbox 957 4706 1167 4787; x_wconf 89' lang='lat' dir='ltr'><strong>Imperatore</strong></span> <span class='ocrx_word' id='word_1_340' title='bbox 1197 4707 1326 4769; x_wconf 93' lang='lat' dir='ltr'><strong>Abuna</strong></span> <span class='ocrx_word' id='word_1_341' title='bbox 1356 4706 1520 4778; x_wconf 88' lang='lat' dir='ltr'><strong>advolvit,</strong></span> 
     </span>
     <span class='ocr_line' id='line_1_38' title="bbox 179 4821 1521 4905; baseline -0.001 -20"><span class='ocrx_word' id='word_1_342' title='bbox 179 4842 261 4885; x_wconf 91' lang='lat' dir='ltr'><strong>cum</strong></span> <span class='ocrx_word' id='word_1_343' title='bbox 287 4821 454 4903; x_wconf 90' lang='lat' dir='ltr'><strong>lacrymis</strong></span> <span class='ocrx_word' id='word_1_344' title='bbox 476 4822 675 4904; x_wconf 90' lang='lat' dir='ltr'><strong>deprecans,</strong></span> <span class='ocrx_word' id='word_1_345' title='bbox 698 4832 735 4885; x_wconf 95' lang='lat' dir='ltr'><strong>ut</strong></span> <span class='ocrx_word' id='word_1_346' title='bbox 758 4824 934 4903; x_wconf 87' lang='lat' dir='ltr'><strong>antiquam</strong></span> <span class='ocrx_word' id='word_1_347' title='bbox 949 4821 1051 4885; x_wconf 84' lang='lat' dir='ltr'><strong>fidem</strong></span> <span class='ocrx_word' id='word_1_348' title='bbox 1076 4824 1311 4885; x_wconf 91' lang='lat' dir='ltr'><strong>inconcussam</strong></span> <span class='ocrx_word' id='word_1_349' title='bbox 1330 4823 1446 4905; x_wconf 84' lang='lat' dir='ltr'><strong>vigere</strong></span> <span class='ocrx_word' id='word_1_350' title='bbox 1462 4842 1521 4902; x_wconf 89' lang='lat' dir='ltr'><strong>pa·</strong></span> 
     </span>
    </p>
   </div>
   <div class='ocr_carea' id='block_1_5' title="bbox 270 5069 952 5140">
    <p class='ocr_par' dir='ltr' id='par_1_7' title="bbox 270 5069 952 5140">
     <span class='ocr_line' id='line_1_39' title="bbox 270 5069 952 5140; baseline 0.006 -21"><span class='ocrx_word' id='word_1_351' title='bbox 270 5074 312 5140; x_wconf 85' lang='lat'><strong>(1)</strong></span> <span class='ocrx_word' id='word_1_352' title='bbox 334 5071 434 5121; x_wconf 79' lang='lat' dir='ltr'><strong>Psalm.</strong></span> <span class='ocrx_word' id='word_1_353' title='bbox 454 5082 478 5127; x_wconf 85' lang='lat'><strong>2,</strong></span> <span class='ocrx_word' id='word_1_354' title='bbox 497 5086 523 5121; x_wconf 89' lang='lat' dir='ltr'><strong>n.</strong></span> <span class='ocrx_word' id='word_1_355' title='bbox 544 5082 567 5122; x_wconf 80' lang='lat'><strong>2.</strong></span> <span class='ocrx_word' id='word_1_356' title='bbox 588 5098 621 5107; x_wconf 95' lang='lat'><em>-</em></span> <span class='ocrx_word' id='word_1_357' title='bbox 639 5069 681 5139; x_wconf 78' lang='lat' dir='ltr'><strong>(a)</strong></span> <span class='ocrx_word' id='word_1_358' title='bbox 700 5073 783 5130; x_wconf 71' lang='lat' dir='ltr'><strong>Ioan,</strong></span> <span class='ocrx_word' id='word_1_359' title='bbox 805 5085 846 5129; x_wconf 86' lang='lat'><strong>20,</strong></span> <span class='ocrx_word' id='word_1_360' title='bbox 866 5088 890 5124; x_wconf 93' lang='lat' dir='ltr'><strong>n.</strong></span> <span class='ocrx_word' id='word_1_361' title='bbox 913 5084 952 5136; x_wconf 83' lang='lat'><strong>17.</strong></span> 
     </span>
    </p>
   </div>
   <div class='ocr_carea' id='block_1_6' title="bbox 1551 2050 1871 2247">
    <p class='ocr_par' dir='ltr' id='par_1_8' title="bbox 1551 2050 1871 2247">
     <span class='ocr_line' id='line_1_40' title="bbox 1586 2050 1870 2102; baseline -0.004 0"><span class='ocrx_word' id='word_1_362' title='bbox 1586 2050 1763 2102; x_wconf 77' lang='lat' dir='ltr'><strong>Haeretici</strong></span> <span class='ocrx_word' id='word_1_363' title='bbox 1800 2054 1870 2102; x_wconf 79' lang='lat' dir='ltr'><strong>enti·</strong></span> 
     </span>
     <span class='ocr_line' id='line_1_41' title="bbox 1551 2124 1871 2187; baseline 0.003 -14"><span class='ocrx_word' id='word_1_364' title='bbox 1551 2124 1681 2187; x_wconf 88' lang='lat' dir='ltr'><strong>quiorum</strong></span> <span class='ocrx_word' id='word_1_365' title='bbox 1700 2126 1815 2174; x_wconf 81' lang='lat' dir='ltr'><strong>Petrum</strong></span> <span class='ocrx_word' id='word_1_366' title='bbox 1828 2126 1871 2174; x_wconf 88' lang='lat' dir='ltr'><strong>di-</strong></span> 
     </span>
     <span class='ocr_line' id='line_1_42' title="bbox 1551 2194 1753 2247; baseline 0 -4"><span class='ocrx_word' id='word_1_367' title='bbox 1551 2194 1604 2245; x_wconf 81' lang='lat' dir='ltr'><strong>ctis</strong></span> <span class='ocrx_word' id='word_1_368' title='bbox 1622 2205 1753 2247; x_wconf 85' lang='lat' dir='ltr'><strong>renuunt.</strong></span> 
     </span>
    </p>
   </div>
   <div class='ocr_carea' id='block_1_7' title="bbox 1548 4600 1869 4736">
    <p class='ocr_par' dir='ltr' id='par_1_9' title="bbox 1548 4600 1869 4736">
     <span class='ocr_line' id='line_1_43' title="bbox 1583 4600 1869 4666; baseline 0.017 -15"><span class='ocrx_word' id='word_1_369' title='bbox 1583 4600 1684 4652; x_wconf 84' lang='lat' dir='ltr'><strong>Libros</strong></span> <span class='ocrx_word' id='word_1_370' title='bbox 1710 4603 1869 4666; x_wconf 81' lang='lat' dir='ltr'><strong>sequendos</strong></span> 
     </span>
     <span class='ocr_line' id='line_1_44' title="bbox 1548 4672 1814 4736; baseline 0 -14"><span class='ocrx_word' id='word_1_371' title='bbox 1548 4673 1703 4736; x_wconf 76' lang='lat' dir='ltr'><strong>Imperator</strong></span> <span class='ocrx_word' id='word_1_372' title='bbox 1720 4672 1814 4724; x_wconf 82' lang='lat' dir='ltr'><strong>edicit.</strong></span> 
     </span>
    </p>
   </div>
   <div class='ocr_carea' id='block_1_8' title="bbox 0 0 2066 6182">
    <p class='ocr_par' dir='ltr' id='par_1_10' title="bbox 0 0 2066 6182">
     <span class='ocr_line' id='line_1_45' title="bbox 0 0 2066 6182; baseline 0 3"><span class='ocrx_word' id='word_1_373' title='bbox 0 0 2066 6182; x_wconf 95' lang='lat' dir='ltr'><strong> </strong></span> 
     </span>
    </p>
   </div>
  </div>
 </body>
</html>
