4058 6178
687 550 803 598 LIBER
827 551 867 609 11,
891 549 1016 598 CAPUT
1040 550 1063 598 Ι.
1478 555 1537 613 Ῑ45

194 717 301 779 picam
326 695 516 760 iucundum
539 696 695 761 habitare
710 695 850 784 fratres
872 696 910 759 in
933 716 1041 759 tantam
1053 720 1065 757 .·
1087 696 1176 759 sicas
1197 701 1409 782 ungraentum
1434 698 1472 760 in
1487 717 1540 760 co·

195 812 267 896 pite
285 814 344 897 (ι).
369 812 442 876 Ubi
469 815 639 877 succincte
662 813 820 883 ostendit,
844 813 1028 894 mysticum
1043 809 1221 874 Ecclesiae
1236 822 1454 894 unguentum,
1472 833 1539 876 non

200 948 270 992 uno
294 940 429 992 tantum
452 931 684 1003 odoramento
708 930 769 992 sed
796 931 948 992 omnium
979 938 1249 1009 temperamento
1281 938 1445 1001 constare,
1477 950 1540 993 nec

203 1046 297 1109 illius
320 1047 457 1129 corpori
480 1065 582 1128 posse
606 1045 858 1117 communicari,
883 1046 949 1108 nisi
973 1045 1017 1107 ab
1040 1045 1191 1108 Aaronis
1214 1045 1338 1107 summi
1363 1045 1540 1109 Hebraeo-

204 1181 279 1225 rum
303 1161 502 1234 saccrdotis,
525 1163 585 1243 qui
608 1172 711 1243 typus
731 1159 796 1224 fuit
812 1160 964 1223 Romani
979 1158 1166 1231 Pontificis,
1184 1160 1275 1223 Petri
1292 1160 1539 1242 Apostolorum

204 1277 372 1359 principis
395 1278 600 1340 successoris
623 1287 657 1340 et
680 1276 809 1340 Christi
839 1277 969 1350 vicarii,
1004 1276 1116 1359 capite
1151 1276 1185 1338 in
1217 1287 1326 1339 totum
1356 1275 1541 1339 vestimen·

205 1402 279 1455 tum
303 1402 338 1455 et
361 1412 480 1455 omnes
503 1392 596 1455 illius
618 1390 770 1456 fimbrias
800 1390 1019 1455 diffundatur.
1052 1388 1193 1454 Summa
1216 1393 1368 1454 omnium
1396 1390 1462 1456 iuit
1484 1412 1541 1454 au·

206 1507 336 1571 dientia
359 1517 394 1571 et
417 1509 556 1590 plausus
578 1510 685 1572 instar
708 1508 875 1580 miraculi,
899 1527 976 1571 cum
1001 1528 1100 1571 nemo
1123 1516 1214 1571 esset
1237 1507 1271 1570 in
1302 1518 1397 1571 tanta
1429 1508 1540 1570 multi·

206 1623 324 1686 tudine
348 1622 394 1705 (in
418 1642 485 1705 qua
508 1643 577 1686 non
600 1624 699 1706 pauci
723 1635 859 1687 centum
882 1643 990 1685 annos
1012 1624 1243 1702 excesserant)
1275 1625 1332 1706 qui
1363 1633 1542 1686 testaretur

206 1758 370 1819 umquam
394 1759 415 1801 a
444 1758 481 1802 se
511 1740 617 1803 ullum
649 1760 695 1802 ex
729 1738 867 1803 Abunis
897 1740 1131 1803 alexandrinis
1161 1740 1418 1802 concionantem
1447 1739 1542 1803 audi·

206 1866 290 1927 tum,
313 1865 433 1936 utpote
462 1875 548 1937 quos
579 1866 613 1918 et
644 1855 787 1919 scientia
810 1867 843 1918 et
870 1856 1060 1918 animarum
1090 1857 1210 1919 salutis
1241 1875 1321 1919 cura
1350 1854 1541 1919 deficiebat.

208 1970 282 2033 Nec
312 1989 389 2033 raro
413 1970 594 2042 Basilides,
618 1971 676 2052 qui
700 1990 788 2033 nunc
811 1972 967 2053 imperat,
992 1981 1025 2033 et
1048 1981 1127 2034 tunc
1151 1972 1277 2043 aderat,
1310 1991 1371 2034 suo
1394 1970 1542 2034 Abunae

207 2086 296 2149 hanc
321 2086 491 2149 inscitiam
515 2097 549 2149 et
576 2087 739 2150 incuriam
767 2106 855 2149 nunc
882 2087 1077 2168 exprobrat,
1109 2086 1307 2150 idemtidem
1338 2107 1541 2160 memorans,

207 2201 445 2265 Patriarcham
479 2221 656 2266 romanum
692 2222 873 2284 numquam
906 2204 949 2265 ad
980 2203 1160 2265 dicendum
1191 2200 1296 2266 fuisse
1327 2203 1542 2285 imparatum,

207 2319 268 2381 sed
293 2319 522 2400 extemporali
544 2338 679 2400 semper
702 2318 871 2389 facundia,
895 2319 951 2381 vel
976 2338 1020 2380 ex
1044 2318 1164 2381 itinere
1191 2328 1442 2402 expromptum.
1475 2319 1544 2382 Im-

206 2435 335 2516 pertita
364 2435 602 2498 benedictione
636 2444 670 2497 et
702 2435 990 2516 indulgentiarum
1021 2434 1213 2518 largitione,
1248 2436 1283 2497 in
1317 2455 1415 2499 suum
1449 2437 1543 2518 pala-

207 2552 294 2615 tium
313 2549 518 2632 Imperator,
541 2560 575 2613 et
598 2549 796 2613 Patriarcha
819 2551 853 2613 in
878 2552 1016 2613 domum
1039 2559 1174 2632 patrum
1198 2549 1382 2614 Societatis
1405 2551 1483 2614 Iesu
1506 2571 1543 2614 se

207 2668 434 2749 collegerunt.

303 2802 353 2861 13.
378 2782 461 2845 Post
485 2781 656 2845 modicum
681 2783 898 2845 intervallum
922 2803 958 2845 se
982 2784 1026 2846 ab
1050 2782 1258 2864 Imperatore
1281 2784 1456 2864 expectari
1480 2783 1545 2845 Pa·
1606 2792 1806 2853 Imperatorem
1834 2788 1893 2839 adit

207 2898 360 2962 triarcha
383 2898 587 2971 admonitus,
609 2900 645 2961 in
668 2899 799 2981 regiam
823 2900 1001 2967 concessit,
1018 2898 1181 2981 religioso
1197 2907 1333 2979 patrum
1350 2907 1385 2961 et
1405 2899 1544 2963 militari
1573 2860 1742 2912 Putamus.

208 3014 429 3077 Lusitanicae
441 3013 650 3095 posteritatis
666 3014 829 3076 comitatu
844 3015 1052 3077 honestatus.
1069 3013 1109 3076 In
1126 3013 1312 3096 augustiori
1326 3016 1416 3088 aula,
1429 3015 1546 3078 multis

207 3131 336 3193 vestita
358 3128 530 3210 tapetibus
552 3139 586 3193 et
608 3130 788 3193 curialium
818 3131 1034 3193 multitudine
1065 3130 1267 3211 constipata,
1299 3131 1410 3211 ipsum
1441 3150 1546 3213 oppe-

207 3247 370 3317 riebatur,
394 3254 429 3307 et
452 3244 630 3317 contuitus,
655 3248 700 3308 ab
724 3255 860 3310 assueto
882 3245 1015 3318 throno,
1032 3265 1094 3308 suo
1111 3264 1234 3327 nempe
1249 3246 1471 3318 lectisternio,
1488 3248 1546 3309 de·

208 3363 325 3433 cessit,
348 3370 384 3424 et
405 3379 511 3443 prope
535 3360 635 3424 iussit
657 3362 742 3425 duas
772 3362 877 3424 sellas
906 3361 1133 3431 sublimiores,
1157 3361 1202 3423 ad
1232 3361 1347 3423 omnia
1373 3363 1545 3444 aequales,

209 3477 385 3547 collocari,
409 3476 444 3538 in
467 3494 610 3557 quarum
633 3478 757 3540 dextra
780 3475 854 3558 ipse
878 3496 947 3539 non
969 3478 1063 3558 prius
1084 3476 1225 3557 quievit,
1245 3496 1347 3558 quam
1363 3476 1464 3540 simul
1481 3477 1546 3541 Pa·

209 3592 360 3657 triarcha
387 3592 422 3655 in
453 3592 552 3656 laeva
582 3593 804 3666 consedisset;
837 3612 938 3675 quem
970 3612 1100 3656 morem
1130 3593 1294 3674 deinceps
1324 3592 1358 3655 in
1389 3594 1548 3656 omnibus

209 3709 453 3792 congressibus
476 3709 712 3771 intemeratum
736 3709 896 3772 servavit.
920 3708 1036 3790 Ipsum
1060 3728 1162 3790 quam
1190 3706 1405 3771 familiariter
1428 3718 1463 3770 et
1486 3728 1547 3772 ex·

210 3834 288 3887 acte
311 3825 355 3887 de
378 3824 553 3887 laboribus
576 3844 617 3887 ac
639 3824 801 3905 periculis
824 3826 1002 3887 diuturnae
1025 3825 1112 3887 adeo
1135 3823 1367 3906 expeditionis
1395 3834 1448 3887 est
1470 3844 1547 3907 per-

211 3948 400 4003 cunctatus.
424 3938 465 4002 In
487 3940 628 4022 longum
652 3948 827 4022 protracta
849 3951 883 4002 et
905 3958 1040 4021 semper
1056 3940 1238 4022 gliscentia
1253 3941 1362 4020 optati
1376 3939 1475 4002 huius
1491 3960 1548 4003 oc-

72 4102 81 4115 .
146 4100 153 4119 ‚
173 4099 181 4113 .
211 4074 333 4119 cursus
348 4053 517 4118 desideria
533 4057 709 4136 exposuit;
733 4055 838 4136 *quae
855 4075 932 4117 cum
947 4064 1000 4117 tot
1015 4055 1249 4117 cunctationes
1265 4055 1428 4137 sopirent,
1444 4057 1548 4119 adde-

210 4173 273 4234 bat
296 4171 382 4234 illud
408 4180 539 4234 tantum
570 4171 686 4234 solatii
715 4170 781 4233 sibi
812 4180 1003 4253 suppetere,
1035 4170 1064 4233 si
1095 4180 1305 4252 postremum
1337 4172 1428 4234 diem
1460 4173 1549 4236 inter

210 4297 330 4369 patres
351 4283 536 4350 Societatis
559 4306 640 4349 suae
662 4285 741 4349 fidei
764 4287 921 4349 doctores
945 4287 1074 4359 obiret3
1101 4287 1163 4349 sed
1193 4305 1269 4349 cum
1301 4307 1364 4349 nec
1395 4287 1488 4369 ipsos
1514 4299 1548 4351 et

211 4403 447 4465 Patriarcham
472 4402 506 4464 iu
529 4411 713 4483 conspectu
736 4401 887 4474 haberet,
919 4401 1069 4464 omnium
1100 4421 1137 4464 se
1164 4411 1322 4464 votorum
1353 4412 1548 4485 compotem

211 4516 353 4590 factum,
389 4536 453 4579 nec
484 4518 618 4590 habere,
652 4537 713 4581 nec
744 4519 831 4581 scire
859 4516 940 4600 quid
968 4518 1111 4580 reddere
1141 4518 1251 4599 possit
1283 4518 1450 4580 bonorum
1476 4539 1549 4581 om·

211 4635 305 4696 nium
330 4632 470 4703 auctori,
494 4642 539 4705 et,
563 4632 671 4696 oculis
694 4634 729 4695 in
753 4635 886 4696 coelum
910 4633 1075 4696 coniectis
1105 4645 1139 4695 et
1163 4635 1390 4715 lacrymarum
1421 4633 1548 4697 affluxu

212 4750 440 4821 madentibus,
470 4749 602 4812 aiebat:
631 4747 808 4833 confirma
837 4748 905 4820 hoc,
936 4749 1043 4820 Deus,
1071 4750 1162 4834 quod
1184 4754 1340 4834 operatus
1365 4770 1400 4813 es
1426 4750 1464 4813 in
1491 4770 1549 4813 no·

209 4864 269 4938 bis,
300 4868 456 4949 optatum
478 4864 611 4928 emtum
642 4868 692 4928 tot
720 4863 890 4948 beneficiis
916 4866 1058 4929 concede.
1083 4864 1254 4951 Agnoscat
1282 4864 1463 4950 Aethiopia
1495 4867 1549 4929 in-
1603 4874 1895 4937 lmpentortupreeec.

300 5114 339 5176 (1)
358 5113 458 5163 Psalm.
479 5122 537 5174 132,
556 5128 582 5165 n.
604 5123 626 5164 1.

290 5234 318 5277 C.
333 5234 444 5275 Baetem.
458 5233 514 5275 Rer.
529 5234 596 5275 Aetk.
611 5235 702 5286 Sm'pt.
718 5246 763 5276 occ.
780 5234 846 5278 r'ned,
860 5258 886 5268 -
900 5235 966 5278 VIII.
