4166 6182
748 595 1009 647 INTRODUCTIO
1444 600 1547 649 XXIX

211 745 376 819 thelicae
404 736 670 842 provehendae
698 772 810 842 quam
840 747 1004 820 maxime
1032 749 1190 831 officere,
1220 749 1257 821 S.
1290 748 1547 844 Congregatio

211 880 343 975 paucis
372 895 459 976 post
486 881 596 954 annis
626 906 699 954 non
731 881 843 953 modo
872 883 921 954 ab
949 905 995 953 eo
1023 896 1162 954 statuto
1190 883 1439 956 recedendum
1464 908 1546 955 cen·

211 1012 295 1098 suit,
326 1014 396 1087 sed
425 1015 576 1088 decreto
604 1016 681 1088 lato
710 1017 780 1088 sub
807 1014 986 1112 gravibus
1015 1014 1147 1110 poenis
1175 1013 1365 1111 prohibuit
1389 1040 1435 1088 ne
1463 1021 1547 1111 quis

209 1147 364 1221 alterius
392 1146 547 1221 Ordinis
574 1148 774 1245 religiosus
802 1148 837 1221 in
870 1146 1060 1222 missionis
1087 1147 1150 1221 uni
1171 1148 1306 1221 Ordini
1333 1149 1546 1244 assignatae

209 1280 437 1354 territorium
480 1281 739 1377 ingrederetur
771 1283 833 1379 (1).
877 1280 988 1373 Quod
1031 1284 1219 1355 decretum
1263 1280 1374 1355 etiam
1418 1299 1545 1356 nostro

207 1430 380 1509 tempore
408 1415 513 1512 viget
539 1430 577 1489 et
605 1416 781 1513 religiose
810 1432 990 1489 servatur.
1021 1417 1149 1510 Itaque
1182 1430 1289 1510 pater
1317 1415 1497 1490 Veemers
1524 1442 1546 1490 e

208 1546 496 1622 Carmelitarum
516 1548 671 1635 Ordine,
698 1550 772 1623 iam
802 1548 890 1622 inde
920 1551 968 1622 ab
995 1574 1095 1622 anno
1122 1550 1281 1641 1640111
1302 1549 1543 1647 Aethiopiam

206 1696 249 1755 ut
276 1680 355 1755 dixi
384 1682 604 1767 destinabis,
634 1708 735 1756 anno
770 1687 865 1776 1645
911 1685 1053 1758 electus
1086 1698 1142 1757 est
1180 1684 1370 1758 missionis
1406 1685 1542 1758 aethio

206 1815 316 1910 picae
345 1816 518 1890 Vicarius
546 1816 776 1912 apostolicus
804 1832 840 1889 et
869 1818 970 1913 apud
990 1816 1212 1912 Mempheos
1235 1816 1478 1914 inauguratus
1492 1818 1545 1916 (a)

206 1949 317 2045 eique
346 1964 422 2023 tres
450 1950 636 2024 recentius
663 1964 848 2034 exaratae,
879 1948 1087 2023 Innocentii
1118 1951 1153 2021 X
1178 1950 1341 2037 nomine,
1362 1950 1543 2046 epistolae

206 2081 380 2167 traditae,
409 2109 485 2156 non
514 2084 706 2157 absimiles
732 2083 808 2157 illis
842 2082 984 2157 Urbani
1014 2082 1112 2168 VIII,
1143 2082 1277 2178 quibus
1306 2082 1405 2156 idem
1434 2083 1543 2157 enixe

206 2217 543 2291 commendabatur
571 2215 786 2313 imperatori
816 2216 1020 2301 FasiladaS,
1047 2217 1207 2289 Abunae
1226 2230 1263 2289 et
1283 2217 1442 2312 lcceghe
1467 2243 1542 2289 mo-

205 2350 427 2423 nachorum.
445 2349 520 2424 Hie
536 2375 625 2424 vero
644 2351 745 2424 circa
763 2350 894 2423 harum
914 2350 1119 2423 litterarum
1139 2347 1331 2444 negotium
1347 2350 1469 2445 deque
1488 2349 1542 2422 in-

204 2481 424 2556 sectationis
452 2483 489 2556 in
519 2484 724 2580 Aethiopia
751 2483 875 2558 causis
897 2483 1010 2556 velim
1031 2483 1147 2556 lector
1175 2481 1448 2557 animadvertat
1475 2484 1542 2555 du-

204 2616 344 2711 plicem
374 2633 412 2693 et
439 2618 536 2693 inter
563 2644 603 2693 se
632 2633 862 2715 pugnantem
884 2616 1200 2714 Congregationi's
1219 2617 1265 2689 de
1288 2618 1538 2712 Propaganda

202 2749 297 2823 Fide
327 2753 506 2846 loquendi
535 2767 647 2848 atque
675 2751 813 2849 agendi
843 2751 1008 2823 modum.

202 3023 303 3064 annos
325 3007 434 3077 missis,
456 3009 489 3065 in
509 3008 675 3084 Aethiopia
696 3008 758 3071 sint
779 3008 874 3065 multa
895 3007 993 3064 millia
1013 3006 1244 3075 catholicorum,
1267 3006 1376 3080 quibus
1398 3007 1538 3083 impossi-

201 3105 263 3162 bile
285 3115 333 3162 est
354 3123 444 3181 posse
465 3107 602 3164 sufficere
623 3107 799 3182 praedictos
820 3123 871 3164 sex
894 3114 996 3180 patres
1015 3114 1046 3162 et
1060 3104 1260 3179 episcopum;

284 3204 328 3273 2⁰,
349 3204 423 3279 quia
443 3222 537 3280 regna
558 3204 740 3280 Aethiopiae
761 3214 832 3262 sunt
852 3214 915 3261 tam
937 3221 1049 3278 magna
1070 3212 1100 3261 et
1122 3202 1154 3258 in
1176 3212 1262 3259 tauto
1280 3219 1408 3259 numero
1429 3213 1462 3262 ut
1483 3222 1537 3262 ne-

200 3302 371 3360 cessarium
392 3301 432 3360 sit
452 3303 656 3377 multiplicare
678 3302 838 3361 missiones
860 3320 897 3360 ex
918 3301 1055 3377 pluribus
1080 3299 1299 3375 rehgionibus;

281 3400 318 3471 3⁰
338 3399 483 3474 denique,
504 3400 577 3474 quia
598 3400 719 3475 saepius
747 3418 766 3457 a
793 3399 823 3457 S.
845 3398 1093 3474 Congregatione
1113 3399 1270 3456 decretum
1299 3398 1356 3455 fuit
1384 3399 1538 3474 expedire,

200 3496 299 3554 immo
320 3497 528 3556 necessarium
549 3516 624 3564 esse,
646 3507 680 3555 ut
701 3499 732 3555 in
754 3499 854 3573 regnis
876 3499 1008 3556 maxIme
1035 3496 1247 3554 remotissimis
1268 3514 1287 3553 a
1307 3495 1386 3554 Sede
1408 3497 1539 3573 Aposto-

201 3594 260 3652 lica
283 3594 361 3653 liant
381 3597 421 3653 ad
441 3596 544 3653 minus
565 3597 727 3654 missiones
755 3596 967 3671 religiosorum
996 3595 1124 3652 duarum
1151 3595 1344 3667 religionum,
1366 3604 1408 3661 ut,
1430 3596 1454 3653 si
1476 3614 1539 3654 una

199 3692 305 3752 deviet
325 3694 359 3751 in
382 3694 430 3751 vla
451 3710 571 3752 morum
593 3704 623 3752 et
644 3695 812 3762 doctrinae,
841 3694 902 3752 alia
929 3711 960 3751 se
988 3702 1126 3768 opponat
1153 3702 1187 3749 ut
1215 3691 1340 3750 Sacram
1368 3692 1538 3769 Congrega·

199 3790 319 3850 tionem
342 3793 504 3851 certiorem
526 3793 629 3863 faciat,
651 3803 712 3862 aut,
727 3793 752 3851 si
773 3810 835 3849 ima
856 3793 896 3850 ob
917 3793 1036 3866 aliquas
1056 3808 1164 3849 causas
1184 3791 1383 3866 particulares
1398 3791 1470 3848 inde
1484 3792 1538 3849 eii·

199 3890 308 3959 ciatur,
341 3889 403 3947 alia
434 3899 590 3948 remaneat
615 3891 654 3947 ad
679 3890 899 3949 catholicorum
921 3908 1025 3948 curam
1041 3912 1068 3944 ».
1090 3890 1135 3959 lia
1156 3907 1248 3963 κιαι-ς.
1271 3908 1357 3945 araim
1376 3892 1537 3962 secretarii]

203 3986 281 4045 «De
296 3988 446 4046 missione
467 3986 713 4047 Reformatorurn
734 3988 838 4046 Sancti
861 3987 1015 4046 Francisei
1038 3987 1069 4043 in
1095 3986 1293 4061 Aethiopiam
1320 4003 1384 4044 non
1412 4005 1538 4062 suspen·

199 4084 305 4143 denda
337 4087 377 4143 ad
407 4085 585 4144 instantiam
611 4085 791 4145 Iesuitarum
817 4096 847 4145 et
872 4085 1067 4143 Patriarchae
1092 4083 1318 4158 Aethiopiae».
1349 4082 1435 4152 APF,
1462 4086 1537 4142 Acta

199 4180 473 4255 ann.163b1637,
495 4183 516 4241 s.
538 4197 606 4256 332.

279 4279 326 4357 (1)
352 4295 417 4337 «11
441 4281 571 4340 ianuarii
596 4279 672 4353 1656
692 4281 817 4359 (Congr.
840 4280 944 4357 Gen).
968 4279 1062 4338 Nullo
1083 4280 1178 4338 modo
1201 4280 1233 4336 in
1258 4289 1414 4355 posterum
1443 4281 1533 4339 licere

198 4394 254 4452 pro
275 4379 362 4438 bono
384 4378 540 4453 religionis
561 4379 730 4438 catholicae
751 4391 780 4437 et
802 4382 842 4438 ad
864 4380 1018 4439 tollendas
1040 4380 1119 4437 inter
1140 4377 1349 4436 missionarios
1370 4380 1534 4437 dissensio·

199 4495 253 4534 nes
274 4487 307 4535 et
331 4476 439 4552 litigia,
461 4477 493 4533 in
514 4478 600 4546 locis,
621 4478 785 4553 inquibus
806 4480 939 4536 existunt
961 4478 1144 4536 missionarii
1175 4477 1339 4550 apostolici
1368 4478 1459 4534 unius
1487 4496 1534 4534 or·

197 4574 290 4643 dinis,
313 4592 429 4633 novam
450 4575 628 4634 missionem
649 4577 780 4634 aliorum
806 4577 1027 4652 religiosorum,
1055 4575 1149 4633 etiarn
1178 4573 1340 4631 SocIetatis
1366 4573 1445 4643 lesu,
1468 4574 1536 4631 lun·

198 4672 281 4741 dare,
304 4674 353 4730 vel
377 4672 460 4730 illam
482 4673 538 4731 sub
559 4673 666 4747 quovis
691 4683 849 4749 praetextu
880 4684 932 4731 aut
964 4673 1145 4731 auctoritate
1176 4689 1316 4729 exercere
1347 4672 1464 4746 absque
1483 4690 1535 4728 ex·

196 4787 302 4844 pressa
327 4771 455 4829 licentia
485 4771 623 4829 eiusdem
649 4772 676 4830 S.
699 4770 964 4847 Congregationis,
998 4771 1054 4828 sub
1085 4787 1187 4845 poena
1218 4769 1398 4844 privationis
1430 4768 1533 4837 officii,

197 4868 350 4945 privilegii
373 4877 405 4926 et
426 4868 579 4926 facultatis
600 4869 667 4943 ipso
688 4869 771 4927 Iacto
794 4870 986 4935 incurrendis,
1003 4867 1274 4926 nonobstantibus
1292 4867 1534 4940 quibuscumque

197 4962 226 5020 iu
248 4964 441 5023 contrarium
462 4964 645 5023 iacientibus
660 4990 687 5021 ›.
709 4965 807 5043 (APF,
832 4966 1017 5034 Collectanea,
1041 4966 1054 5021 f
1072 4962 1119 5037 36,
1142 4983 1172 5023 11.
1199 4962 1274 5038 125).

274 5060 321 5135 (2)
342 5060 393 5119 CI.
426 5060 512 5131 APF,
545 5064 724 5135 1111111645,
756 5064 776 5121 s.
805 5078 868 5137 197,
893 5083 923 5121 n.
946 5067 978 5131 8;
1012 5065 1032 5120 f.
1058 5079 1124 5135 212,
1155 5082 1184 5121 n.
1217 5064 1289 5135 7;s
1326 5072 1420 5129 2rav,
1444 5079 1471 5121 n.
1497 5076 1532 5129 2;

198 5157 218 5213 i.
240 5170 338 5230 324⁸]
361 5177 392 5214 11.
422 5175 443 5213 1.
