4066 6184
594 602 712 652 LIBER
736 603 774 662 11,
806 602 933 652 CAPUT
956 602 1053 652 XXV.
1429 608 1491 669 329

245 767 274 828 5.
300 749 400 812 Illius
415 751 529 833 gentis
543 748 745 832 praefectus,
762 751 796 813 in
814 751 969 833 proregis
985 759 1095 813 castra
1112 751 1314 822 concedens,
1329 749 1492 812 traditam
1557 760 1640 807 Pater
1657 760 1779 808 roenna
1791 759 1845 807 Pe·

152 884 173 926 a
195 875 296 946 patre
320 865 510 929 doctrinam
534 864 677 928 mirifice
700 865 869 946 probavit,
894 876 1082 947 captusque
1105 874 1156 928 est
1175 876 1313 948 aspectu
1337 864 1493 945 pulcher·
1520 827 1717 951 {ffissffiw'
1733 826 1844 879 mm

152 982 262 1044 rimae
298 982 460 1064 imaginis
490 981 555 1044 Dei
584 980 716 1055 Matris,
748 1000 850 1063 quam
873 981 917 1044 ad
948 980 1181 1044 coniiciendos
1212 983 1247 1043 in
1277 982 1434 1044 ruborem
1459 990 1494 1043 et

152 1098 326 1159 mendacii
339 1098 533 1180 arguendos
548 1097 743 1169 monachos,
759 1099 816 1179 qui
833 1096 1047 1178 impudenter
1062 1106 1236 1179 spargunt,
1254 1104 1389 1158 nostros
1400 1096 1494 1159 illius

152 1212 274 1275 hostes
297 1232 382 1285 esse,
407 1213 545 1294 saepius
568 1223 764 1275 reverenter
787 1213 822 1274 in
838 1213 1004 1276 concione
1019 1213 1223 1275 ostentabat.
1249 1212 1285 1274 A
1300 1221 1397 1294 patre
1414 1230 1494 1274 con·

151 1329 265 1390 tendit
289 1330 430 1399 obnixe,
453 1337 491 1392 ut
513 1347 629 1391 secum
653 1330 688 1390 in
718 1348 815 1391 suam
839 1330 985 1410 patriam
1016 1326 1297 1409 proficisceretur,
1317 1326 1386 1409 qui,
1410 1346 1495 1409 pace

152 1463 173 1505 a
195 1462 346 1527 protege
369 1445 562 1526 impetrata,
585 1445 637 1507 illi
653 1463 690 1507 se
707 1445 868 1507 comitem
893 1444 1061 1507 adiunxit.
1085 1444 1191 1506 Brevi
1206 1444 1428 1506 disseminata
1443 1453 1495 1506 est

152 1557 248 1622 fama
260 1561 384 1623 salutis
397 1561 510 1644 legem
528 1561 572 1623 ab
587 1580 628 1623 eo
640 1560 859 1644 promulgari.
874 1559 979 1622 Nulla
996 1559 1088 1622 enim
1101 1569 1154 1623 est
1166 1578 1252 1643 gens
1263 1568 1333 1622 tam
1350 1561 1495 1622 barbara

153 1694 258 1758 quam
275 1675 399 1739 salutis
414 1677 674 1759 consequendae
690 1675 898 1739 desiderium
915 1695 982 1738 non
999 1674 1200 1739 inflammet.
1218 1673 1349 1739 Omnes
1364 1673 1495 1739 confer·

153 1793 215 1854 tim
229 1793 276 1855 ad
287 1802 421 1874 patrem
434 1793 527 1855 illius
538 1793 781 1874 adipiscendae
793 1795 917 1868 studio,
930 1794 1163 1867 confluebant;
1179 1793 1346 1875 quidquid
1358 1793 1497 1856 dicebat

153 1909 294 1971 illorum
311 1909 472 1972 cordibus
487 1909 558 1972 alte
578 1908 800 1981 illabebatur;
825 1909 979 1991 corporis
1002 1922 1036 1973 et
1060 1911 1166 1972 animi
1189 1910 1310 1972 oculos
1334 1907 1496 1991 imaginis

153 2023 384 2088 Beatissimae
400 2023 556 2108 Virginis
579 2034 737 2107 aspectus
760 2025 803 2087 ad
820 2045 856 2087 se
872 2035 906 2088 et
922 2027 965 2089 ad
983 2026 1187 2090 catholicam
1203 2023 1306 2087 fidem
1323 2025 1430 2105 ipsius
1445 2025 1497 2086 in·

152 2141 321 2203 tercessio
347 2139 504 2203 trahebat
527 2150 561 2203 et
577 2140 680 2221 plane
697 2141 804 2220 ipsius
819 2150 892 2203 erat
915 2142 1081 2224 quidquid
1098 2141 1271 2223 agebatur.
1289 2138 1495 2203 Cunctorum

153 2258 417 2319 conversionem
434 2256 508 2320 sola
525 2266 695 2319 remorata
710 2266 761 2319 est
777 2275 922 2319 uxorum
940 2257 1111 2329 dimissio;
1135 2258 1271 2319 sedeas
1287 2274 1407 2325 omnes
1423 2252 1496 2318 fere

152 2372 370 2453 ablegarunt.
388 2371 456 2435 Ter
471 2372 603 2434 milleni
618 2373 876 2455 quatercenteni
892 2374 1059 2456 sexageni
1076 2372 1315 2455 exomologesi
1332 2383 1366 2435 et
1381 2371 1495 2434 sinaxi

153 2489 289 2551 animas
305 2497 549 2572 expurgarent,
574 2507 651 2551 cum
673 2488 768 2570 prius
795 2488 964 2551 maculam
980 2488 1211 2570 generationis
1235 2489 1339 2550 ductu
1362 2496 1495 2550 contra·

152 2614 247 2667 ctam
272 2604 337 2666 sub
357 2605 553 2667 conditione
577 2604 750 2667 eluissent.
766 2603 853 2666 Eam
870 2624 963 2676 vero,
981 2605 1138 2667 absolute
1161 2604 1268 2675 tincti,
1286 2604 1339 2666 bis
1363 2602 1496 2665 milleni

153 2719 337 2802 quingenti
354 2722 515 2803 octogeni
531 2718 681 2783 infantes
697 2719 731 2782 in
752 2721 908 2783 eumdem
933 2722 1105 2804 gurgitem
1129 2720 1375 2783 demerserunt.

245 2840 276 2899 6.
294 2836 478 2900 Excitatus
493 2836 559 2899 hoc
575 2838 736 2918 exemplo
751 2838 941 2900 vicinorum
957 2836 1136 2919 Agaorum
1148 2834 1352 2918 praefectus,
1366 2856 1386 2896 a
1398 2844 1495 2917 patre
1559 2846 1681 2906 Magnus
1699 2844 1845 2893 abeodem

154 2950 365 3034 efflagitavit
387 2962 424 3014 ut
449 2952 603 3014 insuam
627 2951 790 3015 ditionem
815 2954 938 3034 pedem
955 2950 1097 3014 inferret
1120 2962 1155 3014 et
1182 2951 1265 3014 talia
1289 2953 1324 3013 in
1348 2951 1419 3014 suis
1435 2971 1495 3032 po·
1523 2914 1847 3038 fe‘fflmmoel'

155 3068 337 3149 pularibus
349 3086 453 3149 opera
463 3077 624 3150 patraret,
638 3068 753 3150 qualia
766 3070 800 3131 in
813 3067 962 3131 Zeitibus
975 3067 1212 3148 praestitisset.
1222 3067 1289 3129 Per
1299 3066 1496 3149 quindecim

153 3185 229 3247 dies
253 3185 426 3247 intereos
449 3195 689 3257 commoratus,
713 3195 747 3247 et
781 3185 816 3247 in
840 3193 970 3266 septem
995 3185 1051 3247 vel
1075 3193 1154 3246 octo
1177 3181 1333 3246 ecclesiis
1360 3182 1495 3245 concio·

154 3310 266 3371 natus,
280 3299 554 3362 communionem
568 3300 662 3362 mille
674 3301 753 3382 plus
768 3302 923 3363 minusve
939 3300 1117 3362 animabus
1140 3298 1317 3380 impertiit.
1341 3296 1496 3360 Infantes

154 3416 322 3478 lustratos
344 3415 390 3477 ob
413 3415 542 3478 laboris
565 3417 858 3498 importunitatem
882 3436 949 3478 non
973 3414 1174 3489 recensivit3
1207 3415 1267 3477 sed
1291 3414 1410 3487 adulti,
1437 3413 1497 3495 qui

155 3530 344 3613 baptismo,
367 3529 585 3595 confessione
619 3543 653 3594 et
686 3533 925 3595 communione
956 3533 1000 3594 ab
1023 3532 1099 3613 ipso
1122 3542 1157 3593 et
1180 3532 1298 3613 probis
1325 3530 1497 3613 aliquibus

154 3646 336 3710 monachis
369 3656 403 3710 et
438 3647 573 3710 clericis
596 3649 689 3721 culti,
722 3648 912 3712 catholicae
943 3649 1109 3711 ecclesiae
1143 3666 1285 3731 gregem
1317 3657 1496 3719 auxerunt,

37 3806 43 3819 .
96 3808 126 3827 ‚.
154 3759 254 3826 *octo
279 3762 426 3825 millium
440 3774 667 3826 tercentorum
686 3775 719 3826 et
735 3764 877 3848 triginta
893 3785 954 3827 sex
979 3784 1155 3827 numerum
1171 3764 1368 3845 explevere,
1386 3761 1497 3826 infan-

154 3879 244 3941 tium
268 3877 336 3941 tria
359 3878 470 3941 millia
491 3888 680 3943 tercentum
712 3891 746 3943 et
781 3883 947 3943 tredecim
981 3881 1100 3943 abluti.
1137 3879 1231 3942 Inter
1253 3879 1317 3941 hos
1344 3889 1497 3960 repertae

154 3994 345 4077 sexaginta
368 3995 545 4068 moniales,
563 3996 741 4059 monachis
757 3997 802 4058 ob
818 3997 1028 4058 inconditam
1045 3995 1229 4058 ruditatem
1245 3994 1497 4057 obstinatiores.

152 4109 285 4173 Earum
310 4111 446 4172 cuidam
470 4112 580 4174 oculis
603 4121 724 4193 captae
739 4111 908 4174 consuluit
925 4121 1033 4192 pater,
1057 4118 1095 4173 ut
1118 4130 1155 4172 se
1171 4110 1322 4192 peccatis
1341 4129 1401 4191 per
1417 4129 1499 4173 con·

154 4224 345 4290 fossionem
368 4236 582 4297 exoneraret,
608 4247 650 4289 ne
667 4228 804 4290 illorum
821 4227 974 4307 pondere
996 4244 1161 4309 praeceps
1185 4226 1219 4287 in
1241 4234 1406 4287 tartarum
1428 4235 1499 4288 tru-

154 4342 303 4404 deretur.
329 4340 391 4403 Cui
408 4342 483 4405 illa:
500 4341 540 4404 In
556 4350 731 4415 tartarum,
749 4344 872 4424 inquit,
888 4343 982 4403 abire
999 4343 1089 4412 volo,
1107 4360 1175 4404 non
1191 4342 1226 4402 in
1242 4342 1386 4412 coelum,
1406 4342 1499 4422 quod

154 4457 254 4520 Deus
278 4458 408 4529 incolit,
434 4477 454 4518 a
469 4476 537 4538 quo
562 4459 722 4522 intestino
755 4459 835 4522 odio
860 4477 1008 4540 separor,
1039 4457 1130 4540 quod
1154 4476 1209 4519 me
1233 4456 1412 4519 oculorum
1436 4476 1498 4519 usu

154 4574 356 4654 privaverit.
380 4573 526 4636 Tantam
551 4574 709 4637 duritiem
746 4585 781 4637 et
805 4574 930 4637 mentis
953 4572 1143 4635 crassitiem
1167 4582 1264 4653 pater
1287 4573 1499 4653 expendens,

154 4689 265 4752 dixit:
291 4686 329 4750 Si
353 4690 386 4751 in
407 4698 572 4752 tartarum
589 4690 638 4752 ire
654 4691 774 4773 gestis,
792 4711 869 4755 cum
887 4688 1045 4753 infaustis
1062 4689 1168 4769 ipsius
1184 4689 1370 4751 tortoribus
1393 4688 1499 4760 abito,

155 4807 238 4867 nolo
262 4815 387 4877 tamen,
412 4813 448 4867 ut
471 4805 625 4868 habitum
652 4806 865 4877 monialium,
890 4805 947 4888 qui
965 4804 1121 4887 proprius
1137 4815 1188 4867 est
1205 4803 1271 4866 Dei
1285 4803 1500 4897 ancillarum,

156 4940 198 4983 eo
223 4930 338 4983 tecum
361 4921 521 4993 evolvas;
545 4924 607 4983 sed
631 4923 693 4984 tibi
719 4923 924 4986 detrahatur
946 4932 981 4983 et
1006 4941 1083 4985 cum
1108 4930 1203 4983 veste
1226 4921 1344 4983 attrita
1368 4929 1400 4982 et
1425 4939 1502 4982 cen·

155 5037 297 5099 tonibus
321 5035 475 5099 intersita
498 5048 736 5101 commutetur.
762 5038 912 5101 Tantum
936 5037 987 5098 illi
1012 5036 1180 5120 pudorem
1204 5036 1289 5099 haec
1314 5034 1504 5117 ignominia

157 5152 310 5224 incussit,
335 5162 371 5215 ut
395 5150 550 5232 sequenti
574 5152 629 5215 die
652 5155 697 5215 ad
722 5152 977 5216 confessionem
1002 5154 1153 5233 supplex
1177 5151 1369 5213 accesserit.

236 5291 263 5332 C.
281 5291 390 5333 Breuni
409 5291 465 5333 Rer.
483 5290 554 5333 Aerh.
568 5290 662 5345 Smyr.
676 5305 724 5335 occ.
740 5291 810 5336 r'ned.
826 5315 852 5325 -
867 5290 936 5334 v111.
1399 5301 1424 5337 ⁴²
