4066 6174
585 621 701 680 tisun
724 630 764 699 11,
789 619 914 680 capua
936 621 1079 679 xxxm.
1433 610 1493 692 387

255 798 285 858 9.
310 775 416 841 Pater
436 777 588 842 Didacus
610 776 777 843 Matensis
799 786 834 841 et
855 775 1021 858 Iosephus
1048 772 1193 839 Girocus
1220 772 1393 836 Dancazio
1416 790 1499 834 non·
1562 780 1626 830 Duo
1644 786 1737 842 prus·
1762 775 1794 827 tn
1811 770 1849 827 ll·

165 895 246 957 dum
270 904 502 968 excesserant,
517 894 579 958 sed
594 913 727 958 sacrum
744 902 778 957 et
794 893 992 957 concionem
1008 890 1155 975 singulis
1178 887 1250 954 fere
1266 890 1388 953 diebus
1403 906 1499 971 pera·
1526 851 1733 916 permanebant

166 1011 316 1093 gebant;
339 1011 383 1074 ad
409 1030 494 1092 quas
519 1009 801 1094 praestantissimi
829 1007 988 1072 catholici
1012 1004 1194 1071 confertim
1221 1005 1440 1076 accedebant,
1463 1023 1501 1069 se

167 1123 385 1189 confessione
408 1128 637 1210 repurgabant
658 1135 694 1190 et
720 1127 839 1189 diuina
860 1125 986 1208 synaxi
1008 1124 1232 1199 roborabant;
1256 1122 1381 1205 quibus
1402 1117 1501 1184 Prin·

167 1261 250 1325 ceps
273 1251 383 1305 status
405 1243 537 1305 ratIone
560 1243 776 1315 connivebat,
804 1240 907 1324 idque
929 1241 982 1303 illi
1005 1239 1194 1323 Imperator
1216 1256 1320 1323 aeger
1342 1257 1389 1300 ex
1411 1235 1502 1300 lecto

168 1359 445 1423 commendatum
476 1356 672 1441 frequenter
700 1357 860 1422 faciebat.
891 1358 964 1422 Iam
996 1367 1111 1421 tamen
1138 1358 1226 1420 inter
1254 1355 1447 1419 haeretIcos
1469 1361 1504 1419 et

168 1473 360 1538 catholicos
382 1475 637 1538 controversiae
652 1484 687 1537 et
710 1473 939 1538 dissensiones
954 1473 1095 1536 minime
1118 1469 1235 1536 futiles
1249 1470 1453 1555 gliscebant,
1468 1467 1503 1531 in

168 1590 294 1673 quibus
317 1589 483 1673 Princeps
497 1589 688 1653 haereticos
703 1590 853 1674 tegebat,
869 1598 905 1654 et
926 1599 964 1654 ut
987 1590 1023 1652 ln
1045 1587 1235 1652 catholicos
1257 1585 1373 1650 iniurii
1392 1593 1505 1649 essent

170 1707 351 1769 audaciam
374 1706 590 1789 suggerebat.
622 1704 715 1769 Inter
737 1705 833 1777 haec,
861 1705 917 1768 die
944 1705 1078 1768 decima
1092 1701 1309 1786 septembris,
1332 1698 1504 1783 Principis

171 1824 264 1886 iussu
289 1823 426 1904 pulsata
449 1830 528 1885 sunt
550 1831 715 1904 tympana
731 1820 933 1904 imperialia,
949 1830 983 1889 et
998 1819 1156 1893 Daniele,
1173 1817 1231 1901 qui
1246 1820 1418 1881 maximus
1433 1826 1507 1882 erat

170 1939 291 2002 harum
316 1939 506 2001 novitatum
531 1936 719 2011 instinctor,
741 1947 927 2020 praeeunte
949 1945 984 2001 et
1008 1936 1189 2000 duodecim
1206 1932 1381 1998 monachis
1401 1931 1506 1997 adsti-

171 2053 380 2137 pulantibus,
404 2054 467 2118 sub
490 2054 616 2136 triplici
640 2052 857 2117 anathemate
872 2052 1000 2116 iactum
1015 2062 1068 2117 est
1089 2052 1326 2135 praeconium:
1343 2050 1506 2122 Primum,
1569 2053 1755 2106 Praeconium
1787 2054 1853 2104 bre-

171 2180 207 2234 ut
223 2190 343 2234 omnes
365 2169 503 2254 Regem
519 2188 618 2233 suum
633 2178 857 2255 agnoscerent
872 2165 1052 2233 Seltanum
1074 2166 1270 2253 Seguedum
1286 2177 1320 2231 et
1342 2167 1405 2240 illl,
1421 2175 1507 2230 tam·
1534 2127 1695 2178 “dmm'‘

172 2306 274 2367 quarn
298 2285 371 2359 tali,
395 2286 681 2369 obtemperarent,
704 2297 738 2349 et
768 2295 846 2368 post
877 2287 983 2368 ipsius
1005 2285 1147 2357 obitum,
1170 2284 1316 2367 principi
1349 2280 1506 2346 Basilidi.

172 2401 379 2473 Secundum,
403 2411 439 2465 ut
455 2422 575 2466 omnes
601 2401 635 2464 in
651 2401 892 2465 Alexandrina
907 2399 974 2464 lide
993 2400 1149 2464 viverent
1172 2409 1206 2464 et
1229 2398 1264 2462 in
1283 2399 1402 2462 eadem
1419 2416 1508 2461 rnor-
1623 2386 1630 2399 ’

172 2530 242 2583 tem
267 2520 411 2583 obirent.
435 2518 599 2591 Tertium,
630 2538 673 2582 ne
696 2519 740 2582 ab
763 2518 825 2580 illa
848 2518 903 2581 die
932 2516 1114 2600 quisquam
1138 2516 1180 2579 de
1203 2516 1306 2579 rebus
1327 2512 1408 2578 fidei
1431 2533 1507 2577 cum

174 2635 384 2708 Patriarcha,
408 2635 571 2717 patribus,
595 2633 672 2697 Ras
698 2630 780 2698 Sela
810 2630 949 2706 Cristds,
980 2632 1038 2695 vel
1060 2651 1138 2696 curn
1169 2630 1241 2695 ullo
1270 2629 1508 2694 Lusitanorum

174 2752 405 2823 altercaretur,
429 2752 490 2815 sed
512 2770 615 2814 unum
631 2749 784 2813 omnium
806 2758 898 2813 esset
913 2767 1131 2831 responsum:
1154 2743 1301 2811 Suorum
1329 2755 1510 2829 parentum

173 2866 277 2930 fidem
299 2867 367 2931 sibi
397 2867 441 2930 ab
471 2866 680 2950 Imperatore
710 2867 911 2939 restitutam,
934 2875 968 2929 et
990 2884 1027 2929 se
1050 2863 1278 2928 anathematis
1308 2863 1509 2946 interpositu

174 3003 217 3047 ne
241 2983 438 3047 Romanam
462 2985 602 3048 audiant
624 2982 829 3065 praepediri.

269 3120 318 3164 ro.
342 3096 484 3163 Summo
498 3100 620 3183 plausu
636 3108 671 3163 et
686 3098 894 3163 clamoribus
909 3098 974 3161 hoc
990 3094 1210 3181 praeconium
1225 3097 1261 3159 ln
1276 3094 1397 3179 populi
1412 3112 1511 3157 auree
1565 3100 1768 3186 &deonotus
1780 3115 1860 3164 prae-

175 3213 241 3279 fuit
264 3217 472 3290 immissum;
496 3236 559 3279 nec
582 3216 684 3298 pauci
699 3215 815 3279 statim
839 3224 1000 3279 contenta
1015 3232 1101 3277 voce
1123 3212 1237 3276 dicere
1259 3219 1457 3293 coeperunt,
1475 3209 1509 3272 in
1537 3173 1644 3296 ἓξὲξ,
1674 3173 1859 3224 ⁰⁰⁶⁸⁸¹⁰⁰⁶

176 3333 298 3396 castris
313 3352 376 3395 nec
391 3330 591 3419 *possenec
606 3333 730 3395 debere
746 3332 832 3395 duas
847 3329 1022 3394 Ecclesias
1045 3329 1195 3400 tolerari,
1215 3329 1358 3391 alteram
1375 3327 1511 3390 Romae

177 3446 321 3511 alteram
344 3447 592 3521 Alexandriae,
616 3466 793 3511 necessum
824 3466 898 3510 esse
924 3456 1041 3529 patres
1071 3444 1142 3508 illis
1164 3444 1349 3516 exturbari,
1380 3443 1437 3506 vel
1461 3441 1512 3506 fa·

177 3563 340 3626 cultatem
363 3563 429 3625 sibi
452 3564 594 3626 concedi
617 3564 660 3625 ad
684 3582 753 3635 eos,
777 3572 811 3626 et
834 3571 1000 3644 quotquot
1019 3559 1100 3624 fidei
1122 3560 1304 3624 Romanae
1326 3568 1514 3624 sectatores

177 3688 302 3751 essent,
325 3670 554 3743 trucidandos.
572 3678 791 3761 Responsum
808 3687 861 3742 est
883 3680 1015 3763 regiam
1038 3675 1236 3742 facultatem
1258 3687 1330 3742 tam
1354 3675 1422 3740 late
1446 3695 1514 3739 non

178 3794 347 3877 protendi,
371 3797 431 3858 sed
451 3805 488 3858 ut
511 3795 722 3859 obtineretur
755 3796 1016 3876 procurandum.
1039 3794 1076 3857 A
1099 3792 1377 3876 prudentioribus
1399 3801 1513 3856 tamen

180 3910 274 3974 illico
298 3908 363 3974 fuit
384 3913 670 3983 animadversum,
686 3912 908 3993 praeconium
925 3911 1011 3974 illud
1034 3909 1246 3974 multitudini
1262 3909 1465 3980 haeretIcae,
1481 3917 1515 3971 et

179 4025 440 4090 Alexandrinae
463 4026 565 4090 nimis
588 4028 793 4089 dedecorum
816 4026 985 4099 extitisse,
1007 4035 1045 4090 ut
1066 4045 1155 4109 quae
1176 4046 1222 4089 ex
1245 4035 1337 4088 metu
1360 4032 1395 4088 et
1418 4023 1514 4106 igno·

180 4144 313 4207 rantiae
335 4163 417 4206 suae
440 4143 660 4216 conscientia,
683 4143 848 4206 iudicaret
882 4144 1048 4225 imparem
1071 4161 1109 4205 se
1128 4161 1203 4206 esse
1226 4159 1314 4222 quae
1337 4159 1412 4202 cum
1441 4137 1515 4201 Ro-

181 4259 291 4322 manls
315 4269 469 4331 certaret,
494 4279 514 4322 a
537 4260 660 4340 quibus
683 4278 720 4320 se
744 4257 932 4322 indubitate
955 4258 1159 4321 vincendam
1178 4256 1244 4319 hac
1267 4254 1455 4327 diffidentia
1481 4265 1516 4320 et

181 4376 465 4457 tergiversatione
487 4376 717 4456 praedicabat.
