4166 6182
977 1510 1261 1569 PROTESTATIO
1284 1510 1489 1569 AUCTORIS

656 1878 734 1937 Cum
756 1878 973 1936 Sanctissimus
994 1879 1032 1936 D.
1046 1878 1083 1937 N.
1107 1878 1249 1937 Urbanus
1270 1898 1351 1955 papa
1368 1878 1452 1943 VIII,
1469 1881 1520 1937 die
1545 1894 1578 1951 13
1595 1880 1697 1937 martii
1713 1898 1797 1937 anno
1816 1876 1897 1950 1625,

565 1987 597 2052 in
619 1986 649 2043 S.
671 1985 920 2062 Congregatione
948 1985 976 2042 S.
1000 1986 1036 2044 R.
1058 1996 1090 2044 et
1114 1985 1303 2045 Universalis
1329 1986 1549 2062 Inquisitiouis,
1578 1988 1734 2044 decretum
1761 1986 1898 2053 ediderit,

566 2093 710 2168 idemque
732 2093 958 2151 confirmaverit
982 2093 1034 2151 die
1057 2106 1074 2166 5
1096 2093 1161 2150 iulii
1186 2111 1270 2151 anno
1296 2095 1380 2165 1034,
1402 2112 1465 2169 quo
1487 2093 1620 2150 inhibuit
1642 2094 1776 2168 imprimi
1799 2094 1898 2151 libros.

566 2201 737 2269 bominum,
749 2200 802 2276 qui
823 2200 986 2258 sanctitate
1001 2218 1054 2258 seu
1069 2201 1204 2276 martyrii
1219 2200 1303 2258 fama
1323 2201 1460 2258 celebres
1475 2220 1492 2258 e
1509 2201 1572 2257 vita
1587 2201 1802 2273 migraverunt,
1817 2208 1899 2274 gesta

567 2307 716 2365 miracula
737 2308 784 2365 vel
807 2307 1017 2375 revelationes
1041 2326 1094 2364 seu
1109 2325 1321 2383 quaecumque
1343 2308 1502 2377 beneficia,
1518 2317 1666 2382 tanquam
1684 2325 1790 2365 eorum
1811 2308 1900 2364 inter-

566 2414 758 2472 cessionibus
779 2432 797 2471 a
819 2413 886 2473 Deo
904 2424 1032 2489 accepta
1046 2414 1251 2484 continentes,
1266 2414 1333 2471 sine
1347 2415 1559 2489 recognitione
1573 2423 1665 2488 atque
1679 2414 1900 2489 approbatione

566 2521 717 2579 ordinarii
737 2529 769 2579 et
790 2539 869 2595 quae
890 2522 1040 2579 hactenus
1060 2521 1126 2579 sine
1148 2540 1185 2578 ea
1207 2522 1353 2597 impressa
1375 2531 1454 2590 sunt,
1472 2522 1558 2579 nullo
1580 2522 1674 2579 modo
1699 2522 1763 2578 vult
1784 2521 1899 2579 censeri

566 2629 747 2704 approbata,
770 2629 852 2686 idem
876 2639 979 2687 autem
1004 2628 1220 2687 Sanctissimus
1241 2630 1293 2687 die
1317 2642 1334 2701 5
1357 2629 1433 2686 iunii
1464 2626 1547 2700 1631,
1574 2629 1616 2687 ita
1641 2629 1848 2703 explicaverit,
1870 2639 1901 2685 ut

569 2736 713 2793 nimirum
734 2754 798 2794 non
829 2736 1032 2793 admittantur
1053 2736 1155 2811 elogia
1175 2737 1275 2794 sancti
1296 2737 1344 2793 vel
1367 2737 1449 2793 beati
1467 2736 1607 2793 absolute
1636 2744 1666 2793 et
1687 2753 1767 2810 quae
1789 2737 1901 2793 cadunt

566 2861 659 2919 super
679 2861 853 2919 personam,
885 2843 964 2900 bene
985 2852 1089 2900 tamen
1111 2861 1157 2912 ea,
1179 2860 1258 2918 quae
1281 2844 1398 2901 cadunt
1420 2861 1511 2919 supra
1537 2861 1637 2901 mores
1658 2853 1689 2900 et
1713 2842 1900 2918 opinionem,

567 2968 639 3007 cum
660 2950 883 3026 protestatione
905 2951 936 3007 iu
958 2950 1119 3026 principio,
1142 2951 1226 3025 quod
1248 2950 1285 3007 iis
1307 2951 1392 3008 nulla
1415 2951 1496 3007 adsit
1518 2950 1683 3009 auctoritas
1705 2951 1744 3007 ab
1766 2948 1900 3007 Ecclesia

568 3076 706 3125 romana,
728 3058 782 3115 sed
804 3057 880 3115 fides
902 3066 1023 3115 tantum
1043 3057 1082 3115 sit
1103 3075 1198 3133 penes
1219 3068 1399 3115 auctorem:
1432 3058 1503 3114 huic
1526 3056 1658 3115 Decreto
1680 3056 1808 3131 eiusque
1832 3073 1900 3114 con·

570 3164 736 3222 firmationi
757 3174 788 3222 et
809 3165 1021 3233 declarationi,
1043 3165 1239 3222 observantia
1260 3174 1290 3222 et
1312 3164 1568 3238 reverentiaque
1589 3181 1643 3239 par
1658 3172 1712 3232 est,
1725 3163 1900 3230 insistendo,

570 3272 716 3346 profiteor
730 3290 779 3329 me
800 3272 883 3329 haud
904 3272 966 3330 alio
988 3290 1080 3330 sensu
1100 3273 1253 3347 quidquid
1275 3273 1307 3328 in
1329 3272 1388 3330 boc
1407 3272 1486 3329 libro
1508 3272 1606 3329 resero
1624 3271 1774 3346 accipere,
1790 3280 1842 3329 aut
1854 3287 1900 3327 ac-

567 3378 631 3453 cipi
653 3378 691 3435 ab
713 3379 777 3436 ullo
799 3378 886 3447 velle,
906 3395 999 3453 quarn
1021 3396 1083 3452 quo
1105 3397 1142 3437 ea
1163 3380 1271 3447 solent,
1287 3397 1366 3453 quae
1388 3379 1523 3436 bumana
1540 3379 1700 3435 dumtaxat
1713 3379 1898 3444 auctoritate,

570 3503 634 3543 non
656 3494 758 3542 autem
780 3485 886 3542 divina
907 3485 1079 3543 catholicae
1101 3504 1246 3543 romanae
1265 3484 1422 3543 Ecclesiae
1443 3496 1495 3543 aut
1517 3485 1648 3543 Sanctae
1668 3484 1757 3542 Sedis
1784 3491 1900 3559 aposto·

571 3592 658 3661 licae,
674 3592 822 3661 nituntur,
845 3592 881 3649 iis
903 3600 1021 3649 tantum
1044 3593 1138 3650 modo
1160 3594 1304 3668 exceptis.
1324 3611 1401 3667 quos
1415 3594 1524 3651 eadem
1546 3592 1660 3650 Sancta
1677 3590 1772 3649 Sedes
1787 3600 1900 3649 sancto·

569 3717 650 3768 rum,
672 3700 831 3757 beatorum
852 3707 905 3757 aut
926 3711 1093 3774 martyrum
1113 3700 1255 3773 catalogo
1277 3700 1449 3775 adscripsit.

784 3894 957 3960 [subscriptio
975 3898 1161 3963 autographa]
1182 3886 1247 3962 Ego
1269 3887 1464 3944 ALPHONSUS
1487 3886 1596 3944 Ρίὶῒῐὲι
1615 3884 1821 3963 Aethiopiae(
1844 3885 1862 3957 ).

660 4121 696 4182 (1)
716 4119 779 4167 Post
797 4116 864 4166 hanc
884 4119 1128 4167 «Protestutionem
1148 4119 1300 4167 Auctoris»
1319 4125 1345 4166 et
1364 4126 1515 4181 sequentem
1541 4117 1788 4167 «Admonitionem
1806 4115 1837 4165 ad
1855 4114 1901 4161 Le-

569 4217 706 4265 ctorem»,
725 4206 827 4255 scilicet
846 4223 860 4255 11
879 4207 925 4255 sol.
947 4214 960 4264 7
980 4207 1013 4255 ad
1035 4219 1099 4263 10,v,
1120 4206 1228 4255 habetur
1246 4207 1273 4255 in
1292 4205 1357 4257 eod.
1384 4206 1466 4255 Iudex
1488 4206 1614 4255 librorum
1637 4214 1664 4255 et
1688 4207 1802 4271 capitum
1826 4203 1900 4253 totius

571 4297 664 4360 operis,
684 4311 761 4360 quem
780 4311 834 4351 nos,
854 4304 997 4344 utmorem
1016 4311 1154 4359 sequamur
1173 4294 1305 4359 hucusque
1330 4296 1357 4344 in
1381 4294 1595 4360 praecedentibus
1613 4304 1712 4360 septem
1733 4291 1902 4344 voluminibus

570 4387 745 4442 observatum,
766 4384 798 4433 ad
817 4384 914 4433 calcem
934 4385 1003 4434 VIII
1021 4384 1098 4435 huius
1117 4395 1142 4434 et
1162 4386 1206 4433 IX
1224 4384 1364 4433 voluminis
1383 4384 1542 4447 ablegamus.
