4124 6182
642 533 759 582 LIBER
784 533 807 590 Ι,
832 531 957 581 CAPUT
981 533 1046 582 VII.
1468 536 1504 596 71

175 681 343 763 gesimum
367 682 477 763 quinti
500 681 607 745 seculi
630 701 755 744 annum
779 682 814 743 in
838 680 1062 762 Aethiopiam
1085 690 1290 762 penetrasse.
1315 679 1404 742 Nam
1421 699 1510 742 anno

175 798 452 880 quingentesimo
470 798 641 880 vigesimo
657 797 817 866 secundo,
834 797 893 877 qui
909 794 975 859 fuit
991 798 1128 877 quintus
1147 795 1269 859 Iustini
1285 795 1509 878 imperatoris,

67 920 84 968 i·
101 929 139 980 37.
176 912 258 975 Rex
274 912 336 976 ille
352 914 536 996 piissimus,
552 912 661 995 ipsius
676 910 729 976 *et
747 914 875 975 Asterii
890 912 1104 993 patriarchae
1116 911 1346 974 Alexandrini
1362 911 1508 982 hortatu,

175 1030 434 1110 expeditionem
458 1032 621 1097 adversus
645 1028 783 1100 Hunan,
808 1029 966 1091 iudaeum
989 1028 1246 1091 Homeritarum
1272 1038 1452 1110 tyrannum
1477 1037 1510 1088 et

175 1156 371 1208 sanctorum
396 1156 582 1228 martyrum
607 1144 737 1209 Aretae
760 1155 795 1208 et
817 1146 987 1210 sociorum
1007 1154 1196 1208 tercentum
1223 1155 1257 1208 et
1284 1142 1511 1227 quadraginta

176 1258 444 1333 interfectorem,
461 1262 619 1342 suscepit,
639 1263 796 1324 consulto
811 1261 905 1343 prius
922 1261 1100 1332 monacho,
1116 1262 1174 1343 qui
1191 1271 1269 1323 ante
1285 1260 1512 1342 quadraginta

176 1388 208 1438 et
230 1380 383 1460 quinque
415 1397 522 1440 annos
550 1380 584 1440 in
615 1379 765 1441 vicinam
790 1377 974 1440 Auxumae
998 1378 1117 1440 turrim
1145 1396 1183 1439 se
1206 1375 1377 1448 intulerat,
1401 1397 1421 1439 a
1444 1395 1512 1456 quo

176 1495 279 1556 totius
303 1493 391 1557 belli
414 1502 575 1556 eventurn
598 1495 785 1575 anticipato
809 1503 860 1557 est
883 1494 1034 1569 edoctus,
1058 1494 1154 1555 cuius
1178 1512 1299 1554 nornen
1325 1493 1431 1554 nostri
1454 1511 1513 1554 an-

176 1609 271 1671 nales
295 1609 437 1672 silentio
460 1611 684 1691 supprimunt,
709 1611 771 1672 sed
795 1609 1004 1691 Aethiopici,
1025 1623 1060 1670 et
1083 1606 1234 1671 omnium
1250 1610 1284 1669 in
1308 1627 1348 1670 ea
1372 1608 1513 1689 regione

176 1724 325 1808 linguae,
356 1724 511 1787 unanimi
541 1745 718 1798 consensu,
750 1736 784 1787 et
814 1725 1033 1789 traditionem
1063 1724 1307 1787 Pantaleonem
1336 1743 1440 1786 unum
1467 1742 1514 1784 ex
1577 1726 1673 1773 unus
1700 1722 1858 1805 illarum,

175 1842 305 1903 sanctis
337 1841 410 1903 illis
443 1861 566 1903 nomen
601 1840 776 1904 monachis
803 1838 911 1904 fuisse
937 1841 1145 1922 conspirant.
1173 1837 1211 1904 Si
1238 1839 1343 1923 igitur
1368 1839 1513 1922 quadra·
1541 1794 1861 1927 {ffiffli'mvffgffn

175 1957 271 2037 ginta
295 1967 331 2018 et
355 1956 507 2038 quinque
531 1976 638 2018 annos
661 1978 681 2018 a
711 1958 837 2040 viginti
867 1957 1001 2019 duobus
1023 1976 1128 2038 supra
1150 1957 1356 2039 quingentos
1385 1956 1512 2025 demas

175 2072 421 2154 quadringenti
459 2073 677 2154 septuaginta
708 2083 838 2154 septem
870 2074 1112 2146 remanebunt;
1144 2082 1177 2134 et
1207 2091 1285 2133 cum
1317 2073 1352 2133 in
1382 2070 1513 2142 turrim,

175 2208 241 2250 non
266 2190 387 2250 statim
412 2189 456 2250 ab
483 2207 623 2250 accessu
655 2187 689 2250 in
720 2188 956 2269 Aethiopiam,
987 2208 1025 2251 se
1053 2187 1218 2269 colligere
1252 2187 1418 2258 debuerit,
1453 2187 1514 2249 sed

174 2306 269 2385 prius
304 2305 447 2386 linguae
482 2323 522 2366 ac
557 2305 707 2386 regionis
742 2305 894 2367 moribus
923 2323 985 2385 per
1015 2305 1145 2386 aliquot
1175 2324 1282 2367 annos
1310 2322 1515 2374 assuescere,

174 2421 555 2503 quadringentesimum
579 2431 613 2483 et
636 2421 938 2504 septuagesimum,
963 2422 1040 2501 plus
1063 2421 1185 2492 minus,
1199 2421 1335 2483 illorum
1351 2421 1515 2483 adventui

174 2537 371 2625 deputabis.

265 2671 296 2729 5.
324 2649 428 2713 Unde
451 2661 609 2714 corruunt
640 2662 803 2716 ventosae
834 2653 972 2715 illorum
1004 2651 1165 2724 fabricae,
1193 2654 1252 2735 qui
1282 2673 1406 2715 novem
1437 2652 1517 2714 illos
1578 2649 1688 2698 Novem
1707 2645 1750 2696 illi
1764 2660 1864 2766 Φέῗθ·

174 2768 238 2828 sub
263 2767 392 2830 iisdem
417 2768 612 2830 nominibus
636 2769 823 2831 monachos
847 2789 935 2832 nunc
958 2767 1224 2852 Augustinianis
1239 2767 1410 2840 Eremitis,
1427 2788 1516 2830 nunc
1542 2719 1863 2852 ΐέςζὲῃῑὲοὲἱςὲξ

173 2883 460 2946 Praedicatorum
483 2885 594 2947 ordini
618 2884 803 2967 assignant.
828 2881 914 2946 Cum
937 2885 1028 2946 enim
1045 2885 1101 2947 hic
1117 2882 1337 2947 confirmatus
1354 2881 1457 2946 fuerit
1472 2883 1516 2944 ab
1544 2860 1754 2997 {ggffiff‘b
1784 2873 1863 2911 ⁶⁸⁸⁸

174 2996 340 3062 Honorio
364 2997 416 3060 ΙΙΙ
440 3019 530 3062 anno
561 3001 745 3063 millesimo
773 3001 1006 3064 ducentesimo
1037 3002 1170 3063 decimo
1201 3011 1311 3072 sexto,
1343 3001 1517 3081 haudqua-

173 3135 278 3195 quam
302 3124 476 3197 poterant,
500 3117 558 3197 qui
592 3118 821 3199 septingentis
844 3116 1072 3198 quadraginta
1095 3127 1129 3179 et
1152 3135 1217 3179 sex
1239 3119 1338 3180 annis
1365 3126 1443 3179 ante
1467 3115 1517 3176 vi·

173 3242 312 3303 xerant,
338 3232 402 3293 sub
426 3231 519 3293 iilius
542 3233 725 3314 disciplina
759 3233 907 3295 militare
930 3242 964 3295 et
995 3233 1106 3295 eidem
1136 3231 1380 3295 succenturiari
1412 3230 1517 3295 Abba

173 3347 282 3411 Tecla
308 3346 521 3428 Haymanot,
545 3348 603 3429 qui
627 3348 764 3428 quintus
787 3351 832 3411 ab
856 3349 996 3412 Abbate
1020 3348 1176 3432 Arogavi
1193 3351 1227 3411 in
1244 3350 1352 3430 ipsius
1366 3348 1439 3411 vita
1454 3351 1519 3411 sub

174 3464 228 3525 his
251 3463 375 3526 verbis
398 3463 610 3526 describitur.
635 3463 727 3525 Abba
750 3463 904 3528 Christos
925 3465 1059 3528 Bezcmi
1075 3465 1225 3528 hadriam
1240 3464 1417 3528 abAlbate
1431 3465 1518 3527 Aro·
1546 3455 1867 3592 mffiiezsssehfdssff

172 3579 260 3665 gavi
278 3579 453 3663 suscepil;
474 3578 566 3642 Abba
589 3580 726 3643 Mascal
747 3580 828 3644 Moa
851 3603 872 3645 α
896 3580 1048 3645 Chrt'stds
1070 3582 1226 3653 Bezanci,·
1248 3581 1340 3644 Abba
1354 3581 1519 3644 Ioanm'a
1545 3601 1590 3650 ela
1609 3600 1772 3650 Haimanot.

176 3696 319 3759 Mascal
342 3695 450 3765 Moa,·
472 3693 564 3757 Abba
587 3695 684 3759 Iesus
706 3716 727 3758 a
751 3696 901 3767 loanni:
924 3697 1016 3760 Abba
1043 3697 1140 3760 Tecla
1156 3698 1357 3783 Herymanot
1370 3697 1519 3760 habitum

174 3812 214 3873 ab
230 3810 329 3873 Abba
345 3809 464 3878 Iesus:
482 3809 652 3873 cucullum
667 3830 743 3873 uero
759 3814 792 3872 et
805 3810 974 3895 Arquemd
990 3833 1011 3874 a
1027 3811 1159 3874 loanni.
1178 3811 1308 3874 Demus
1324 3830 1406 3894 ergo
1422 3811 1520 3874 Aba·

174 3938 244 3989 tem
270 3925 446 4008 Arogavi,
463 3926 520 4006 qui
539 3926 606 3988 iam
623 3927 719 3989 senio
735 3924 912 3990 confectus
927 3947 1017 3990 anno
1033 3929 1369 4010 quadringentesimo
1384 3937 1520 4009 septua-

174 4045 315 4127 gesimo
340 4040 376 4103 in
400 4040 623 4123 Aethiopiam
647 4042 775 4124 irrupit,
800 4043 931 4106 vixisse
958 4044 1001 4105 ad
1031 4045 1351 4126 quingentesimum,
1382 4045 1439 4107 vel
1470 4046 1519 4106 ul-

174 4160 286 4223 terius
322 4159 365 4220 ad
402 4168 556 4239 tempora
586 4159 678 4240 regis
705 4156 887 4230 Elesbaan,
927 4159 971 4220 ab
1001 4179 1042 4221 eo
1074 4161 1117 4222 ad
1147 4160 1288 4222 Teclam
1319 4159 1520 4242 Haymanot

175 4277 266 4338 duae
290 4284 429 4338 tantum
452 4283 581 4337 restant
601 4275 694 4336 vitae
710 4273 888 4337 Abbatum
905 4272 1059 4338 Christds
1075 4275 1211 4338 Bezand
1230 4287 1264 4339 et
1279 4275 1412 4339 Mascal
1428 4276 1520 4349 Moa,

174 4393 235 4473 qui
260 4407 393 4453 annum
409 4388 695 4452 sexcentesimum
712 4391 918 4472 vigesimum
933 4391 1087 4471 aspicere
1106 4400 1305 4472 potuerunt;
1322 4412 1400 4454 nam
1417 4392 1521 4454 Abba

174 4505 276 4568 lesus
301 4514 338 4567 et
361 4503 482 4566 Ioanni
506 4524 584 4567 cum
606 4506 726 4568 eodem
756 4507 849 4568 vitae
879 4506 1153 4568 communionem
1184 4508 1384 4570 habuerunt.
1416 4507 1521 4570 Nasci
1584 4500 1688 4549 Tecta
1714 4499 1870 4548 ³⁸¹m²¹¹⁰²

175 4641 262 4704 ergo
288 4621 411 4682 debuit
433 4619 539 4682 Tecla
562 4620 761 4702 Haymanot
784 4641 891 4704 prope
914 4623 1011 4684 illum
1036 4642 1172 4686 annum.
1188 4620 1288 4703 Quod
1305 4621 1523 4686 confirmatur
1549 4582 1632 4695 Ἠ
1666 4580 1730 4634 Μ
1762 4584 1868 4620 annum

175 4738 335 4802 achilleo
358 4737 508 4816 quodam
533 4756 579 4798 ex
602 4739 710 4819 ipsius
732 4738 804 4801 vita
828 4739 930 4800 ducto
957 4748 1170 4820 argumento
1202 4740 1237 4802 in
1267 4760 1335 4823 qua
1365 4742 1520 4813 traditur,

175 4856 305 4936 ipsum,
323 4872 403 4915 cum
423 4853 594 4915 decimum
609 4855 765 4936 quintum
781 4855 904 4917 aetatis
920 4873 1046 4917 annum
1062 4855 1242 4938 attigisset,
1259 4857 1398 4919 ductum
1416 4855 1522 4919 fuisse

175 4972 223 5034 ad
247 4969 416 5033 Kerilum
439 4967 649 5050 Aethiopiae
669 4980 740 5032 tum
756 4971 920 5051 temporis
935 4971 1107 5043 Abunam,
1125 4992 1202 5034 cum
1225 4972 1406 5036 Beniamin
1425 4992 1522 5055 prae·

176 5088 232 5149 sul
257 5094 352 5149 esset
376 5083 623 5147 Alexandriae.
649 5085 729 5149 Fuit
752 5094 866 5149 autem
890 5086 1071 5148 Beniamin
1095 5088 1300 5168 eutychiana
1315 5089 1447 5151 haeresi
1471 5110 1521 5153 re·
