4066 6174
662 2234 849 2312 CAPUT
878 2236 1047 2311 XXXV.

394 2547 510 2623 Mors
537 2555 579 2623 et
605 2546 786 2623 honores
813 2547 1019 2623 funerales
1051 2546 1314 2642 imperatoris

561 2680 705 2757 Seltan
736 2680 913 2777 Seguedi
944 2679 1147 2757 Socinids.

279 3062 306 3104 r.
331 3040 405 3104 Iam
429 3043 568 3115 dictum,
592 3062 613 3105 a
636 3043 692 3106 die
707 3044 804 3125 impii
826 3042 1010 3125 praeconii,
1028 3043 1158 3106 nuliam
1173 3044 1292 3107 horam
1320 3043 1521 3126 Imperatori
1578 3055 1759 3117 imperatori·
1776 3053 1872 3105 anxie·

185 3153 292 3220 fuisse
315 3157 457 3220 vitalem
482 3177 545 3221 nec
568 3158 764 3223 salutarem.
787 3157 889 3222 Multi
915 3160 1081 3241 putabant
1105 3158 1197 3222 lento
1224 3178 1358 3222 veneno
1380 3162 1521 3224 extabe-
1549 3133 1629 3174 Μ’

185 3291 291 3345 scere,
311 3292 375 3336 nec
391 3273 519 3337 indicia
533 3274 675 3337 deerant
690 3275 854 3356 unguium
874 3274 1053 3338 liventium
1076 3284 1110 3337 et
1137 3271 1277 3337 defluvii
1299 3275 1522 3357 capiliorumt

185 3407 395 3471 quamquam
419 3390 552 3453 nullum
576 3409 746 3453 venenum
772 3390 984 3473 praesentius
1007 3409 1082 3453 esse
1108 3398 1241 3473 poterat
1262 3408 1367 3471 quam
1390 3391 1440 3455 ira
1456 3391 1522 3456 Dei

185 3513 219 3566 et
242 3505 368 3568 iustum
391 3506 609 3588 supplicium,
632 3507 724 3589 quod
747 3508 820 3588 ipse
846 3506 918 3571 suis
940 3503 1083 3590 flagitiis
1108 3506 1301 3570 conciverat
1324 3516 1358 3571 et
1388 3527 1523 3571 coacer-

187 3630 340 3695 vaverat,
365 3630 401 3686 et
428 3624 667 3697 conscientiae,
694 3622 819 3704 quibus
842 3622 1029 3686 identidem
1054 3622 1275 3695 lacerabatur,
1298 3624 1418 3697 aculei,
1446 3643 1522 3688 cum

182 3736 319 3800 *videret
342 3757 363 3800 a
386 3757 424 3801 se
440 3759 508 3802 non
523 3748 656 3803 tanturn
673 3737 927 3810 labefactatum,
944 3739 1005 3801 sed
1027 3747 1063 3802 et
1078 3737 1280 3821 dissipatum
1297 3737 1429 3802 illustre
1444 3736 1535 3821 fidei*

185 3851 377 3916 catholicae
401 3853 603 3925 aedificium,
627 3855 719 3936 quod
743 3853 847 3926 Deus,
872 3872 914 3916 eo
936 3852 1106 3925 molitore‚
1129 3863 1296 3927 erexerat,
1323 3862 1368 3921 et.
1398 3862 1436 3916 ut
1458 3864 1524 3917 ter·

184 3987 304 4032 renum
328 3988 472 4052 regnum
495 3966 655 4041 firmaret,
679 3970 829 4032 coeleste
851 3968 1018 4031 oblivioni
1043 3968 1260 4031 mandavisse
1286 3979 1321 4032 et
1344 3978 1524 4050 utrumque

184 4085 308 4147 eodem
332 4086 424 4148 iactu
447 4084 614 4156 amisisse,
631 4093 668 4148 ut
683 4085 830 4165 saepius,
855 4102 931 4146 cum
948 4083 1043 4146 solus
1058 4092 1158 4154 esset,
1180 4102 1296 4146 secum
1320 4085 1457 4148 auditus
1472 4095 1523 4147 est

185 4209 339 4264 moestus
362 4211 397 4264 et
420 4202 545 4264 anxius
567 4209 761 4282 supputare.

276 4336 304 4380 2.
330 4315 377 4378 Et
399 4317 481 4379 lieet
502 4316 665 4379 haeretici
689 4314 796 4396 ipsius
818 4315 969 4377 animum
986 4311 1083 4377 falsis
1106 4316 1233 4377 nuntiis
1248 4334 1449 4397 suspensum
1465 4317 1522 4378 do·
1586 4323 1637 4374 sui
1649 4334 1871 4388 annorngoree

183 4432 294 4496 tinere
309 4442 344 4495 et
360 4451 465 4515 aegro
482 4432 625 4494 illudere
637 4439 816 4501 certarent,
831 4427 1021 4511 fringentes
1044 4430 1171 4493 multos
1185 4450 1230 4491 ex
1243 4430 1295 4501 iis,
1311 4432 1370 4512 qui
1386 4434 1523 4513 tyranni
1549 4397 1704 4518 ΨΜ
1718 4409 1871 4459 cognosce-

183 4556 217 4609 et
231 4547 449 4611 Lastensium
462 4556 577 4629 partes
588 4544 825 4628 sequebantur,
839 4546 904 4625 ipsi
917 4545 1120 4625 obsequium
1136 4544 1303 4625 polliceri,
1317 4544 1392 4626 ipse
1406 4554 1522 4610 tamen

184 4659 289 4726 facile
305 4663 555 4743 assequebatur
569 4680 666 4725 suam
682 4660 915 4723 conditionem
932 4658 1040 4721 nihilo
1063 4659 1231 4721 redditam
1248 4659 1437 4733 meliorem,
1453 4663 1522 4724 imo

187 4779 222 4842 in
242 4780 392 4842 deterius
415 4796 569 4860 vergere,
590 4796 667 4838 cum
683 4774 846 4839 catholici
863 4775 987 4837 acerbo
1003 4783 1037 4836 et
1052 4774 1255 4837 exulcerato
1269 4784 1382 4837 essent
1397 4775 1522 4855 animo,

186 4906 221 4959 et
242 4895 408 4959 haeretici
432 4893 623 4976 praeconiis
647 4912 715 4955 non
732 4892 875 4954 multum
901 4890 1088 4961 crederent,
1112 4908 1173 4951 nec
1190 4888 1262 4969 ipse
1285 4889 1343 4951 vel
1358 4890 1524 4973 Princeps

182 5010 226 5074 iis
249 5008 356 5073 fidere
379 5018 530 5092 possent,
561 5009 620 5090 qui
649 5006 789 5069 coelesti
821 5005 915 5089 Regi
949 5005 1105 5068 infideles
1136 5005 1331 5077 extiterant,
1363 5017 1397 5068 et
1428 5008 1463 5070 in
1486 5027 1523 5070 se

184 5125 282 5188 dubii
306 5134 421 5188 essent
444 5144 485 5187 ac
507 5124 704 5187 titubantes
