4124 6182
667 583 785 633 Lissa
807 583 831 643 1,
855 569 980 633 caena
1004 583 1074 635 ΧΗ.
1479 591 1541 652 109

292 731 323 790 8.
349 727 439 791 Mox
461 729 660 803 calcaribus,
684 720 829 813 quorum
852 750 1011 813 perrarus
1034 740 1087 796 est
1109 752 1191 796 usus
1216 733 1252 795 in
1268 731 1465 814 Aethiopia,
1490 731 1540 795 in·
1603 728 1888 825 ruriumeslapidn

205 850 364 917 structus,
400 846 436 907 in
465 842 615 909 ferocem
645 865 770 927 equum
800 848 1107 920 conscendit‚'nec
1136 848 1248 911 solum
1277 847 1443 930 primipili
1473 848 1540 911 sibi
1568 813 1767 875 mmm·

206 958 317 1022 locum
340 962 550 1034 vendicavit,
573 964 633 1026 sed
660 964 751 1026 ultra
773 964 920 1045 primam
951 965 1061 1027 aciem
1083 950 1296 1047 progressus,
1319 984 1380 1027 sex
1409 964 1465 1027 vel
1489 984 1541 1027 se·

205 1084 296 1155 ptem
320 1074 436 1158 ipsum
458 1078 728 1159 insequentibus,
752 1080 788 1143 in
811 1077 983 1143 confertos
1005 1079 1228 1163 Imperatoris
1247 1070 1540 1163 manipulos'irru·

205 1190 264 1272 pit,
281 1189 458 1255 confidens
472 1212 593 1257 omnes
608 1212 822 1278 quacumque
838 1206 1006 1279 pergeret,
1023 1196 1068 1258 ob
1084 1196 1145 1259 icti
1160 1193 1311 1259 foederis
1327 1196 1539 1280 religionem,

204 1307 271 1370 sibi
293 1326 463 1371 cessuros.
486 1307 532 1373 Et
555 1310 636 1373 licet
660 1330 760 1374 nemo
783 1311 818 1374 in
842 1311 1089 1394 Imperatorem
1105 1330 1200 1375 arma
1215 1298 1430 1384 converterit,
1445 1309 1540 1374 Cafld

204 1430 319 1485 tamen
342 1432 378 1486 et
401 1423 515 1487 dextri
539 1444 645 1488 cornu
668 1416 789 1489 ductor
812 1427 957 1490 liberum
985 1446 1160 1490 accessum
1191 1429 1377 1510 praebuere
1407 1428 1539 1509 quaeri-

204 1540 308 1600 tanti:
333 1536 405 1601 Ubi
428 1549 481 1602 est
511 1539 722 1623 Imperator?
754 1542 974 1625 Responsum
1004 1553 1119 1606 tamen
1149 1561 1213 1625 pro
1244 1531 1403 1605 omnibus
1431 1560 1541 1624 prope

204 1651 427 1736 Imperatoris
449 1674 662 1739 conopaeum
686 1659 782 1721 dedit
804 1644 1242 1742 rusticanus‘Tigraeorum
1269 1656 1540 1742 Seguadensium

204 1769 439 1851 manipularis,
462 1773 531 1854 qui,
556 1774 696 1837 obvium
723 1794 846 1837 saxum
869 1775 1046 1855 arripiens,
1071 1774 1156 1837 illud
1172 1776 1215 1837 'in
1239 1772 1385 1838 furentis
1398 1760 1540 1835 'vultum

202 1885 344 1966 paulum
368 1884 459 1950 infra
481 1888 656 1952 sinistrum
679 1890 816 1954 oculum
851 1891 1026 1965 contorsit,
1050 1894 1085 1954 et
1108 1891 1196 1955 alius
1220 1909 1309 1972 equo
1339 1891 1462 1953 deiecti
1485 1894 1541 1951 ca'·
1651 1960 1653 1964 ,

203 2012 272 2082 put,
297 2004 423 2067 trilicis
446 2003 573 2068 lorIcae
596 2003 702 2069 focali
724 2027 746 2070 a
769 1988 926 2071 faucibus
949 2007 1090 2079 dimoto,
1114 2006 1314 2089 amputavit,
1338 2017 1372 2070 et
1399 2005 1442 2068 ad
1474 2004 1541 2068 Im·

203 2126 409 2197 peratorem,
421 2128 503 2184 tunc
525 2122 673 2203 primum
696 2122 800 2186 armis
816 2125 984 2186 munitum
1000 2122 1034 2187 et
1050 2144 1071 2186 a
1086 2123 1260 2205 papilione
1276 2123 1540 2205 degredientem,

203 2233 413 2316 importavit.
438 2233 567 2300 Gratiis
590 2237 666 2301 Deo
697 2241 880 2321 responsis,
908 2239 1059 2321 receptui
1090 2248 1128 2301 ut
1158 2248 1335 2302 caneretur
1365 2236 1493 2312 edixit;
1517 2238 1540 2299 ii

202 2357 317 2412 tamen
342 2353 476 2434 equites
498 2356 557 2435 qui
573 2353 698 2418 Iulium
715 2355 980 2429 assectabantur,
997 2356 1182 2419 militarem
1198 2343 1373 2418 licentiam
1390 2351 1542 2436 effugere

202 2485 271 2528 non
296 2477 497 2549 potuerunt;
521 2486 632 2553 neque
649 2464 680 2532 'ii
702 2472 772 2553 qui,
796 2491 874 2536 cum
901 2472 1021 2554 procul
1051 2481 1175 2543 essent,
1206 2471 1413 2534 instantibus
1442 2478 1542 2552 terga

202 2583 332 2646 dedere
356 2594 391 2648 et
415 2586 558 2649 vulnera
573 2587 652 2650 ideo
667 2588 827 2671 graviora
843 2606 1022 2670 excepere,
1039 2589 1130 2670 quod
1146 2607 1209 2651 nec
1228 2588 1422 2650 sauciantes
1437 2605 1541 2650 coeco

202 2700 353 2782 occipite
377 2720 524 2773 cernere,
550 2720 613 2765 nec
636 2722 754 2766 eorum
780 2701 929 2767 furorem
953 2704 1020 2766 levi
1048 2713 1188 2785 possent
1218 2702 1448 2767 declinatione
1472 2699 1541 2764 fru-

202 2817 314 2878 strari.

169 2977 175 2989 .
292 2929 344 3012 ⁸¹9.
369 2932 499 2997 Abuna
521 2955 658 3018 pugnae
681 2955 702 2997 a
720 2935 890 3018 principio
905 2935 1093 2999 bellatores
1107 2954 1187 2999 suos
1203 2934 1248 2997 ad
1263 2935 1461 2997 certandum
1479 2952 1540 3014 pro
1602 2946 1701 2995 nuum
1710 2943 1745 3027 ‚¹¹¹
1762 2958 1797 2993 eo
1809 2956 1888 3005 prse-

202 3048 298 3110 avita
322 3045 390 3112 fide
413 3059 448 3113 et
470 3050 722 3115 hortationibus
744 3054 778 3115 e't
802 3071 863 3133 spe
886 3051 1051 3115 victoriae
1074 3062 1109 3115 et
1131 3049 1408 3114 benedictionum
1438 3057 1540 3129 atque
1567 3015 1608 3066 ¹¹⁰
1626 3015 1774 3067 ‘mmm'

201 3163 420 3227 indubitatae
442 3165 648 3229 delictorum
670 3167 792 3229 veniae
815 3166 1124 3247 pollicitationibus
1147 3185 1166 3227 e
1189 3165 1330 3229 sublimi
1352 3166 1430 3228 loco
1461 3183 1541 3226 con·

200 3275 373 3340 firmabat.
397 3275 476 3351 Sed,
489 3280 548 3341 ubi
571 3300 608 3343 se
631 3281 789 3343 delusum
811 3276 909 3353 vidit,
933 3283 1069 3364 asylum
1089 3281 1155 3343 sibi
1178 3281 1304 3363 ubique
1319 3281 1541 3342 constitutum

201 3403 378 3475 reputans,
391 3396 519 3459 ibidem
543 3397 708 3470 constitit,
729 3407 763 3461 et
778 3398 878 3462 multi
894 3394 1183 3480 praetereuntium
1200 3397 1358 3469 mllitum,
1374 3397 1542 3479 religione

201 3512 298 3583 tacti,
323 3522 559 3593 pepercerunt.
584 3510 664 3585 Sed,
685 3514 830 3597 insignis
853 3484 1044 3579 catholicus
1060 3514 1106 3577 Za
1121 3513 1282 3585 Michael‚
1306 3512 1421 3595 regiae
1436 3528 1542 3593 gazae

202 3636 321 3690 custos
345 3628 380 3689 in
404 3629 550 3690 transitu
574 3630 801 3710 conspicatus,
825 3631 896 3693 telo
919 3628 1073 3702 confixit,
1098 3642 1132 3693 et
1156 3648 1239 3691 mox
1262 3629 1351 3691 alius
1366 3638 1468 3709 caput
1484 3627 1541 3689 de·

201 3743 318 3806 tondit
341 3753 375 3806 et
400 3744 445 3805 ad
466 3742 712 3826 Imperatorem
736 3746 869 3809 illatum
895 3747 1018 3809 eodem
1041 3746 1074 3809 in
1093 3736 1207 3828 tapete
1230 3763 1307 3807 cum
1324 3743 1402 3806 Iulii
1426 3740 1542 3805 cranio

203 3860 345 3929 locavit,
374 3868 421 3930 ut,
448 3878 535 3940 quos
565 3862 664 3923 vivos
695 3861 867 3942 iniqnitas,
891 3863 1064 3925 extinctos
1086 3880 1217 3942 poenae
1240 3858 1431 3924 similitudo
1462 3848 1542 3920 con·

203 3976 363 4037 sociaret.

298 4111 348 4154 ro.
372 4088 588 4174 Quamquam
609 4092 746 4157 Rasin
769 4095 860 4157 viam
891 4113 929 4156 se
960 4103 1055 4157 tanta
1086 4095 1305 4157 contentione
1335 4092 1479 4164 dederit,
1505 4103 1542 4153 ut
1606 4103 1663 4152 Ru
1671 4099 1891 4162 uerndiepost

203 4227 274 4270 una
298 4208 355 4271 die
379 4209 522 4272 duarum
546 4210 602 4273 vel
625 4211 727 4273 trium
751 4212 862 4292 spatia
886 4207 1081 4282 confecerit,
1105 4209 1270 4293 postridie
1293 4209 1467 4279 victoriae,
1485 4208 1542 4271 de·
1569 4172 1716 4223 'imm
1737 4170 1853 4221 accedit.

204 4322 334 4403 pressis
356 4342 439 4405 prae
463 4343 618 4388 maerore
641 4327 677 4388 in
699 4334 825 4388 terram
849 4327 958 4408 signis
988 4336 1021 4389 et
1051 4325 1197 4388 militum
1220 4326 1328 4389 hastis
1358 4326 1402 4388 ad
1431 4323 1543 4405 Impe-

204 4448 357 4502 ratorem
381 4440 650 4521 triumphantem
673 4452 708 4504 et
731 4443 869 4504 divinae
890 4443 1030 4524 pietatis
1052 4441 1218 4504 miracula
1244 4441 1543 4522 depraedIcantem

205 4557 384 4637 pervenit;
407 4575 495 4638 quae
518 4557 582 4619 nisi
607 4558 793 4621 clementer
811 4568 846 4620 ot
861 4567 1020 4639 potenter
1035 4555 1198 4631 affuisset,
1215 4558 1258 4619 de
1274 4576 1316 4619 eo
1331 4565 1444 4619 actum
1461 4565 1542 4624 erat,

205 4672 311 4735 totius
335 4672 509 4734 exercitus
532 4673 663 4746 robore,
687 4683 722 4736 et
737 4675 954 4756 popularium
971 4673 1094 4736 animis
1110 4675 1145 4735 in
1160 4672 1286 4736 Iulium
1303 4668 1544 4735 inclinantibus

206 4798 241 4849 et
276 4787 477 4869 expeditam
513 4788 606 4850 viam
633 4790 677 4851 ad
708 4790 820 4870 ipsum
850 4789 1070 4861 caedendum,
1101 4786 1272 4871 fidemque
1303 4786 1543 4850 destruendam

205 4903 449 4984 pandentibus,
482 4914 517 4967 et
547 4914 705 4966 votorum
735 4903 901 4986 suffragio
931 4904 1187 4968 assectantibus.
1220 4902 1444 4984 Imperatoris
1473 4899 1545 4964 filia

207 5014 421 5083 Melacotavi
445 5038 489 5081 ex
513 5019 602 5081 Iullo
625 5020 738 5091 vidua,
763 5022 798 5082 in
822 5020 957 5083 thorum
981 5036 1064 5082 mox
1087 5021 1168 5082 data
1195 5031 1246 5082 est
1277 5019 1372 5081 claro
1401 5020 1476 5080 viro
1500 5016 1546 5078 Za

207 5134 364 5200 Christds
387 5136 452 5197 sub
476 5133 553 5197 Ras
576 5132 657 5198 sela
680 5132 836 5200 Christds
858 5136 1000 5198 vexillis
1024 5137 1196 5199 militanti.
