4166 6182
568 510 691 557 XLVIII
1102 510 1367 559 INTRODUCTIO

1222 765 1241 806 *

1192 818 1273 866 *a

646 979 686 1049 ln
715 978 863 1050 edendo
891 978 962 1051 hoc
992 976 1228 1051 Patriarchae
1257 1002 1370 1073 opere
1399 978 1450 1071 (r)
1483 975 1712 1049 adamussim
1750 990 1896 1049 secutus

566 1136 647 1184 sum
676 1112 867 1205 exemplar
897 1136 977 1194 ms„
1009 1110 1111 1206 quod
1139 1113 1289 1184 unicum
1321 1110 1434 1183 modo
1463 1124 1564 1182 extat
1592 1135 1629 1181 m
1659 1110 1753 1194 ASl,
1784 1108 1895 1203 quod·

565 1269 637 1339 que
675 1245 723 1317 ab
759 1243 842 1339 ipso
880 1244 1093 1340 patriarcha
1129 1244 1299 1329 Mendez,
1339 1268 1455 1339 opera
1493 1244 1612 1316 Balth.
1644 1242 1768 1315 Tellez
1797 1266 1895 1325 usuS,

566 1379 724 1459 Romam
755 1378 953 1452 transmitti
984 1377 1139 1461 curavit,
1168 1392 1208 1450 ut
1237 1376 1376 1450 ibidem
1414 1377 1516 1474 typis
1554 1376 1804 1450 mandaretur.
1843 1376 1897 1447 ln·

565 1511 687 1585 dicem
716 1537 864 1608 quoque
893 1532 1014 1585 rerum
1045 1511 1265 1585 notabilium
1306 1513 1354 1584 ab
1393 1511 1475 1608 ipso
1503 1510 1781 1592 concinnatum,
1813 1534 1895 1582 cum

565 1645 656 1718 satis
684 1645 864 1719 lectorum
895 1643 1154 1719 commoditati
1183 1646 1413 1739 respondeat
1442 1643 1544 1741 typis
1574 1643 1750 1716 mandavi
1775 1641 1896 1737 prouti

565 1792 666 1851 extat
694 1781 731 1876 in
761 1803 851 1862 ms.;
882 1780 929 1851 de
960 1803 1044 1852 meo
1073 1793 1216 1851 tantum
1250 1776 1370 1851 adieci
1409 1777 1507 1850 intra
1542 1776 1796 1872 parenthesim
1836 1801 1896 1849 no-

564 1911 742 1985 tationem
772 1911 1002 1985 voluminum
1033 1927 1071 1986 et
1094 1910 1316 2006 paginarum
1341 1936 1437 2006 quae
1457 1909 1644 2007 praesenti
1669 1908 1825 1982 editioni
1846 1935 1897 1982 re

564 2045 759 2140 spondeat.
791 2046 877 2118 Non
906 2070 1026 2142 pauca
1055 2044 1355 2141 transcriptionis
1384 2044 1521 2117 menda
1553 2043 1591 2116 in
1622 2068 1690 2119 ms,
1731 2040 1896 2115 invenire

564 2195 631 2252 est.
671 2178 865 2270 Quaedam
893 2179 1008 2252 errori
1044 2178 1284 2252 amanuensis
1318 2177 1511 2252 evidenter
1540 2176 1738 2250 tribuenda
1774 2200 1896 2249 emen·

564 2312 662 2398 davi,
703 2338 831 2407 pauca,
866 2338 962 2409 quae
1001 2313 1072 2409 ipsi
1110 2309 1347 2386 Patriarchae
1375 2311 1592 2386 exciderant
1621 2308 1771 2384 adiecto
1800 2310 1894 2387 intra

565 2446 815 2541 parenthesim
846 2443 922 2546 [stc]
950 2445 1140 2519 adnotavi.
1178 2444 1388 2529 Caeterum,
1428 2460 1607 2540 quantum
1647 2443 1725 2516 fieri
1765 2442 1894 2540 potuit,

566 2579 711 2653 servavi
748 2605 844 2674 quae
882 2579 962 2675 ipse
1002 2581 1143 2653 Auctor
1172 2577 1209 2651 in
1238 2578 1316 2652 suis
1350 2579 1663 2653 «Advertencias
1685 2635 1693 2651 .
1715 2635 1723 2651 .
1747 2634 1755 2650 .
1778 2605 1826 2651 .»
1860 2576 1896 2653 in

565 2712 730 2786 editione
758 2712 814 2786 sui
835 2712 960 2809 operis
988 2713 1173 2787 servanda
1200 2712 1490 2798 commendavit,
1509 2712 1621 2786 etiam
1651 2712 1689 2785 in
1714 2710 1896 2806 frequenti

566 2871 633 2919 usu
652 2846 878 2920 characteris
896 2846 1022 2932 italici,
1053 2847 1204 2941 quando
1234 2845 1391 2919 aliorum
1412 2847 1527 2919 verba
1546 2844 1775 2929 referuntur;
1806 2868 1896 2940 quas

566 2980 686 3053 Notas
714 2994 754 3052 ut
786 2980 902 3053 lector
929 2979 1105 3075 inspiciat
1132 2994 1273 3076 quanta
1300 2977 1499 3074 diligentia
1526 2979 1573 3051 Α.
1600 2977 1656 3052 sui
1679 2978 1805 3074 operis
1823 2976 1896 3053 edi·

565 3110 705 3184 tionem
739 3112 933 3199 curaverit,
972 3112 1033 3186 hic
1062 3113 1110 3185 ad
1139 3112 1280 3186 calcem
1319 3110 1532 3185 adiicienda
1560 3136 1643 3185 esse
1673 3109 1893 3187 existimavi.

564 3483 671 3541 ³“V¹'⁰·
766 3484 1066 3561 Advertencias
1093 3508 1169 3584 que
1196 3508 1242 3561 se
1271 3486 1420 3561 devem
1447 3486 1498 3561 de
1525 3486 1704 3581 guardar

894 3641 950 3693 na
979 3619 1207 3715 impressao
1236 3623 1350 3696 deste
1379 3620 1517 3711 livro(
1544 3623 1568 3716 ).

654 3850 709 3911 No
731 3851 901 3932 principio
924 3852 969 3913 do
992 3871 1081 3914 anno
1105 3852 1148 3914 de
1177 3855 1257 3929 1652
1285 3871 1329 3914 na
1351 3870 1518 3915 conserva
1541 3851 1604 3914 das
1626 3871 1720 3922 nans
1748 3870 1803 3913 em
1834 3868 1896 3932 que

566 3963 614 4029 foi
637 3967 717 4029 dom
741 3966 910 4048 Phelippe
932 3965 1183 4040 Mascarenhas,
1208 3967 1424 4050 mandada[s]
1449 3988 1470 4029 a
1491 3967 1608 4029 Roma
1637 3967 1723 4029 duas
1754 3965 1829 4028 vias
1854 3965 1896 4027 do

565 4080 653 4144 livro
677 4084 721 4145 da
744 4081 859 4143 minha
883 4083 1031 4164 viagem,
1054 4103 1075 4144 a
1098 4083 1267 4163 primeira,
1295 4084 1402 4145 multo
1426 4085 1505 4146 bem
1525 4083 1650 4145 escrita
1665 4102 1684 4145 e
1700 4081 1894 4153 emendada,

565 4300 596 4358 in
618 4300 777 4359 Lusitania
797 4302 890 4360 luisse
912 4321 981 4360 cum
1003 4303 1065 4361 alio
1093 4302 1208 4361 Iudaeo
1241 4313 1271 4361 et
1302 4303 1416 4378 scripto
1449 4303 1662 4377 conSIgnatam
1694 4320 1799 4360 secum
1821 4302 1897 4359 inter

565 4409 666 4457 cetera
686 4419 741 4458 sua
762 4400 875 4476 scripta
897 4401 929 4457 in
950 4401 1147 4476 Aethiopiam
1168 4402 1315 4467 attulisse,
1337 4410 1401 4458 tum
1430 4402 1504 4476 quia
1525 4400 1601 4458 nihil
1623 4399 1656 4456 in
1677 4418 1714 4458 ea
1746 4400 1897 4458 invenitur

565 4500 648 4572 quod
671 4501 710 4557 ad
732 4498 862 4557 Iudaeos
883 4499 1074 4574 aethiopicos
1095 4497 1250 4571 (Falaris)
1271 4499 1375 4556 relerri
1398 4508 1508 4574 potest,
1523 4508 1588 4556 tum
1602 4498 1675 4573 quia
1688 4499 1783 4556 semel
1799 4507 1830 4556 et
1844 4499 1896 4555 ite-

564 4618 630 4656 rum
645 4616 760 4656 nomen
781 4596 887 4655 Iudaei
908 4596 1065 4667 Salomon,
1087 4616 1220 4672 quocum
1235 4598 1421 4672 disputabat,
1438 4597 1468 4653 in
1484 4597 1568 4655 aliud
1583 4614 1697 4654 nomen
1712 4595 1895 4653 immutatur.

565 4696 653 4754 Haec
673 4697 841 4771 disputatio
863 4696 1041 4770 longissima
1062 4697 1171 4770 legitur
1194 4696 1243 4754 lib.
1266 4694 1605 4770 ll,capp.xrretx111,
1625 4694 1690 4751 Iler.
1706 4694 1799 4759 Aetli,
1815 4692 1895 4762 VIII,

567 4814 618 4871 m·
642 4807 783 4866 231·255·
847 4860 852 4872 .

643 4892 688 4969 (η
710 4892 757 4949 De
778 4892 846 4949 aliis
867 4892 939 4975 eius,
962 4893 1026 4949 sive
1047 4892 1126 4967 typis
1147 4892 1246 4959 editis,
1269 4892 1332 4949 sive
1346 4909 1425 4966 quae
1440 4891 1598 4966 quondam
1616 4908 1686 4948 iuss.
1701 4891 1896 4948 servabantur

564 4992 596 5047 in
616 4989 787 5047 Tabulariis
809 4989 837 5046 S.
860 4989 894 5059 I.,
916 4990 955 5046 cl.
984 4989 1309 5063 Sommervogel,
1336 4988 1540 5063 Brhlzhthtque,
1563 4998 1606 5047 to.
1627 5003 1658 5054 v,
1682 5005 1733 5064 pp.
1755 4985 1894 5059 884-887.

644 5087 688 5165 (2)
711 5086 797 5145 Haec
820 5088 850 5143 in
872 5106 928 5145 ms.
951 5088 1125 5163 praeposita
1146 5087 1286 5161 leguntur
1307 5087 1412 5162 primis
1434 5087 1529 5143 tribus
1550 5086 1646 5145 libris,
