4166 6182
751 589 973 640 INTRODUCT
975 589 1013 639 10
1478 590 1551 638 XIII

212 737 481 813 aPatriarcha
508 739 545 812 in
579 738 823 835 Aethiopiam
862 738 1015 814 inducta
1053 738 1249 833 pertinent,
1289 763 1446 834 quorum
1476 739 1552 835 ple·

214 896 327 968 raque
354 888 512 969 gravate
540 873 745 947 admodum
780 872 989 968 Aethiopes
1025 873 1189 947 tulerunt
1225 886 1262 946 et
1299 870 1550 968 persecutioni

214 1006 484 1080 catholicorum
514 1021 737 1103 patrumque
764 1021 802 1084 et
821 1006 940 1103 ipsius
960 1006 1197 1080 Patriarchae
1216 1005 1427 1102 expulsioni
1448 1031 1552 1102 prae-

215 1153 356 1213 textum
386 1142 603 1237 praebuere.

294 1275 329 1348 8.
371 1275 555 1359 Profecto,
599 1273 630 1348 si
673 1274 890 1348 Patriarcha
932 1272 1095 1370 penitius
1137 1272 1354 1370 agnovisset
1395 1273 1553 1346 orienta-

216 1404 306 1478 lium
332 1406 619 1480 christianorum
649 1407 762 1481 etiam
792 1407 1063 1481 catholicorum
1093 1432 1227 1493 mores,
1261 1406 1553 1480 consuetudines

214 1553 251 1612 et
275 1539 391 1636 longo
421 1565 489 1614 usu
518 1555 688 1637 receptas
716 1555 754 1614 et
773 1540 945 1615 Patribus
965 1543 1143 1638 probatas
1171 1541 1276 1635 leges
1304 1555 1341 1614 et
1368 1539 1550 1637 liturgias,
1605 1600 1607 1603 .

214 1687 251 1745 et
279 1672 472 1748 Ecclesiae
500 1673 761 1770 Aethiopicae,
791 1675 878 1749 licet
906 1673 1180 1760 schismaticae,
1209 1672 1387 1748 historice
1421 1675 1553 1771 proba·
1625 1690 1627 1694 ’

215 1820 290 1880 tam
319 1831 405 1880 cum
435 1806 509 1881 illis
538 1806 864 1895 necessitudinem,
902 1807 1144 1882 abstinuisset
1182 1809 1323 1904 absque
1361 1807 1477 1882 dubio
1505 1810 1553 1881 ab

215 1939 400 2014 edicenda
426 1941 511 2038 lege
540 1966 608 2038 pro
637 1940 821 2016 caelibatu
850 1941 1081 2028 clericorum,
1104 1966 1126 2015 a
1154 1941 1434 2038 proscribendis
1453 1966 1554 2015 com·

217 2074 394 2148 munione
422 2077 492 2148 sub
519 2089 676 2171 utraque
704 2075 842 2173 specie,
872 2090 1025 2172 quartae
1058 2075 1173 2150 feriae
1210 2075 1349 2149 ieiunio
1386 2076 1553 2170 illudque
1586 2155 1587 2158 Ἴ

216 2208 253 2281 in
282 2210 478 2282 sabbatum
521 2210 791 2295 transferendo,
822 2212 869 2284 ab
898 2209 1138 2306 imponendis
1176 2210 1392 2284 Latinorum
1432 2210 1553 2283 calen-

215 2341 320 2415 dario
350 2355 386 2415 et
422 2342 574 2439 liturgia
595 2343 660 2437 (1).
699 2344 780 2418 Sibi
816 2344 916 2418 enim
956 2344 1180 2439 persuadere
1213 2343 1396 2440 potuisset
1430 2343 1549 2416 orien-

217 2476 309 2548 tales
336 2500 469 2550 omnes
496 2477 676 2551 ecclesias
704 2476 883 2551 ieiunium
912 2492 1065 2574 quartae
1093 2476 1208 2551 feriae
1246 2492 1374 2551 sancte
1412 2476 1500 2550 inde
1528 2502 1550 2550 a

217 2608 347 2705 primis
375 2610 535 2685 saeculis
564 2611 764 2697 custodire,
794 2611 895 2684 diem
920 2609 1065 2685 sabbati
1085 2625 1276 2706 tamquam
1298 2612 1444 2695 festum,
1466 2610 1554 2684 licet

218 2742 372 2816 minoris
399 2744 540 2839 gradus
569 2769 681 2839 quam
707 2744 931 2829 dominicae,
954 2745 1102 2830 habere,
1124 2744 1161 2817 in
1182 2769 1301 2840 eoque
1320 2769 1343 2818 a
1362 2742 1553 2818 laboribus

216 2876 423 2963 abstinere;
452 2877 600 2952 clericis
629 2878 742 2952 etiam
772 2878 1030 2953 sacerdotibus
1059 2878 1337 2952 matrimonium
1357 2877 1553 2974 indulgere

217 3033 376 3105 suasque
415 3009 597 3107 liturgias,
628 3011 813 3107 equibus
850 3011 1064 3108 aethiopica
1100 3011 1285 3108 originem
1322 3013 1445 3096 habet,
1485 3010 1553 3083 im-

218 3157 377 3217 mutatas
405 3143 483 3217 fere
511 3160 552 3219 ut
578 3169 602 3218 a
629 3170 678 3219 ss.
708 3144 880 3219 Patribus
899 3160 1133 3241 acceperunt,
1156 3145 1347 3240 hucusque
1370 3168 1550 3219 servasse.

218 3277 364 3351 Poterat
392 3278 563 3373 profecto
593 3277 809 3352 Patriarcha
837 3279 908 3353 ista
935 3278 1074 3364 omnia,
1095 3303 1191 3375 quae
1219 3292 1319 3352 certe
1342 3277 1552 3352 catholicae

217 3409 302 3482 fidei
331 3436 407 3484 non
436 3428 659 3509 repugnant,
694 3412 946 3507 Aethiopibus
978 3412 1202 3509 permittere,
1233 3392 1371 3508 easque
1408 3426 1551 3486 tantum

216 3544 506 3620 consuetudines
521 3547 681 3632 abolere,
699 3572 795 3642 quae
810 3546 1113 3643 superstitionem
1129 3546 1337 3643 sapiebant,
1349 3572 1406 3620 err.
1418 3572 1475 3643 gr.
1493 3548 1553 3620 ba-

217 3677 403 3772 ptismatis
423 3679 669 3766 iterationem,
687 3682 745 3754 vel
765 3680 857 3754 ritus
872 3681 1023 3777 proprie
1041 3679 1221 3766 iudaicoS,
1242 3706 1299 3753 ex.
1320 3706 1375 3777 gr.
1398 3680 1553 3754 circum·

217 3809 410 3898 cisionem,
432 3811 707 3887 immunditiem
729 3814 890 3908 legalem
911 3813 948 3886 in
968 3813 1155 3900 foeminis,
1176 3812 1440 3887 discretionem
1457 3812 1554 3887 inter

217 3945 378 4020 mundos
406 3945 696 4043 immundosque
724 3947 831 4021 cibos
858 3947 1006 4043 aliaque
1034 3947 1093 4021 his
1121 3947 1270 4021 similia.
1292 3947 1400 4021 Haec
1419 3948 1552 4019 eadem

216 4091 352 4165 tamen,
384 4095 511 4153 amota
539 4079 662 4154 omnis
690 4079 965 4176 superstitionis
994 4080 1080 4154 idea
1107 4095 1280 4177 poterant
1316 4081 1430 4155 etiam
1469 4106 1553 4155 meo

294 4288 339 4367 (1)
362 4288 554 4367 Ludolphius
586 4291 689 4367 quoad
721 4291 797 4350 haec
831 4292 892 4349 iam
923 4310 979 4350 suo
1000 4301 1138 4368 tempore
1160 4301 1335 4351 notaverat:
1360 4291 1459 4351 <Nec
1480 4310 1551 4368 pru·

217 4387 354 4446 dentiam
376 4388 409 4445 in
429 4405 467 4446 eo
488 4387 694 4463 [Patriurcha]
721 4390 936 4459 desiderasses,
959 4390 1036 4448 nisi.
1051 4432 1077 4448 ..
1100 4408 1179 4465 quae
1194 4391 1277 4449 comi
1295 4390 1345 4447 via
1358 4399 1389 4448 et
1404 4392 1552 4466 paulatim

217 4485 442 4545 introducenda
463 4495 559 4557 erant,
581 4488 683 4546 donec
704 4489 846 4547 homines
867 4488 955 4546 novis
977 4488 1084 4546 ritibus
1105 4497 1316 4547 assuescerent
1330 4498 1360 4546 et
1375 4488 1471 4547 animi
1492 4490 1554 4547 dis·

216 4584 383 4641 sidentium
405 4585 623 4655 coalescerent,
645 4587 807 4644 severitate
828 4596 921 4661 atque
943 4586 1060 4662 impetu
1081 4594 1214 4643 statuere
1230 4595 1322 4660 atque
1337 4587 1415 4644 tueri
1431 4587 1554 4645 maluis-

216 4691 269 4739 set.
290 4680 342 4739 Sic
364 4681 481 4741 sactum
502 4692 536 4739 ut
556 4683 646 4741 initio
668 4683 766 4758 rigide
788 4685 965 4752 constituta,
987 4693 1144 4759 postremo
1166 4685 1321 4742 remittere
1342 4692 1373 4741 et
1395 4701 1464 4741 cum
1491 4702 1555 4742 ma·

215 4779 297 4838 ximo
318 4779 511 4838 auctoritatis
526 4798 599 4839 suae
613 4782 779 4856 dispendio
794 4783 931 4840 relaxare
946 4791 1115 4857 cogeretur.
1131 4781 1192 4839 Alii
1207 4792 1324 4850 contra,
1340 4790 1374 4839 ut
1388 4780 1554 4856 Gregorius

216 4877 290 4935 mihi
312 4878 427 4946 retulit,
451 4895 522 4934 eum
543 4889 764 4937 excusaverunt
785 4880 869 4955 quod
891 4882 948 4938 sub
970 4881 1136 4938 adventum
1152 4898 1242 4938 suurn
1256 4897 1303 4937 res
1318 4897 1337 4936 a
1356 4879 1556 4937 missionariis

215 4974 472 5049 praecedentibus
492 4992 530 5034 eo
552 4975 614 5033 iam
635 4987 796 5052 provectas
817 4978 982 5053 reperisset
1007 4988 1040 5035 ut
1068 4977 1199 5035 honeste
1227 4996 1279 5035 eas
1308 4985 1472 5034 retractare
1492 4994 1555 5033 non

214 5075 394 5148 potuerit».
427 5071 508 5132 Hirr.
530 5074 620 5143 Aetli,
644 5075 695 5132 lib.
722 5074 776 5143 III,
799 5093 866 5151 cap.
892 5090 960 5144 mv,
987 5093 1018 5134 n.
1042 5090 1091 5147 30.
1121 5072 1242 5145 Quibus
1270 5074 1386 5131 ultimis
1415 5072 1557 5146 Gregorii

215 5172 312 5229 verbis
333 5189 372 5228 ex
387 5180 474 5247 parte
495 5172 604 5228 saltem
626 5173 881 5231 subscribendum
904 5192 1028 5231 censen.
