4166 6182
715 607 832 655 arnan
855 607 879 666 1,
904 606 1029 655 cneus
1054 608 1076 655 1.
1520 612 1558 672 27

222 757 372 819 tionibus
396 754 555 826 discreta,
580 756 767 817 incentum
791 754 925 836 palmos
941 754 1208 817 distendebatur.
1226 754 1324 817 Illius
1340 755 1560 827 vestibulum,

222 873 325 934 sectis
347 871 524 953 lapidibus
546 870 724 941 munitum,
749 889 845 933 muro
869 870 1026 952 cingitur,
1044 889 1090 932 ex
1106 890 1174 952 quo
1190 890 1249 952 per
1265 880 1343 934 octo
1359 872 1415 933 vel
1437 891 1560 933 novem

222 990 350 1070 gradus
373 989 581 1069 quadratura
604 988 792 1059 dedolatos,
817 988 851 1049 in
867 987 1057 1050 subiectam
1079 989 1210 1068 templo
1225 1008 1349 1060 aream,
1367 989 1484 1050 decern
1502 988 1560 1050 vel

222 1104 403 1166 duodecim
427 1103 554 1167 cubitis
576 1103 737 1185 amplam,
761 1104 1010 1166 conscenditur.
1040 1102 1149 1166 Aliud
1176 1103 1329 1167 exterius
1352 1103 1559 1166 vestibulum

222 1230 326 1301 patet,
351 1221 386 1282 in
410 1239 479 1300 quo
502 1228 647 1301 quatuor
670 1215 780 1281 fulcra
802 1239 918 1291 saxea,
942 1220 1062 1282 decem
1077 1220 1134 1282 vel
1151 1220 1329 1282 duodecim
1358 1219 1560 1300 palmorum,

221 1337 407 1419 eriguntur,
432 1335 501 1407 ubi,
525 1354 603 1398 cum
630 1335 820 1417 Imperator
851 1337 997 1416 primum
1021 1335 1196 1407 insederit,
1219 1335 1254 1397 in
1286 1336 1398 1398 media
1422 1336 1560 1396 tandem

222 1453 303 1515 sede
326 1453 544 1515 coronandus
567 1450 787 1534 conquiescit.

312 1567 353 1630 In
376 1569 497 1650 templi
520 1578 618 1650 tergo
642 1568 686 1629 ad
710 1566 897 1641 Orientem,
922 1588 943 1630 a
966 1568 1085 1630 decem
1113 1569 1304 1648 palmorum
1328 1567 1405 1629 basi
1436 1565 1562 1649 viginti
1625 1578 1650 1623 Α
1676 1572 1774 1636 templi
1806 1582 1910 1634 tergo

222 1685 390 1746 tolluntur
413 1683 567 1756 obelisci,
591 1685 724 1747 duabus
747 1681 901 1747 faciebus
924 1684 1063 1746 latiores
1087 1694 1120 1745 et
1143 1683 1393 1764 bipalmaribus
1421 1684 1454 1743 in
1480 1702 1562 1762 qua·
1589 1656 1698 1767 ἓξὲξ
1699 1658 1717 1696 ⁰
1736 1643 1866 1694 ΜΨ*
1892 1649 1909 1694 ⁸

114 1845 122 1859 .
175 1847 183 1860 .
223 1801 321 1862 drum
346 1800 501 1881 pulvinis
523 1799 693 1872 excavati,
717 1799 902 1862 *lateribus
932 1801 1148 1883 angustiores
1178 1808 1213 1862 et
1243 1799 1278 1860 in
1309 1798 1560 1880 pyramidalem

222 1914 368 1979 formam
393 1917 543 1979 exacuti.
567 1915 720 1979 Minores
743 1917 833 1979 ultra
855 1917 1071 1999 trigesimum
1095 1918 1151 1978 vel
1170 1916 1472 1998 quadragesimum
1489 1915 1562 1995 pal·

223 2052 317 2095 mum
341 2053 409 2095 non
433 2034 639 2107 ascendunt;
671 2034 797 2098 caeteri
828 2033 968 2095 maioris
991 2042 1069 2095 sunt
1100 2032 1161 2094 sed
1192 2031 1383 2111 inaequalis
1413 2029 1562 2113 longitu-

223 2147 328 2211 dinis:
353 2148 527 2211 maximus
544 2148 578 2210 in
594 2150 729 2230 palmos
751 2159 897 2230 quatuor
919 2167 1023 2229 supra
1046 2157 1181 2210 centum
1198 2146 1403 2228 cuspidatur.
1421 2142 1562 2226 Septem

225 2267 279 2327 vel
304 2275 384 2328 octo
408 2264 520 2328 iacent
536 2266 570 2328 in
586 2263 694 2328 frusta
710 2264 847 2335 divulsi,
864 2284 881 2326 a
899 2263 1028 2336 Turcis,
1046 2265 1090 2325 ab
1113 2262 1233 2326 Isacco
1255 2264 1319 2325 sub
1342 2281 1424 2345 rege
1447 2261 1562 2325 Malae

223 2380 384 2463 Seguedo
400 2382 589 2452 advocatis,
606 2379 817 2453 labefactati,
833 2383 952 2463 quiex
972 2382 1201 2443 membrorum
1219 2381 1450 2460 dispersorum
1470 2379 1562 2442 mole

223 2499 390 2560 ducentos
413 2498 548 2579 palmos
571 2499 796 2561 ostenduntur
818 2516 1008 2578 superasse.
1032 2497 1073 2558 In
1096 2494 1261 2558 Austrum
1287 2497 1331 2558 ad
1353 2495 1472 2557 bellici
1495 2504 1563 2557 tor·

225 2614 331 2676 menti
354 2614 481 2676 iactum
506 2614 594 2694 lapis
624 2613 777 2677 tenditur
805 2624 952 2695 quatuor
974 2614 1166 2693 palmorum
1197 2611 1397 2683 latitudinis,
1429 2621 1562 2692 septem

223 2729 280 2791 vel
303 2738 383 2792 octo
407 2727 642 2813 longitudinis,
666 2730 791 2792 litteris
813 2730 939 2811 partim
954 2729 1098 2810 graecis,
1115 2725 1238 2808 partim
1256 2726 1383 2800 latinis,
1399 2728 1459 2789 sed
1476 2727 1562 2789 adeo

224 2842 407 2928 fugacibus
429 2864 512 2926 prae
535 2855 713 2917 vetustate,
738 2855 900 2908 exaratus
922 2854 959 2907 ut
980 2853 1117 2925 praeter
1140 2842 1300 2904 Basileus
1316 2850 1350 2904 et
1370 2843 1439 2904 alia
1454 2861 1564 2923 pauca

223 2963 342 3032 verba,
366 2961 452 3024 nihil
476 2980 596 3024 sensus
619 2982 665 3023 ex
689 2960 732 3023 iis
755 2961 864 3042 possit
886 2961 996 3024 educi.

314 3084 344 3141 8.
369 3077 538 3141 Maiorem
561 3077 715 3161 Angotis
730 3086 861 3159 partem
878 3075 1001 3140 Gallae
1016 3078 1234 3147 devorarunt,
1250 3085 1384 3156 praeter
1399 3076 1562 3156 exiguam
1626 3081 1755 3142 Regnum
1773 3082 1912 3142 Bagame-

225 3192 405 3266 fimbriam,
429 3214 517 3276 quae
539 3193 642 3257 Dobai
664 3195 700 3256 in
723 3193 908 3275 Tigraeum
939 3213 1083 3274 regnum
1115 3194 1243 3255 reiecta
1273 3190 1562 3273 Bagamedrinum
1591 3151 1716 3202 ‘mmm‘

225 3311 269 3372 ab
292 3309 407 3393 Agais
438 3313 528 3372 ultra
558 3308 696 3372 Lastam
721 3310 945 3373 inhabitatum
977 3310 1095 3392 cingit.
1121 3308 1284 3391 Regnum
1311 3310 1423 3389 ipsum
1451 3307 1563 3389 Baga·

225 3426 418 3489 medrinum
449 3428 494 3488 ab
524 3425 665 3510 Angote
698 3427 855 3490 orientali
887 3445 1108 3509 consurgens,
1139 3424 1287 3507 Tigraeo
1318 3433 1353 3487 et
1382 3423 1485 3486 Doba
1519 3424 1562 3485 ad

225 3542 437 3623 Aquilonem
454 3542 602 3615 omissis,
617 3544 706 3605 inter
721 3541 899 3625 Abargale
923 3543 965 3604 ad
981 3541 1270 3624 Septemtrionem
1287 3550 1322 3603 et
1338 3539 1503 3603 Amaram
1520 3540 1564 3602 ad

225 3657 393 3719 Austrum
418 3658 650 3727 constitutam,
675 3659 709 3720 in
735 3657 852 3720 Nilum
869 3659 913 3720 ad
928 3655 1152 3720 Occidentem
1168 3675 1230 3738 per
1245 3656 1408 3718 milliaria
1427 3667 1562 3718 centum

225 3783 260 3835 et
275 3774 454 3855 octoginta
469 3773 705 3856 longitudinis
722 3775 904 3856 sexaginta
921 3794 988 3835 non
1005 3774 1153 3855 amplius
1169 3773 1368 3841 latitudinis,
1385 3770 1563 3852 procurrit.

225 3889 493 3971 Amplissimum
517 3888 608 3952 istud
631 3891 783 3952 omnium
806 3908 987 3972 regnorum
1015 3888 1226 3971 Aethiopiae
1256 3889 1428 3969 quondam
1459 3883 1565 3948 fuisse

226 4006 362 4077 dicitur,
375 4016 557 4087 antequam
572 4006 616 4067 ab
627 4007 702 4087 ipso
716 4006 839 4088 ingens
854 4003 972 4067 instita
987 4004 1284 4086 praescinderetur
1298 4004 1563 4085 provinciarum,

225 4120 416 4202 Abargale,
440 4118 608 4191 Semenis‚
640 4120 787 4205 Ogarae,
811 4118 970 4203 Seguade
994 4129 1029 4183 et
1052 4119 1204 4192 Holcait,
1228 4139 1316 4200 quae
1339 4118 1396 4182 vel
1419 4119 1560 4181 seorsim

226 4254 394 4308 mansere,
416 4236 474 4298 vel
497 4254 604 4318 regno
626 4235 775 4318 Tigraeo
797 4245 876 4299 sunt
899 4237 1064 4301 adiectae.

316 4372 346 4430 9.
371 4350 524 4414 Amarae
547 4351 667 4413 eadem
692 4349 764 4414 fere
787 4360 839 4414 est
861 4371 949 4433 quae
972 4352 1070 4433 regni
1086 4350 1331 4433 Bagamedrini
1353 4351 1506 4431 positura
1531 4359 1566 4410 et
1629 4357 1732 4407 Amant
1750 4371 1879 4420 regnum.

225 4466 425 4548 posthabito
456 4468 499 4529 ad
529 4464 760 4529 Subsolanum
791 4464 890 4540 Ifate‚
921 4468 966 4529 ad
997 4466 1207 4548 Aquilonem
1232 4466 1383 4548 Angote,
1411 4466 1454 4527 ad
1479 4462 1566 4546 Sep·

225 4582 442 4645 temtrionem
466 4581 684 4664 Bagamedir,
709 4584 753 4645 ad
776 4582 943 4645 Austrum
967 4581 1081 4656 Xaoa,
1110 4583 1144 4643 in
1168 4579 1349 4662 Gojamam
1373 4601 1413 4644 ac
1437 4581 1564 4651 Nilum,

225 4710 407 4780 utrumque
430 4717 572 4781 regnum
596 4700 641 4761 ad
664 4696 834 4761 Occasum
858 4699 1081 4769 dividentem,
1102 4698 1265 4764 deiectus,
1282 4696 1417 4760 Holeca
1432 4697 1514 4759 Nilo
1532 4707 1566 4759 et

225 4813 373 4877 Goiama
396 4815 439 4876 ad
462 4811 644 4886 Occasum,
667 4814 800 4876 Amara
823 4816 866 4877 ad
890 4814 1086 4896 Zephyrum
1109 4822 1144 4875 et
1159 4815 1445 4895 septemtrionem,
1463 4812 1566 4877 Xaoa
1629 4818 1738 4869 uoleca
1755 4829 1783 4868 et
1801 4818 1889 4868 xeoa.

224 4930 269 4993 ad
292 4928 518 5011 Aquilonem,
543 4926 785 4999 Subsolanum,
809 4928 1023 4991 Euronotum
1046 4937 1081 4991 et
1104 4927 1272 4990 Austrum
1288 4928 1446 4991 vallatur.
1463 4928 1566 4990 Xaoa

225 5046 427 5128 aquilonare
450 5044 555 5106 habet
578 5064 721 5127 regnum
746 5046 887 5118 Amare,
911 5044 1078 5107 orientale
1102 5042 1202 5116 Ifate‚
1226 5044 1389 5106 australia
1416 5043 1567 5126 Fategar

224 5173 259 5224 et
282 5159 398 5243 Ogge,
423 5161 467 5221 ad
491 5159 652 5223 Africum
676 5161 814 5231 Damut‚
831 5162 873 5223 ad
890 5158 1114 5223 Occidentem
1130 5158 1282 5230 Bizamo,
1300 5161 1343 5222 ad
1360 5159 1564 5241 Zephyrum,
