4124 6182
640 570 755 619 Lissa
780 571 803 627 1,
828 568 953 635 capus
976 568 1045 618 xv.
1069 616 1073 624 ,
1446 570 1504 629 127

175 719 315 788 viderat,
341 720 541 802 instigaret:
565 718 657 800 quod
681 718 741 780 ille
763 717 901 799 saepius
924 714 1039 779 facere
1062 735 1138 778 cum
1163 735 1296 778 summa
1311 717 1507 797 appetentia

174 845 205 896 et
227 835 334 897 animi
358 836 552 898 abiectione
576 855 643 897 non
667 835 882 897 detrectavit.

258 972 289 1028 4.
316 950 401 1013 Rex
424 950 645 1013 Patriarchae
668 960 702 1012 et
721 950 893 1012 sociorum
909 950 1078 1011 adventus
1093 951 1217 1011 certior
1231 947 1351 1021 factus,
1369 970 1414 1012 ex
1430 950 1507 1012 loco
1570 949 1720 1001 nmealini
1750 949 1855 1032 Regis

173 1076 303 1147 septem
329 1067 461 1129 dierum
485 1066 741 1147 intercapedine
765 1065 900 1127 divulso
924 1066 957 1127 in
982 1066 1249 1128 commodiorem
1273 1075 1307 1127 et
1342 1085 1430 1148 aqua
1455 1085 1507 1128 sa·
1534 1035 1716 1157 ξξοᾚῑέω
1743 1023 1854 1071 obviam

173 1184 268 1254 niori,
293 1201 504 1264 quamquam
527 1183 591 1244 sub
614 1183 727 1244 arenis
749 1182 928 1253 tumulata,
951 1182 1234 1273 abundantiorem
1258 1201 1295 1243 se
1322 1181 1507 1251 transtulit,

173 1309 205 1360 et
228 1300 398 1361 minorem
422 1308 505 1361 natu
528 1295 668 1361 fratrem
693 1299 737 1360 ad
761 1317 821 1360 eos
843 1299 1077 1379 excipiendos,
1109 1317 1168 1360 seu
1191 1299 1306 1360 verius
1336 1299 1379 1361 ad
1410 1300 1509 1379 expi-

172 1416 348 1487 scandum,
372 1416 561 1501 praemisit.
589 1413 659 1476 Vix
683 1415 773 1477 enim
798 1414 832 1476 in
856 1425 1078 1496 conspectum
1102 1434 1138 1476 se
1165 1415 1317 1487 dederat,
1348 1435 1426 1477 cum
1449 1415 1509 1476 do·

173 1530 381 1594 nan*dorum
405 1533 471 1593 sibi
493 1549 670 1594 numerum
695 1532 903 1593 mentionem
927 1531 1042 1593 intulit
1066 1540 1101 1593 et
1117 1549 1221 1613 aegre
1237 1550 1358 1612 passus
1373 1531 1509 1592 solven-

172 1647 291 1709 darum
317 1648 527 1710 sarcinarum
552 1648 816 1719 cunctationem,
840 1647 898 1709 ubi
915 1646 959 1709 ad
974 1645 1088 1729 Regis
1104 1647 1287 1709 stationem
1306 1656 1507 1729 perventum

172 1774 232 1833 est,
257 1765 379 1826 statim
403 1764 540 1827 illorum
564 1783 602 1826 se
624 1761 697 1826 fieri
721 1775 917 1845 compotem
941 1763 1140 1843 postulavit,
1165 1765 1292 1826 reiecto
1323 1765 1410 1825 inter
1432 1782 1509 1824 cae-

170 1889 244 1941 tera
267 1880 530 1963 elegantissimo
554 1880 683 1942 diensis
706 1879 901 1942 caelaturae
924 1881 1061 1953 scrinio,
1085 1881 1177 1961 quod
1197 1880 1269 1942 illic
1285 1881 1435 1961 quinque
1451 1901 1509 1942 au·

172 1997 237 2057 reis
260 1999 476 2067 aestimatur,
501 1996 655 2077 illudque
678 1997 855 2078 gossipina
879 1997 948 2058 tela
976 1997 1069 2058 aurei
1100 1998 1276 2058 semissem
1308 2016 1375 2059 non
1407 1997 1509 2059 attin·

171 2122 274 2193 gente
298 2123 506 2193 permutans.
531 2111 663 2175 Eodem
688 2111 772 2174 Rex
797 2114 953 2175 instituto
977 2115 1128 2195 pretiosa
1150 2133 1197 2175 ex
1219 2109 1378 2176 Sinarum
1401 2132 1508 2196 regno

171 2246 314 2291 munera
337 2229 554 2310 contempsit,
579 2239 612 2291 et
635 2247 724 2310 quae
747 2230 822 2291 usui
847 2248 921 2291 esse
944 2239 1084 2310 possent
1108 2230 1142 2290 in
1160 2229 1231 2291 illis
1250 2230 1405 2301 saltibus,
1420 2231 1510 2293 telas

171 2345 361 2415 contendit,
385 2363 488 2407 verus
510 2346 611 2426 pretii
636 2362 758 2416 rerum,
776 2364 844 2406 non
864 2365 910 2407 ex
933 2364 1022 2407 vana
1041 2346 1213 2425 opinione,
1229 2346 1291 2408 sed
1307 2365 1352 2407 ex
1368 2356 1509 2408 naturae

171 2460 380 2522 necessitate
404 2462 614 2524 aestimator.

260 2594 294 2653 5.
319 2575 387 2637 Die
410 2587 549 2657 postera
572 2577 683 2639 mulas
706 2587 860 2659 quatuor,
874 2596 937 2658 pro
960 2578 1025 2639 soli
1050 2577 1189 2639 modulo
1205 2577 1320 2659 lepide
1335 2579 1508 2649 instratas,
1537 2570 1858 2692 mffiillgifflgmffi

169 2692 253 2754 Rex
278 2693 420 2754 obviam
444 2692 546 2765 misit,
571 2693 694 2774 quihus
718 2693 870 2774 impositi
895 2702 1042 2774 quatuor
1060 2703 1176 2774 patres
1198 2694 1351 2756 seniores
1369 2696 1510 2776 gravius
1536 2657 1648 2764 ιιῗέιὲι.

168 2810 203 2870 in
226 2827 330 2872 suam
353 2810 584 2890 praesentiam
608 2808 850 2871 inveherentur
874 2810 963 2871 inter
985 2827 1071 2890 quos
1093 2809 1296 2871 censebatur
1311 2809 1510 2872 Patriarcha

169 2926 291 3007 magni
314 2923 429 2987 Patris
451 2926 589 2987 nomine
611 2925 756 2997 velatus,
780 2926 830 2987 sic
853 2926 944 2987 enim
967 2943 1029 3007 per
1050 2934 1162 2987 totum
1186 2923 1362 2988 Orientem
1387 2927 1426 2997 is,
1451 2927 1509 3007 qui

168 3049 321 3121 praeest,
344 3042 462 3103 vocari
484 3042 592 3103 solet:
616 3060 725 3123 eoque
750 3042 919 3103 vocabulo
942 3043 1039 3103 elusa
1066 3038 1131 3104 fuit
1155 3062 1223 3104 non
1253 3043 1365 3104 solum
1396 3040 1510 3123 Regis

167 3156 229 3218 sed
253 3154 357 3219 ducis
380 3157 610 3219 mahumetani
642 3167 676 3219 et
707 3155 913 3240 Nogueriae,
946 3176 1049 3238 quam
1073 3176 1118 3219 ex
1140 3155 1332 3240 Aethiopia
1361 3159 1510 3220 advexe·

169 3283 256 3343 rant,
283 3273 495 3353 expectati0,
519 3292 596 3335 cum
621 3274 715 3335 missi
740 3271 846 3335 fuisse
872 3273 1066 3336 dicerentur
1096 3274 1140 3336 ad
1171 3274 1362 3356 digressum
1394 3274 1512 3336 Roma

169 3386 423 3458 Patriarcham‚
448 3388 522 3448 sive
547 3385 722 3459 Abunam,
754 3389 1000 3451 deducendum.
1033 3386 1100 3469 Qui
1131 3407 1209 3450 curn
1241 3408 1359 3451 omnes
1389 3389 1510 3451 eodem

169 3504 305 3575 habitu,
340 3503 482 3575 cunctis,
507 3504 650 3575 scilicet,
673 3501 857 3566 Societatis
880 3502 958 3566 Iesu
981 3505 1129 3567 alumnis
1152 3505 1186 3565 in
1218 3502 1317 3566 India
1341 3506 1512 3567 communi

169 3623 321 3683 amictos
345 3630 532 3693 cernerent,
566 3621 777 3683 mirabantur
805 3621 925 3683 deesse
955 3622 1159 3701 promissum
1179 3640 1225 3683 ex
1251 3640 1393 3683 romana
1419 3623 1513 3684 curia

169 3735 424 3809 Patriarcham‚
448 3746 483 3798 et
508 3737 720 3819 rogantibus,
744 3736 826 3817 quid
850 3737 902 3798 illi
926 3746 1040 3798 actum
1065 3746 1165 3807 esset,
1188 3755 1391 3817 responsum
1408 3739 1512 3802 daba-

169 3872 256 3925 mus,
283 3849 480 3934 profectum
504 3851 622 3914 Roma
644 3850 808 3914 Abunam
831 3871 908 3914 cum
932 3871 1059 3934 magno
1083 3853 1190 3915 nostri
1214 3853 1333 3915 dolore
1349 3854 1383 3915 in
1400 3855 1514 3918 media

168 3968 400 4052 navigatione
423 3968 641 4041 occubuisse;
666 3967 945 4050 intelligebamus
968 3978 1092 4039 autem,
1117 3969 1255 4029 omnino
1284 3969 1327 4031 ad
1357 3971 1513 4034 veritatis

168 4086 351 4157 amussim,
377 4084 538 4147 iacobum
571 4082 708 4147 Siccum
736 4085 933 4165 episcopum
957 4083 1159 4156 Nicaenum,
1183 4083 1299 4146 Roma
1323 4086 1512 4160 dimissum,

167 4213 204 4265 et
241 4205 279 4265 in
319 4201 405 4263 mari
440 4202 640 4263 extinctum.
668 4199 756 4263 Tum
787 4219 871 4262 vero
901 4201 1010 4263 maior
1040 4200 1121 4262 illos
1155 4218 1290 4262 maeror
1318 4201 1513 4291 invadebat,

167 4338 249 4382 cum
274 4317 436 4379 viderent
471 4317 645 4399 ingentem
680 4316 797 4379 bolum
834 4336 880 4378 ex
911 4317 995 4397 ipsis
1024 4335 1113 4397 pene
1143 4313 1300 4378 faucibus
1323 4326 1513 4385 extortum:

168 4446 204 4496 et
229 4453 270 4497 se
297 4432 444 4515 magnis,
468 4451 556 4514 quae
580 4432 624 4494 ab
647 4432 709 4494 illo
732 4432 911 4494 collecturi
939 4443 1062 4503 essent,
1094 4432 1291 4494 muneribus
1321 4428 1511 4495 frustratos.

263 4552 297 4613 6.
324 4547 365 4611 In
389 4550 561 4630 cespititia
584 4558 618 4611 et
642 4551 837 4620 straminea,
854 4549 991 4630 qualem
1009 4545 1115 4610 fuisse
1131 4549 1249 4611 dicunt
1268 4548 1396 4611 Poetae
1411 4550 1513 4630 primi
1564 4538 1863 4663 ,Αῑὲὴᾛῗὲξῦῑκθ-

168 4666 419 4729 Romanorum
453 4663 573 4747 Regis,
605 4664 684 4727 aula
707 4684 788 4727 suae
822 4664 1011 4726 maiestatis
1034 4665 1298 4727 ostentationem
1322 4663 1515 4746 hospitibus
1542 4624 1587 4674 μ’
1624 4627 1671 4663 m
1773 4645 1781 4661 ⁰

169 4782 292 4847 facere
317 4779 403 4842 Rex
426 4782 461 4843 in
485 4782 636 4843 animum
659 4782 806 4844 induxit.
819 4778 1032 4843 Orbicularis
1056 4789 1129 4843 erat
1145 4778 1285 4861 figurae,
1302 4777 1396 4842 foeni
1412 4777 1515 4843 fasci·

170 4902 238 4963 bus
263 4899 381 4961 cincta
405 4907 439 4960 et
463 4906 633 4970 contecta
670 4918 690 4960 a
716 4898 792 4960 solo
823 4906 949 4959 tectum
982 4908 1053 4959 tam
1084 4915 1204 4979 parum
1236 4896 1446 4968 discedebat,
1477 4908 1514 4960 ut

169 5013 412 5086 Patriarchae,
436 5032 539 5095 quem
566 5015 719 5096 corporis
749 5015 950 5096 magnitudo
974 5035 995 5076 a
1017 5014 1163 5076 coeteris
1190 5014 1434 5095 distinguebat,
1458 5033 1515 5076 ue·

170 5150 313 5196 cessum
337 5128 441 5193 fuerit
465 5130 551 5192 illud
574 5126 778 5211 profundius
802 5130 976 5202 inclinare,
994 5149 1096 5211 quam
1112 5127 1287 5212 praefixae
1304 5147 1387 5211 erga
1402 5131 1517 5211 regias
