4066 6184
554 602 614 666 302
885 594 1160 650 axeammoms
1183 594 1445 650 aarmomcaa
1468 593 1549 649 arc.

551 750 683 813 dulenti
706 750 959 813 mendaciorum
983 759 1141 820 sartores,
1166 749 1284 812 multis
1298 749 1344 811 ob
1360 748 1509 812 nivalem
1524 748 1708 811 candorem
1729 746 1881 811 aculeum

551 866 747 933 iniecerant.
771 864 980 929 affirmantes
1002 885 1077 929 esse
1102 865 1256 948 leporum
1272 875 1306 928 et
1326 865 1533 929 camelorum
1549 865 1690 928 cerebro
1706 863 1879 927 medicata.

549 979 654 1046 *Cum
687 983 756 1046 illis
791 980 916 1053 effecit,
949 992 985 1046 ut
1016 983 1119 1046 domo
1142 1003 1203 1045 sua
1225 983 1396 1046 triticeam
1420 979 1566 1046 farinam
1589 981 1711 1046 stricto
1742 980 1881 1044 incerni·
1904 995 1989 1057 [¹⁴2³-

551 1100 630 1163 culo
653 1109 833 1183 purgatam
857 1097 1026 1172 afferrent,
1050 1118 1193 1182 eamque
1216 1120 1317 1163 manu
1341 1119 1402 1162 sua
1424 1100 1459 1162 in
1482 1099 1610 1181 pelvim
1634 1098 1825 1168 iniicerent,
1849 1109 1880 1160 et

550 1215 750 1299 pulticulam
774 1217 970 1300 subigerent
995 1226 1029 1279 et
1052 1218 1087 1278 in
1104 1228 1209 1298 typos
1232 1213 1361 1279 ferreos
1387 1215 1605 1279 coniicerent.
1621 1213 1652 1276 E
1668 1214 1880 1297 quibuscum

550 1333 795 1397 candidissima
818 1335 994 1408 exiissent,
1017 1335 1148 1416 liquido
1172 1335 1291 1418 nigrae
1318 1333 1471 1417 loliginis
1501 1351 1639 1396 succum
1670 1352 1716 1393 ex
1747 1349 1880 1393 suorum

549 1452 790 1515 monachorum
814 1462 952 1533 pectore
975 1472 1114 1515 manare
1137 1462 1381 1534 cognoverunt.

235 1585 345 1635 aenea
366 1582 523 1634 menneo·
640 1590 669 1632 2.
695 1568 856 1632 Plurimis
883 1566 1069 1632 Ozororum
1101 1570 1162 1651 (sie
1193 1568 1362 1637 dicuntur,
1392 1566 1451 1650 qui
1481 1568 1577 1650 regio
1607 1564 1775 1650 sanguine
1805 1572 1881 1627 sunt

200 1654 522 1777 ffinffimffiffiw'
548 1685 718 1768 generosi)
750 1685 785 1747 in
809 1705 912 1749 unum
936 1686 1048 1749 locum
1072 1687 1212 1755 coactis,
1236 1685 1326 1749 dixit
1353 1683 1538 1767 aliquando
1566 1685 1683 1746 mirari
1713 1702 1761 1755 se,
1791 1681 1881 1762 quod

549 1811 618 1864 tam
642 1802 820 1883 praeclara
843 1812 959 1885 styrpe
981 1802 1128 1876 oriundi,
1162 1812 1231 1865 tam
1259 1803 1440 1885 perspicua
1470 1811 1584 1865 mente
1615 1797 1761 1882 praediti
1791 1808 1826 1860 et
1848 1798 1880 1859 in

548 1917 646 1981 libris
668 1918 756 1981 adeo
779 1920 917 1991 versati,
941 1939 961 1980 a
985 1917 1161 1982 monachis
1194 1918 1364 1982 ruralibus
1395 1928 1429 1981 et
1459 1916 1627 1980 silvicolis
1656 1915 1722 1978 sibi
1754 1915 1880 1996 imponi

548 2044 753 2116 paterentur,
770 2055 807 2099 se
823 2046 859 2098 ut
875 2035 1071 2099 Romanam
1094 2033 1196 2099 fidem
1213 2036 1464 2118 amplectantur
1486 2034 1572 2096 nulli
1592 2032 1683 2096 velle
1698 2033 1880 2115 pugionem

548 2151 583 2212 in
605 2150 727 2214 vitalia
750 2153 900 2234 adigere,
923 2152 1052 2216 hortari
1083 2162 1119 2215 ut
1154 2153 1369 2225 conveniant,
1394 2171 1474 2214 suos
1505 2151 1612 2213 libros
1641 2146 1797 2219 afferant,
1826 2167 1880 2209 eo·

548 2284 622 2328 rum
646 2268 843 2331 testimonia
876 2269 1084 2352 perspiciant
1109 2279 1143 2332 et
1174 2270 1380 2351 disputando
1411 2268 1607 2338 discutiant,
1638 2274 1683 2338 et,
1707 2265 1738 2327 si
1764 2282 1879 2327 verum

546 2402 631 2456 esse,
656 2384 748 2465 quod
772 2385 846 2468 ipse
868 2386 1099 2468 praedicabat,
1123 2387 1325 2459 invenirent,
1348 2403 1469 2449 manus
1500 2385 1630 2454 darent,
1661 2381 1715 2443 sin
1746 2377 1877 2452 falsum,

547 2499 669 2564 domos
691 2519 781 2573 suas,
806 2512 842 2565 ut
866 2501 948 2565 illuc
965 2514 1190 2575 accesserant,
1206 2504 1367 2566 redirent.
1383 2502 1542 2566 Pactioni
1556 2508 1767 2563 annuerunt:
1784 2498 1878 2561 multi

547 2617 706 2681 condicta
732 2619 798 2691 die,
831 2638 893 2682 nec
923 2619 1023 2702 pauci
1053 2641 1099 2683 ex
1128 2621 1261 2684 vicanis
1290 2628 1539 2691 convenerunt;
1571 2637 1657 2701 quos
1687 2617 1777 2679 inter
1807 2614 1878 2678 Ras

545 2753 662 2797 senem
686 2754 793 2818 prope
816 2736 1125 2821 septuagenarium,
1149 2757 1170 2799 a
1191 2735 1259 2799 fide
1281 2735 1447 2799 hactenus
1470 2734 1712 2798 abhorrentem
1741 2742 1777 2795 et
1801 2749 1877 2814 prae

546 2861 638 2913 metu
661 2851 850 2932 pallentem
872 2862 1115 2935 nutantemque
1138 2853 1328 2934 conspexit.
1345 2848 1410 2914 Cui
1426 2850 1500 2914 ille:
1516 2848 1619 2932 Quid,
1635 2849 1758 2931 inquit,
1773 2858 1875 2930 pater,

546 2966 785 3031 exhorrescis?
807 2969 873 3032 huc
897 2970 1033 3033 accede.
1057 2966 1127 3032 Sed
1150 2988 1229 3032 cnm
1251 2987 1360 3032 sem
1382 2967 1543 3032 timorenn
1564 2986 1633 3030 nou
1653 2974 1805 3035 exureret,
1820 2964 1876 3027 sad

545 3083 678 3164 perdite
698 3083 780 3148 totis
795 3083 927 3148 artibus
942 3087 1229 3158 contremisceret,
1246 3084 1323 3148 Ras
1338 3104 1358 3148 e
1373 3083 1536 3148 cathedra
1551 3083 1775 3154 exscendens,
1792 3101 1875 3153 eum,

545 3201 581 3262 in
605 3200 701 3263 illam
735 3203 908 3265 transtulit
939 3213 976 3265 ut
1008 3201 1167 3266 omnibus
1197 3200 1413 3284 praedicator
1443 3210 1533 3263 esset
1564 3219 1604 3264 ac
1635 3197 1812 3282 magister.
1833 3196 1876 3262 Et

546 3315 694 3379 collecto
718 3318 786 3379 iam
810 3317 925 3381 animo
948 3318 1126 3400 paululum
1150 3316 1380 3381 refocillatum
1403 3318 1538 3390 videns,
1553 3317 1604 3380 sic
1627 3315 1791 3379 adeum:
1814 3314 1876 3377 Per

544 3451 620 3494 eam
644 3434 813 3496 rationem
835 3455 937 3517 quam
961 3437 1030 3499 cito
1053 3436 1205 3498 omniurn
1229 3437 1335 3498 iudici
1358 3433 1434 3497 Deo
1458 3433 1653 3497 redditurus
1676 3452 1725 3503 es,
1755 3442 1791 3496 te
1820 3432 1875 3494 ob·

544 3558 662 3621 testor,
686 3560 722 3613 ut
745 3570 847 3614 manu
871 3562 1009 3616 sanctae
1038 3551 1118 3615 huic
1141 3552 1233 3614 cruci
1265 3553 1436 3634 imposita,
1466 3551 1558 3613 iures
1580 3569 1664 3612 vera
1693 3558 1729 3612 te
1759 3545 1874 3610 effatu·

544 3684 629 3738 rum,
654 3674 689 3728 et
711 3677 749 3729 ut
772 3687 894 3731 caecus
915 3668 972 3731 hic
995 3668 1154 3751 popellus
1176 3669 1220 3731 ab
1244 3669 1425 3741 erroribus,
1442 3666 1567 3749 quibus
1586 3666 1750 3737 obruitur,
1770 3681 1873 3727 emer·

544 3792 604 3863 gat
628 3802 674 3844 ex
697 3784 799 3846 corde
816 3794 1019 3848 curaturum.
1037 3784 1138 3849 Cruci
1165 3804 1302 3848 manum
1318 3784 1379 3846 ille
1394 3784 1559 3856 admovit,
1575 3791 1611 3845 et
1626 3802 1703 3845 cum
1720 3780 1873 3844 inchoata

545 3907 635 3960 esset
659 3896 849 3980 disputatio
872 3900 1019 3983 plurima
1041 3902 1248 3975 testimonia,
1272 3920 1360 3984 quae
1384 3919 1484 3963 nemo
1508 3899 1636 3964 elidere
1666 3908 1813 3982 poterat,
1842 3896 1871 3960 in

543 4015 701 4081 veritatis
724 4016 1016 4080 confirmationem
1043 4016 1250 4100 proferebat.
1282 4015 1412 4081 Omnes
1442 4028 1561 4098 stupor
1591 4016 1752 4098 pervasit
1783 4014 1872 4077 Tunc

544 4134 637 4198 Ras:
663 4134 763 4208 Nolo,
789 4133 909 4214 inquit,
933 4132 1056 4196 iudicis
1079 4144 1193 4216 partes
1216 4133 1301 4197 mihi
1324 4152 1495 4217 arrogare,
1520 4152 1583 4196 nec
1602 4132 1762 4215 cuiquam
1787 4148 1872 4193 meo·

544 4270 619 4314 rum
643 4249 786 4314 deferre.
811 4249 885 4313 Vos
908 4250 975 4331 ipsi
999 4249 1155 4313 iudicate.
1180 4247 1289 4322 Unus,
1311 4251 1371 4333 qui
1394 4250 1545 4312 omnium
1564 4249 1661 4311 velut
1677 4258 1781 4330 caput
1796 4254 1871 4315 erat.

543 4367 650 4430 dixit:
674 4364 889 4431 Sententiam
913 4386 976 4449 pro
1000 4366 1160 4429 Romana
1183 4362 1250 4429 fide
1273 4386 1294 4429 a
1316 4386 1398 4429 sene
1419 4366 1586 4448 producta
1603 4340 1768 4428 librorum
1785 4363 1871 4427 testi·

544 4484 659 4546 monia
681 4485 839 4558 tulerunt,
864 4483 981 4546 Unum
1004 4482 1105 4556 addo,
1126 4483 1311 4546 monachos
1327 4491 1462 4546 nostros
1477 4480 1629 4544 sitmiles
1643 4498 1721 4544 esse
1737 4480 1871 4544 canibus
1893 4480 1961 4539 tm

542 4599 586 4660 ad
610 4599 760 4680 palearia
784 4599 1027 4672 desidentibus
1052 4601 1110 4682 qui
1134 4618 1196 4660 nec
1220 4599 1286 4679 ipsi
1313 4599 1421 4679 paleis
1450 4609 1645 4669 vescuntur,
1677 4616 1742 4661 nec
1770 4597 1870 4660 boves
1906 4646 1911 4657 .

543 4724 702 4787 aratores
726 4716 878 4801 mordaci
901 4735 1037 4798 semper
1060 4714 1194 4787 latratu,
1212 4714 1254 4776 iis
1274 4713 1367 4777 vesci
1383 4715 1567 4796 patiuntur,
1584 4723 1620 4777 et
1635 4733 1699 4777 nos
1713 4713 1870 4777 hactenus

542 4832 705 4912 deceptos
727 4833 964 4905 traduxerunt,
987 4834 1167 4894 veritatem
1190 4831 1278 4893 adeo
1302 4828 1520 4894 manifestam
1543 4829 1661 4892 multis
1682 4829 1869 4892 mendacio·

542 4965 615 5009 rum
640 4948 826 5010 involucris
849 4948 1060 5010 obvelantes.
1086 4946 1155 5009 Hic
1179 4967 1224 5009 ex
1248 4968 1289 5009 eo
1312 4955 1410 5009 caetu
1434 4944 1644 5017 Timotheus,
1672 4944 1772 5027 regio
1801 4962 1869 5006 san·

542 5062 644 5143 guine
667 5063 790 5135 clarus,
814 5065 874 5127 sed
898 5064 1018 5126 eodem
1041 5073 1162 5143 postea
1189 5064 1222 5125 in
1253 5060 1332 5124 fidei
1362 5059 1596 5125 defensionem
1627 5058 1740 5123 effuso
1771 5060 1870 5122 multo

540 5178 746 5258 praeclarior
769 5188 802 5241 et
826 5198 931 5241 senex
955 5178 1195 5260 disputationis
1218 5198 1359 5261 praeses
1382 5198 1458 5241 cum
1482 5178 1639 5260 pluribus
1661 5176 1742 5240 aliis
1761 5193 1868 5239 eorum
