4058 6178
683 2249 873 2326 CAPUT
901 2251 972 2325 VI.

157 2541 328 2638 Quanta
347 2541 468 2617 fuerit
484 2552 580 2638 post
597 2545 820 2619 adventum
834 2543 1104 2618 patriarchae
1121 2543 1217 2618 fidei
1230 2528 1489 2640 propagatio.

253 2908 283 2951 ι.
307 2886 357 2951 Ut
379 2898 462 2960 sata,
487 2889 702 2970 tempestivis
725 2888 892 2952 imbribus
914 2890 948 2952 in
972 2891 1105 2953 radices
1127 2888 1281 2971 appulsis
1310 2899 1492 2972 properato
1555 2902 1668 2950 Panum
1683 2897 1838 2949 orderico·

158 3002 346 3083 pullulant,
370 3001 524 3067 italides
547 3004 738 3087 principum
761 3000 1109 3088 favoribusirrigate„
1134 3004 1246 3087 Igitur
1273 3013 1352 3086 post
1382 3004 1492 3086 publi·
1520 2985 1581 3022 ω
1604 2968 1764 3021 mum

157 3135 233 3181 cam
260 3119 369 3200 ipsius
392 3120 426 3182 in
449 3119 528 3182 aula
550 3117 811 3201 professionem,
834 3119 1014 3183 iuramenti
1041 3117 1215 3183 fidelitatis
1235 3121 1492 3201 conceptionem

159 3245 195 3297 et
219 3236 315 3297 iacta
337 3236 382 3297 ad
403 3235 574 3318 regiorum
598 3246 837 3318 tympanorum
869 3256 908 3298 ac
936 3237 1092 3299 tubarum
1121 3237 1267 3299 sonitum
1299 3238 1491 3318 praeconia,

159 3350 286 3412 mirum
310 3349 345 3411 in
369 3351 507 3413 modum
529 3348 691 3414 Romana
714 3348 789 3414 visa
811 3360 863 3414 est
885 3350 1013 3434 augeri,
1040 3351 1122 3432 quin
1151 3351 1329 3434 quisquam
1360 3368 1493 3414 errores

157 3463 424 3528 Alexandrinos
438 3482 655 3549 propugnare
670 3475 728 3529 aut
744 3466 815 3528 illis
829 3467 944 3548 palam
960 3465 1153 3529 abblandiri
1165 3466 1313 3530 auderet.
1326 3464 1372 3528 Et
1384 3466 1492 3537 multi,

157 3580 376 3644 exuberante
398 3581 465 3643 iam
496 3583 710 3645 sacerdotum
742 3600 883 3645 numero
912 3580 1038 3663 (patres
1067 3582 1158 3644 enim
1187 3578 1370 3646 Societatis
1396 3591 1493 3645 erant

157 3697 296 3780 septeni
319 3715 423 3777 supra
445 3697 553 3759 denos
575 3707 609 3760 et
631 3698 824 3779 presbyteri
847 3716 868 3758 a
891 3696 1088 3761 Patriarcha
1110 3698 1257 3761 ordinati
1280 3697 1420 3761 vicenos
1439 3717 1493 3760 su·

156 3810 350 3895 perabant),
373 3831 410 3874 se
432 3812 476 3875 ad
499 3811 637 3874 illorum
660 3831 759 3876 aures
781 3814 932 3895 peccatis
954 3815 1198 3887 exonerabant‚
1220 3824 1255 3878 et
1281 3814 1398 3877 divina
1427 3811 1492 3897 Sy·

158 3929 245 3992 naxi
270 3927 477 3992 muniebant.
500 3925 569 4009 Qui
591 3947 674 3990 vero
696 3948 811 3991 eorum
835 3939 1124 3991 sacramentorum
1147 3940 1321 4012 compotes
1336 3949 1410 3993 esse
1424 3948 1492 3991 non

158 4052 323 4126 poterant
356 4044 401 4105 ob
434 4043 648 4106 sacerdotum
682 4044 982 4127 intercapedinem,
1006 4046 1050 4106 ad
1080 4046 1302 4108 medicinales
1329 4045 1493 4127 baptismi

158 4178 271 4240 aquas
294 4159 527 4230 accurrebant,
550 4160 595 4223 ob
610 4161 823 4241 probabilem
840 4160 874 4222 in
890 4160 992 4242 primi
1006 4162 1233 4242 susceptione,
1248 4164 1295 4224 ex'
1309 4180 1410 4224 verae
1426 4158 1493 4223 for·

159 4293 239 4339 mae
263 4274 467 4358 ignorantia,
490 4293 651 4338 errorem.

255 4409 284 4453 2.
308 4388 601 4473 Quadragesimae
624 4391 825 4454 ieiunandae
848 4393 981 4454 initium
1005 4389 1133 4454 factum
1156 4404 1208 4455 est
1231 4411 1251 4453 a
1274 4389 1360 4455 feria
1374 4398 1494 4474 quarta
1547 4403 1666 4464 menae
1684 4400 1841 4451 uddonis·

160 4506 335 4577 Cinerum,
359 4525 437 4568 cum
459 4517 561 4570 antea
583 4508 799 4571 inchoaretur
821 4527 842 4569 a
865 4505 951 4570 feria
974 4509 1214 4590 secundapost
1230 4508 1493 4590 sexagesimam,
1520 4474 1572 4523 ω
1592 4470 1768 4524 mmm

160 4624 209 4685 ob
232 4622 388 4693 sabbata,
411 4623 535 4704 quibus
558 4624 603 4687 ab
625 4622 718 4686 omni
741 4641 845 4705 opere
867 4623 994 4695 servili,
1019 4643 1087 4686 non
1110 4633 1225 4686 tamen
1243 4623 1347 4685 etiam
1363 4624 1399 4685 iu
1413 4642 1494 4705 qua·

162 4738 370 4822 dragesima,
393 4758 413 4800 a
437 4738 525 4801 cibis
547 4742 720 4803 consuetis
742 4740 987 4803 abstinebatur.
1011 4738 1051 4802 In
1075 4739 1242 4803 Paschate
1265 4740 1314 4802 sic
1337 4758 1358 4801 a
1381 4737 1494 4801 rituali

163 4872 285 4917 norma
307 4853 521 4926 deerrabant,
546 4863 592 4927 ut,
616 4872 692 4917 cum
716 4866 869 4918 nostrum
903 4874 993 4918 anno
1023 4855 1197 4937 superiore
1229 4854 1366 4917 ineunte
1396 4853 1495 4936 aprili

164 4970 378 5034 celebratum
407 4966 521 5042 fuerit,
553 4988 670 5034 eorum
694 4967 864 5034 festivitas
887 4973 921 5034 in
946 4972 1072 5034 maium
1095 4971 1140 5033 sit
1162 4980 1344 5053 protracta.
1369 4966 1496 5033 Sacrae

37 5085 55 5134 l·
72 5100 138 5153 ssu.
163 5085 403 5149 hebdomadae
425 5084 538 5150 officia
561 5108 582 5150 a
611 5085 810 5150 Patriarcha
839 5088 906 5150 ritu
937 5084 1125 5167 pontificali
1148 5085 1362 5169 *peragenda
1384 5084 1495 5165 Impe-

165 5212 318 5266 ratorem
341 5210 376 5264 et
398 5202 511 5265 aulam
534 5204 727 5267 universam
753 5204 787 5266 in
810 5202 965 5266 Ganetae
988 5202 1066 5265 Iesu
1087 5204 1254 5285 templum
1285 5201 1497 5265 exciverunt.
