4066 6174
618 2141 805 2218 CAPUT
835 2142 1022 2217 XXXIV.

315 2398 429 2513 Quae
457 2399 651 2495 deinceps
678 2399 895 2474 evenerint
921 2421 1045 2498 usque
1073 2400 1127 2475 ad
1153 2409 1329 2475 mortem

495 2532 757 2628 imperatoris
783 2533 928 2610 Seltan
956 2533 1144 2630 Seguedi.

246 2873 271 2915 ι.
297 2851 470 2934 Apertum
493 2851 685 2916 catholiciis
708 2853 838 2917 bellum
861 2854 1022 2926 indicere,
1044 2854 1136 2937 quod
1159 2853 1276 2935 plures
1310 2862 1425 2917 essent
1455 2863 1489 2917 et

154 2989 198 3031 ex
221 2967 425 3032 clarioribus
447 2970 611 3051 plerique,
636 2988 718 3052 prae
742 2978 834 3031 metu
858 2969 932 3032 ausi
955 2988 1022 3031 non
1043 2977 1121 3031 sunt
1137 2968 1273 3031 illorum
1290 2968 1488 3032 adversarii.

153 3084 343 3166 Imperator
358 3086 448 3148 enim
464 3104 600 3169 semper
614 3087 799 3168 explanate
815 3087 968 3157 asseruit,
985 3085 1130 3147 liberum
1155 3084 1278 3166 cuique
1294 3105 1369 3148 esse
1385 3105 1488 3167 quam

153 3200 259 3264 vellet
288 3198 392 3264 fidem
422 3199 583 3284 profiteri.
615 3200 712 3264 Idem
742 3202 845 3264 etiam
881 3201 1063 3283 aliquoties
1090 3200 1255 3283 Princeps
1289 3199 1489 3276 affinnabat,

153 3335 359 3397 quamquam
384 3317 453 3380 cito
482 3319 592 3400 patuit
615 3318 709 3380 illius
739 3336 799 3379 cor
833 3317 969 3399 penitus
1000 3317 1035 3380 in
1064 3317 1271 3380 haereticam
1302 3316 1489 3380 factionem

152 3434 376 3515 propendere.
393 3433 534 3497 Publice
557 3435 592 3498 in
617 3434 742 3497 nostris
763 3435 902 3516 templis
920 3452 1018 3496 sacra
1042 3431 1252 3496 faciebamus
1275 3444 1309 3496 et
1326 3435 1369 3496 ad
1392 3452 1489 3515 prae-

153 3549 273 3630 cipuos
288 3548 534 3612 catholicorum
558 3552 602 3613 ad
617 3569 658 3613 ea
681 3548 890 3613 confluentes
906 3551 1089 3613 conciones
1104 3549 1324 3613 habebamus.
1341 3549 1489 3613 Patriar-

153 3663 218 3725 cha
240 3666 396 3745 sequenti
420 3665 601 3738 dominica,
626 3685 713 3747 quae
737 3663 801 3727 fuit
824 3675 944 3746 quarta
967 3675 1045 3747 post
1061 3664 1312 3737 Pentecostem,
1337 3666 1372 3728 in
1396 3664 1490 3727 illius

152 3779 383 3863 evangelium,
408 3780 451 3843 de
466 3777 594 3844 Christi
611 3800 753 3844 ascensu
769 3780 807 3843 in
821 3801 927 3844 unam
942 3780 1066 3852 namin,
1083 3801 1167 3865 quae
1182 3785 1258 3845 crat
1271 3779 1423 3844 Simonis
1435 3782 1488 3864 (ι),

152 3896 384 3968 concionatus,
408 3896 597 3978 generatim
620 3897 778 3967 advertit,
809 3893 984 3959 Christum
1007 3897 1042 3957 in
1067 3916 1168 3959 unam
1196 3898 1321 3969 navim,
1349 3898 1490 3959 unitatis

151 4010 259 4091 ipsius
283 4011 458 4092 mysteri0,
482 4012 603 4092 pedem
635 4011 807 4083 intulisse;
831 4011 920 4073 hanc
947 4031 1029 4074 vero
1060 4010 1167 4076 fuisse
1197 4014 1313 4076 navim
1337 4010 1489 4075 Simonis

152 4126 255 4197 Petri,
272 4122 464 4190 Ecclesiam
480 4127 614 4190 scilicet
629 4124 825 4188 Romanam
838 4145 937 4207 equa
956 4128 1078 4190 sedens
1097 4129 1214 4191 turbas
1233 4129 1396 4200 docuerit,
1409 4127 1490 4210 quia

152 4241 186 4303 in
203 4241 299 4303 nulla
314 4242 383 4305 alia
398 4243 556 4306 stabilem
573 4243 689 4305 sedem
707 4238 836 4315 defixit,
854 4262 915 4304 nec
932 4240 1127 4306 infallibilis
1150 4245 1305 4307 veritatis
1327 4244 1490 4327 dogmata

150 4354 314 4438 profudit,
339 4377 401 4420 nec
424 4358 484 4420 alii
507 4359 614 4420 dixit:
650 4356 727 4419 Duc
750 4358 785 4419 in
817 4358 922 4419 altum
946 4358 1122 4422 doctrinae
1152 4371 1186 4423 et
1211 4360 1488 4441 disputationum,

150 4472 211 4535 sed
223 4482 377 4536 coeteras
393 4476 437 4535 ab
452 4494 493 4537 ea
510 4475 663 4537 divulsas
679 4482 806 4536 certum
823 4482 876 4535 est
891 4474 1045 4554 syrtibus
1060 4476 1210 4546 haerere,
1227 4485 1261 4537 et
1277 4494 1336 4537 ore
1347 4477 1489 4557 proprio

150 4585 263 4661 fateri,
286 4607 323 4651 se
348 4589 381 4652 in
406 4592 557 4653 tenebris
589 4608 701 4673 agere,
727 4589 812 4651 nihil
845 4588 990 4671 piscium
1014 4591 1234 4672 prehendere,
1259 4602 1293 4654 et
1316 4592 1487 4654 incassum

151 4703 318 4776 laborare,
342 4725 429 4777 cum,
453 4726 494 4768 eo
519 4707 669 4778 absente,
692 4707 857 4768 clament:
882 4705 1039 4779 Domine,
1058 4710 1244 4789 pertulum
1260 4711 1385 4770 noctem
1400 4705 1489 4769 labo·

151 4824 269 4883 rantes
282 4819 379 4884 nihil
390 4820 536 4905 capimur
552 4820 607 4904 (2).
631 4820 671 4884 In
687 4820 781 4883 Petri
797 4822 956 4884 navicula
971 4822 1145 4902 copiosam
1162 4840 1236 4883 esse
1253 4823 1487 4902 piscationem,

151 4937 212 4998 sed
234 4935 419 5018 aliquando
443 4938 528 5000 retia
543 4939 762 5020 grandiorum
785 4935 930 5019 piscium
955 4937 1231 5000 tumultuantium
1252 4936 1349 5011 rixis,
1366 4956 1488 5020 nempe

238 5182 281 5252 (1)
299 5185 370 5243 Luc,
392 5191 415 5249 5,
436 5200 460 5236 n.
480 5195 503 5249 3.
531 5213 557 5221 -
577 5184 616 5253 (ε)
635 5185 713 5243 Ibid„
733 5200 758 5238 o.
778 5198 803 5253 4.
